3950 6200
291 392 351 453 271

563 552 699 615 CAPUT
723 552 810 612 Vlll.

330 677 423 742 Quod
436 676 567 749 fraires
580 689 649 737 nort
665 675 836 749 recipiant
848 676 1042 748 pamniam.

331 807 489 869 Dominus
507 806 666 884 praecepit
687 806 722 867 in
741 806 948 882 Evangelio:
970 806 1084 867 Videte

290 905 323 967 ei
347 906 464 967 cavete
490 907 532 965 ab
559 907 654 965 omiti
680 905 825 974 matitia,
858 902 891 965 et
918 903 1082 965 auaritia.

290 1000 413 1079 (Lucae,
430 1017 491 1073 x11,
510 1001 574 1081 15.)
592 1004 630 1062 Et
644 1000 803 1063 attendite
818 1000 911 1061 robis
927 1016 947 1061 a
962 998 1084 1060 sollici-

289 1098 460 1159 tudinihus
488 1098 588 1178 hujus
615 1098 741 1167 saeculi,
769 1102 802 1160 et
828 1113 847 1159 a
871 1097 961 1161 curis
984 1097 1083 1174 hujus

288 1197 377 1258 vitae.
395 1197 490 1258 Unde
504 1198 617 1256 nullus
638 1196 789 1266 fratrum,
807 1195 1005 1272 ubicumque
1027 1195 1081 1265 sii,

288 1295 322 1355 et
336 1310 542 1371 quocumque
556 1293 658 1363 vadit,
671 1293 891 1371 aliquomodo
903 1292 1008 1364 tollat,
1022 1308 1084 1353 nec

288 1391 440 1466 recipiat,
470 1407 532 1452 uec
560 1390 664 1467 recipi
688 1388 791 1451 iaciat
814 1390 1001 1467 pecuniam,
1027 1391 1083 1450 aut

289 1488 463 1562 denarios3
501 1504 562 1549 nec
588 1489 765 1550 occasione
797 1487 1080 1558 vestimentorum,

288 1600 351 1646 nec
369 1585 541 1658 librorum,
564 1601 625 1646 nec
649 1600 709 1662 pro
730 1584 835 1661 pretio
860 1585 1003 1661 alicuius
1028 1584 1082 1643 la-

288 1681 397 1754 boris;
426 1682 493 1744 imo
521 1682 614 1742 nulla
643 1682 830 1754 occasione,
857 1682 923 1742 nisi
949 1684 1084 1758 propter

288 1779 499 1841 manifestam
524 1780 757 1842 necessitatem
780 1779 989 1840 infirmorum
1009 1778 1082 1838 ira-

233 1883 235 1886 ’
288 1879 392 1950 trum;
409 1878 486 1954 quia
506 1893 572 1938 non
596 1876 753 1937 debemus
775 1879 935 1954 majorem
955 1875 1084 1936 ulilita-

287 1975 354 2036 iem
370 1973 504 2046 habere,
526 1976 560 2035 et
578 1975 733 2051 reputare
753 1973 787 2033 in
809 1972 951 2051 pecunia
972 1973 1006 2033 et
1024 1971 1084 2031 de-

288 2071 393 2132 nariis
408 2088 507 2149 quam
522 2072 556 2132 in
572 2070 750 2148 lapidibus.

329 2170 368 2230 Et
382 2168 458 2229 illos
474 2169 545 2229 vult
559 2168 710 2229 diabolus
734 2168 913 2240 obcaecare,
937 2166 994 2244 qui
1009 2181 1082 2227 eam

287 2268 457 2345 appetunt,
470 2260 529 2327 ‘vel
550 2267 705 2343 reputant
717 2264 882 2343 lapidibus
897 2266 1080 2325 meliorem.

199 2370 204 2379 ’
288 2366 471 2425 Careamus
483 2380 573 2440 ergo,
590 2364 668 2440 quia
681 2363 794 2424 omnia
815 2362 1022 2439 reliquimus,
1040 2376 1082 2421 ne

287 2458 1078 2539 protammodicoregnumcoelorumperdamus.

286 2561 326 2620 m
341 2560 370 2619 si
383 2558 417 2621 in
438 2559 550 2636 aliquo
570 2557 643 2619 loco
666 2555 894 2618 invenerimus
913 2556 1079 2627 denarios,

288 2656 328 2718 de
341 2655 394 2719 his
411 2671 478 2716 non
496 2669 661 2724 curemus,
683 2654 850 2729 tamquam
870 2652 910 2714 de
930 2653 1078 2730 pulvere,

288 2768 387 2830 quern
402 2750 736 2830 pedibuscalcamus;
754 2750 831 2826 quia
846 2749 1082 2811 vanitasvani·

286 2854 404 2920 tatum,
425 2849 458 2909 et
475 2848 585 2908 omnia
609 2849 752 2908 vanitas.
775 2849 814 2908 Et
833 2846 861 2906 si
880 2845 963 2908 forte
980 2845 1079 2925 (quod

287 2944 388 3025 absit)
405 2945 549 3023 aliquem
565 2945 700 3006 tratrem
716 2944 891 3019 contigerit
906 2943 1081 3022 pecuniam

287 3043 341 3105 vel
360 3043 515 3105 denarios
537 3042 706 3118 colligere,
722 3038 775 3103 vel
796 3041 929 3114 habere,
942 3042 1080 3119 excepta

288 3141 494 3206 solummodo
521 3141 679 3218 praedicta
701 3141 908 3201 infirmorum
928 3141 1080 3212 necessi-

285 3241 374 3314 tate;
393 3254 508 3300 omnes
526 3235 647 3304 fratres
670 3239 807 3300 teneant
832 3252 907 3298 eum
921 3253 980 3314 pro
996 3236 1080 3297 ialso

287 3336 400 3404 fratre,
410 3336 533 3407 silure,
547 3336 726 3406 etlatrone‚
742 3337 775 3397 et
786 3334 911 3396 loculos
925 3333 1078 3404 habente,

286 3434 353 3496 nisi
367 3447 446 3495 vere
461 3433 660 3510 poenituerit.
679 3435 718 3494 Et
733 3433 824 3492 nullo
840 3433 936 3493 modo
961 3431 1080 3491 iratres

285 3531 461 3609 recipiant,
480 3546 542 3592 nec
563 3530 666 3608 recipi
682 3530 817 3600 iaciant,
839 3545 900 3590 nec
916 3530 1078 3607 quaerant,

285 3645 350 3692 neo
369 3629 472 3707 quaeri
494 3628 620 3689 iaciant
643 3629 829 3704 pecuniam,
853 3625 906 3688 vel
931 3625 1079 3687 eleemo-

286 3743 414 3805 synam,
427 3741 488 3787 nec
503 3726 656 3786 denarios
670 3741 730 3801 pro
741 3723 1078 3802 aliquibusdomibus

285 3824 340 3886 vel
355 3824 448 3892 locis,
463 3838 524 3883 nec
541 3839 615 3883 cum
635 3837 789 3898 persona,
806 3837 866 3897 pro
886 3819 1010 3883 talibus
1025 3820 1079 3881 lo-

286 3922 335 3984 cis
359 3920 533 3997 pecuniam
559 3920 609 3979 vel
633 3918 787 3980 denarios
810 3920 990 3997 quarente,
1016 3933 1079 3978 va-

286 4019 377 4079 dant.
402 4017 476 4081 Alia
500 4019 608 4078 autem
636 4013 784 4088 servitia,
811 4032 884 4094 quae
909 4030 975 4076 non
1005 4017 1082 4076 sunt

286 4115 455 4178 contraria
477 4114 555 4178 vitae
578 4116 712 4182 nostrae,
744 4117 883 4189 possunt
903 4112 1024 4173 iratres
1046 4111 1081 4171 in

285 4212 410 4276 talibus
431 4212 515 4272 locis
540 4208 651 4275 facere
667 4227 742 4274 cum
763 4205 995 4271 benedictione
1009 4209 1079 4269 Dei.

288 4313 423 4373 Fratres
451 4313 562 4371 tamen
597 4309 633 4369 in
669 4307 844 4368 manifesta
883 4306 1081 4367 necessitate

287 4409 505 4486 leprosorum,
522 4408 661 4484 possunt
682 4422 741 4483 pro
763 4405 812 4465 eis
827 4419 977 4482 quaerere
991 4403 1081 4464 elee-

287 4501 1079 4583 mosynam.Caveanttamenmultumapeounia.

290 4603 450 4664 Similiter
465 4603 606 4664 caveant
620 4615 736 4660 omnes
747 4598 879 4670 iratres,
897 4614 939 4660 ne
947 4614 1007 4677 pro
1019 4597 1083 4662 ali-

288 4717 354 4781 quo
368 4700 458 4776 turpi
467 4697 560 4758 lucro
576 4700 685 4759 terras
698 4695 914 4757 circumeant.

576 4867 713 4926 CAPUT
741 4866 797 4924 lx.

455 4995 507 5053 Dc
526 4990 676 5065 petendo
698 4994 921 5063 clcmnospna.

328 5128 448 5184 Omnes
471 5121 592 5182 iratres
613 5120 769 5182 studeant
788 5119 883 5196 sequi
906 5118 1081 5182 humilita-

288 5224 354 5283 tem
378 5222 411 5281 et
443 5219 671 5295 paupertatem
708 5217 840 5277 Domini
868 5216 974 5278 nostri
1001 5219 1081 5279 iesu

288 5316 429 5390 Christi;
455 5320 489 5378 et
515 5315 743 5383 recordentur,
769 5313 856 5390 quod
880 5313 964 5375 nihil
991 5313 1081 5374 aliud

286 5417 417 5490 oportet
438 5429 498 5475 nos
522 5412 647 5474 habere
674 5412 715 5472 de
736 5413 805 5472 toto
826 5410 968 5482 mundo;
991 5410 1082 5470 sicut

288 5512 370 5573 dicit
393 5511 571 5589 Apostolus
599 5528 606 5570 ;
634 5510 809 5571 Habentes
836 5508 1018 5578 alimenta,
1048 5509 1081 5568 ei

288 5612 408 5684 orimus
449 5610 629 5685 tegamur,
671 5609 726 5667 hta
765 5605 917 5668 conuenit
957 5608 1079 5667 mnam.

290 5708 318 5788 (l
332 5707 428 5780 Tim,
444 5722 493 5777 vi,
513 5704 558 5784 8).
580 5706 619 5765 Et
642 5703 762 5763 debent
784 5701 930 5776 gaudere
949 5700 1081 5778 quando

727 393 759 452 S.
783 391 1003 453 FRANCISCI
1025 391 1251 453 ASSISIATlS
1272 390 1512 454 OPUSCULA.‘
1837 401 1881 463 ra

1138 552 1378 613 conversantur
1392 552 1480 614 inter
1490 551 1574 613 viles
1589 553 1620 613 et
1631 551 1787 631 despectas
1797 572 1883 633 perso

1138 664 1211 719 nas,
1228 648 1316 709 inter
1336 665 1498 726 pauperes
1524 652 1558 711 et
1577 647 1709 723 debiles,
1724 652 1883 715 infirmoset

1138 746 1300 822 leprosos,
1330 747 1363 807 et
1388 749 1486 823 juxta
1515 748 1603 807 viam
1628 748 1840 810 mendicantes.
1856 754 1884 812 itt

1139 859 1212 903 crim
1224 858 1361 905 necesse
1371 842 1482 916 tuerit,
1491 844 1615 906 vadant
1623 860 1679 921 pro
1690 845 1881 922 eleemosynis,

1137 942 1171 1000 et
1185 954 1250 1000 non
1263 941 1537 1011 verecundentur,
1559 942 1592 1001 et
1614 941 1716 1016 magis
1737 941 1884 1002 recorden-

1137 1036 1289 1113 tur,quia
1299 1036 1456 1099 Dominus
1470 1040 1582 1099 noster
1599 1040 1695 1100 iesus
1714 1037 1885 1098 Christusn-

1138 1133 1205 1193 lius
1230 1134 1289 1194 Dei
1306 1134 1373 1195 vivi
1394 1134 1641 1211 omnipotentis,
1669 1134 1773 1211 posuit
1793 1133 1886 1195 facien

1138 1247 1245 1302 suam,
1263 1234 1434 1308 utpetram
1449 1232 1673 1302 durissimam,
1688 1247 1745 1292 nec
1757 1246 1886 1293 verecun-

1137 1328 1234 1390 datus
1247 1332 1307 1395 est,
1323 1331 1357 1391 et
1371 1329 1431 1391 tuit
1445 1345 1581 1406 pauper,
1598 1331 1632 1390 et
1648 1329 1772 1405 hospes,
1786 1328 1888 1389 etvini

1137 1426 1178 1487 de
1192 1425 1410 1503 eleemosynis
1425 1426 1553 1507 ipsust
1564 1425 1662 1487 beata
1675 1426 1782 1499 Virgo,
1794 1426 1822 1485 et
1832 1423 1887 1483 dis·

1138 1525 1241 1601 cipuli
1266 1527 1348 1602 eius.
1366 1522 1500 1596 Quando
1524 1523 1673 1584 iacerent
1700 1521 1746 1582 eis
1768 1520 1888 1581 homines

1137 1622 1383 1693 verecundiam,
1408 1624 1440 1684 et
1453 1620 1579 1681 nollent
1603 1618 1654 1681 eis
1672 1619 1749 1679 dare
1770 1616 1888 1677 eleemo-

1136 1735 1265 1796 synam,
1286 1719 1434 1781 reierant
1455 1720 1532 1781 inde
1551 1718 1678 1795 gratias
1690 1714 1842 1791 Deo,quia
1859 1712 1888 1772 de

1136 1816 1344 1877 verecundiis
1378 1817 1537 1894 recipient
1575 1831 1730 1892 magnum
1760 1812 1889 1875 honorem

1136 1918 1213 1974 ante
1227 1914 1371 1975 tribunal
1387 1914 1515 1975 Domini
1531 1914 1636 1975 nostri
1646 1916 1724 1977 iesu
1736 1909 1852 1972 Christi.
1863 1910 1891 1968 ll

1136 2011 1242 2073 sciant
1268 2011 1354 2090 quod
1381 2011 1582 2075 verecundia
1608 2027 1676 2072 non
1708 2005 1889 2087 patientibus,

1136 2107 1193 2169 sed
1214 2107 1434 2169 inserentibus
1455 2108 1647 2186 imputatur.
1664 2106 1891 2179 Eteleemosyue

1135 2207 1186 2266 est
1199 2204 1388 2277 haereditas,
1402 2208 1436 2267 et
1448 2206 1589 2282 iustitia,
1607 2221 1682 2282 quae
1699 2202 1824 2264 debetur
1836 2214 1893 2276 pau·

1136 2302 1285 2378 peribus,
1313 2318 1412 2378 quam
1444 2302 1539 2363 nobis
1562 2301 1741 2379 acquisivit
1766 2296 1893 2360 Dominus

1136 2402 1247 2461 noster
1256 2401 1352 2462 iesus
1362 2398 1523 2459 Christus.
1532 2400 1570 2460 et
1582 2398 1705 2459 iratres
1716 2396 1770 2473 qui
1781 2409 1843 2455 eam
1852 2405 1894 2451 eo-

1135 2496 1295 2572 quirendo
1317 2496 1478 2567 laborant,
1495 2511 1652 2571 magnam
1672 2488 1895 2555 mercedemha·

1133 2591 1267 2663 bebunl,
1279 2595 1312 2654 et
1327 2592 1454 2654 iaciunt
1475 2592 1610 2659 lucrari,
1624 2594 1660 2654 et
1673 2589 1836 2666 acquirere
1848 2584 1895 2644 tri·

1135 2688 1271 2753 buentes
1286 2711 1294 2750 ε
1310 2691 1388 2766 quia
1406 2690 1517 2751 omnia
1532 2706 1607 2767 quae
1633 2686 1785 2750 homines
1798 2680 1896 2743 iaciunt

1134 2788 1169 2848 in
1184 2787 1247 2848 hoo
1260 2787 1392 2858 mundo,
1410 2786 1581 2864 peribunt,
1598 2787 1660 2848 sed
1673 2786 1714 2846 de
1729 2782 1862 2847 caritate,
1873 2777 1896 2835 et

1134 2884 1175 2945 de
1208 2884 1428 2962 eleemosynis
1455 2900 1539 2960 quas
1571 2883 1733 2955 iecerint,
1762 2874 1899 2941 habebunt

1135 2982 1308 3058 praemium
1329 2997 1349 3042 a
1374 2982 1523 3042 Domino.
1547 2984 1586 3042 Et
1607 2995 1729 3042 secure
1743 2971 1900 3039 manifestet

1136 3095 1220 3140 unus
1232 3079 1330 3141 alteri
1352 3079 1584 3140 necessitatem
1603 3093 1714 3148 suam,
1730 3076 1766 3137 ut
1785 3071 1899 3134 sibine·

1135 3176 1280 3238 cessaria
1303 3177 1462 3246 inveniat,
1478 3178 1511 3238 et
1531 3175 1712 3238 ministret.
1729 3175 1767 3234 et
1787 3165 1900 3247 quilibet

1134 3275 1251 3348 diligat
1262 3276 1295 3335 et
1307 3275 1432 3348 nutriat
1447 3272 1582 3334 tratrem
1595 3289 1708 3344 suum,
1723 3270 1806 3331 sicut
1819 3264 1901 3326 mater

1135 3371 1287 3447 diligitei
1299 3371 1519 3432 nulritiilium
1534 3385 1645 3438 suum,
1662 3370 1698 3430 in
1712 3365 1824 3445 quibus
1837 3364 1902 3420 Deus

1134 3469 1184 3529 eis
1198 3469 1341 3544 gratiam
1357 3468 1531 3544 largiatur.
1545 3467 1653 3544 Eiqui
1664 3481 1732 3527 non
1741 3456 1901 3524 mandunt,

1134 3565 1386 3628 manducantem
1415 3581 1481 3626 non
1508 3566 1658 3642 spernat,
1685 3566 1719 3624 et
1747 3560 1801 3638 qui
1831 3567 1901 3615 man-

1135 3663 1244 3735 ducat,
1267 3679 1334 3723 non
1355 3662 1610 3723 manducantem
1634 3677 1705 3721 non
1722 3654 1850 3736 judicet
1872 3647 1901 3709 Et

1134 3760 1264 3837 quando
1279 3760 1461 3821 necessitas
1475 3759 1723 3835 supervenerit,
1739 3753 1832 3815 liceat
1849 3746 1902 3807 uui-

1135 3858 1240 3918 versis
1255 3856 1426 3930 iratribus,
1441 3856 1642 3932 ubicumque
1653 3853 1789 3922 luerint,
1803 3847 1845 3910 uti
1855 3857 1905 3904 oni

1136 3955 1233 4015 nibus
1246 3954 1341 4026 cibis,
1358 3970 1439 4032 quos
1455 3954 1593 4030 possunt
1606 3953 1765 4014 homines
1785 3941 1906 4008 mandu-

1135 4068 1223 4123 care,
1240 4053 1326 4113 siout
1341 4052 1498 4113 Dominus
1518 4051 1634 4111 noster
1658 4049 1743 4110 dicit
1761 4046 1800 4106 de
1813 4033 1906 4104 baril,

1136 4149 1192 4226 qui
1206 4149 1349 4210 comedit
1367 4164 1470 4224 panes
1492 4147 1747 4224 propositionis,
1763 4156 1839 4221 quus
1857 4146 1908 4194 110⁰

1135 4245 1257 4308 licebat
1270 4246 1453 4316 comedere,
1475 4244 1540 4304 nisi
1562 4241 1806 4305 sacerdotibus.
1823 4236 1909 4298 Etre-

1136 4343 1314 4405 cordentur
1334 4342 1421 4421 quod
1444 4341 1526 4403 dicit
1551 4342 1742 4402 Dominus:
1761 4329 1910 4399 Attendite

1135 4444 1228 4503 nobb
1240 4455 1283 4501 rte
1296 4441 1386 4514 sorte
1398 4439 1592 4515 proveatur
1605 4440 1718 4499 corda
1732 4433 1846 4497 oestro
1853 4437 1911 4487 cra·

1130 4544 1215 4612 poto
1228 4538 1261 4599 ct
1274 4537 1450 4607 ebrietate,
1471 4537 1506 4597 et
1522 4534 1755 4610 superveniat
1773 4529 1912 4592 moure-

1133 4635 1277 4709 pcntiao
1296 4637 1370 4694 dies
1384 4636 1451 4704 itta,
1469 4633 1647 4706 tamquam
1663 4637 1807 4705 iaqueus
1824 4623 1910 4702 (Luco

1135 4748 1206 4803 xxi,
1236 4729 1306 4808 34),
1336 4730 1473 4806 laqueus
1501 4729 1590 4789 enim
1615 4724 1815 4805 supervenit
1832 4725 1913 4791 super

1136 4844 1261 4899 omnes,
1277 4827 1334 4904 qui
1344 4826 1569 4901 sedentsuper
1580 4823 1707 4885 faciem
1723 4820 1813 4884 orbis
1821 4819 1911 4878 terra·

1098 4979 1100 4990 .
1137 4925 1298 4988 Similiter
1330 4926 1479 4999 tempore
1498 4922 1688 4982 manifestae
1714 4910 1912 4980 necessitatis,

1040 5055 1042 5060 v
1064 5057 1066 5066 ,
1136 5022 1261 5083 iaciant
1275 5035 1389 5082 omnes
1406 5019 1447 5081 de
1471 5034 1586 5080 eorum
1609 5014 1828 5084 necessariis,
1847 5001 1915 5067 sicul

1136 5120 1186 5179 eis
1202 5119 1360 5180 Dominus
1374 5117 1518 5194 gratiam
1532 5116 1713 5191 largietur,
1726 5113 1804 5191 quia
1819 5116 1916 5168 neces·

1136 5217 1218 5278 sitas
1232 5232 1299 5277 non
1315 5215 1414 5276 habet
1429 5215 1546 5290 legem.

1428 5424 1564 5484 CAPUT
1585 5423 1624 5483 X.

1320 5562 1371 5620 De
1390 5558 1540 5629 infirmis
1558 5554 1747 5629 frutribus.

1176 5702 1210 5761 Si
1227 5702 1301 5779 quis
1317 5687 1456 5761 fratrum
1470 5697 1503 5758 iu
1519 5691 1755 5758 infirmitatem
1771 5685 1917 5754 inciderit,
