3950 6200
216 309 256 369 23
831 315 1007 377 HONORII
1029 316 1075 375 111
1096 315 1244 376 OPERA.
1818 317 1857 377 24

216 485 291 530 rum
313 469 476 532 solemnia
501 473 679 534 convenire
699 472 857 547 debeatis,
875 474 932 536 ubi
947 476 1010 537 hoc

218 567 388 628 commode
400 568 473 630 ilari
488 570 620 646 poterit.

536 722 613 782 Car.
632 723 687 781 lx.

254 851 436 912 Dominicis
463 869 593 929 quoque
617 853 744 925 diebus,
768 854 822 915 vel
845 855 933 927 aliis,
951 855 1007 916 ubi

215 963 298 1023 opus
314 947 424 1019 luerit,
453 949 492 1008 ad
517 950 666 1011 custodia
694 952 821 1012 ordinis
846 953 1005 1014 tractetis.

215 1043 278 1104 Ubi
294 1045 392 1105 etiam
405 1060 573 1118 excessus,
586 1050 619 1107 et
628 1048 733 1123 culpae
747 1048 896 1121 fratrum,
911 1050 938 1109 si
950 1051 1007 1126 qni

213 1139 255 1199 de
270 1140 383 1217 aliquo
399 1142 602 1217 deprehendi
616 1144 750 1217 suerint,
777 1147 914 1209 caritate
929 1162 1005 1207 me-

213 1235 267 1296 dia
284 1239 505 1314 corrigantur.

542 1348 619 1408 Car.
635 1349 676 1407 X.

250 1477 418 1552 Jejunium
432 1478 573 1553 singuiis
588 1479 715 1552 diebus,
731 1482 878 1558 exceptis
891 1483 1005 1545 Domi·

211 1572 307 1643 uicis,
318 1573 511 1647 observetis
528 1591 547 1636 a
563 1575 646 1638 sesto
657 1579 869 1639 exaltationis
883 1582 916 1640 S.
927 1582 1005 1640 Cru-

211 1668 374 1747 cisusque
389 1672 430 1732 ad
455 1673 542 1733 diem
562 1675 742 1735 bominicae
766 1679 1003 1738 Resurrectio·

210 1767 264 1826 nis
279 1788 286 1826 :
301 1768 368 1827 nisi
391 1768 578 1841 infirmitas,
595 1771 648 1831 vel
675 1771 827 1833 debilitas
843 1774 1002 1850 corporis,

210 1865 269 1924 aut
280 1864 347 1924 alia
356 1867 448 1941 justa
463 1882 564 1927 causa
572 1868 738 1943 jejunium
754 1871 838 1930 solvi
853 1872 1001 1944 suadeat,

209 1961 286 2037 quia
302 1964 483 2025 necessitas
498 1980 565 2025 non
581 1965 680 2027 babet
695 1965 814 2042 legem.

528 2117 604 2176 Gar.
625 2118 681 2176 XI.

247 2242 296 2304 Ab
311 2259 370 2304 esu
386 2246 535 2305 carnium
561 2264 695 2325 semper
712 2248 917 2322 abstineatis,
935 2250 1001 2310 nisi

206 2356 267 2416 pro
282 2341 496 2415 infirmitatis,
518 2344 577 2405 aut
602 2346 713 2409 nimiae
739 2346 921 2409 debilitatis
946 2364 1003 2409 re-

206 2436 316 2499 medio
331 2440 398 2502 sint
410 2442 590 2502 sumendae.

525 2584 686 2644 Camilli.

245 2703 329 2773 Quia
339 2719 420 2765 vero
436 2705 556 2766 militia
571 2708 621 2767 est
633 2708 701 2767 vita
715 2707 870 2778 hominis,
885 2712 918 2769 et
934 2724 1001 2769 om·

185 2836 189 2841 ·
205 2815 276 2871 nos,
292 2801 348 2876 qui
374 2800 427 2876 pie
443 2802 558 2863 volunt
579 2803 692 2864 vivere
708 2804 743 2864 in
759 2804 900 2876 Christo,
918 2821 999 2881 per-

204 2896 408 2957 secutionem
424 2898 616 2973 patiuntur:
632 2900 844 2961 adversarius
867 2918 999 2978 quoque

203 2993 314 3054 vester
328 2994 479 3055 diabolus
498 2997 666 3074 tamquam
693 2998 745 3058 leo
769 2999 904 3074 rugiens
929 3000 998 3060 cir-

203 3091 282 3161 cuit,
301 3108 453 3168 quaerens
464 3111 561 3170 quem
572 3095 718 3168 devoret,
736 3097 826 3157 omni
841 3097 998 3159 sollicitu-

202 3188 279 3250 dine
301 3190 462 3252 studeatis
476 3192 570 3253 indui
587 3196 756 3254 armatura
776 3194 846 3267 Dei,
864 3199 899 3258 ut
914 3212 996 3272 pos-

202 3284 276 3346 sitis
291 3288 379 3348 stare
394 3288 553 3349 adversus
566 3290 704 3350 insidias
726 3292 864 3352 inimici.

241 3384 445 3458 accingendi
460 3387 536 3447 sunt
551 3386 653 3447 lumbi
668 3389 770 3448 vestri
781 3389 914 3464 cingulo
927 3405 998 3450 cas·

200 3478 317 3540 titatis.
332 3482 547 3543 Muniendum
570 3485 620 3545 est
645 3486 760 3560 pactus
785 3486 997 3562 cogitationi-

199 3574 261 3637 bus
283 3578 419 3639 sanctis.
449 3580 678 3656 scriptumest
697 3582 786 3642 enim
809 3583 995 3658 :Cogitatio

199 3675 315 3735 sancta
327 3675 474 3737 servabit
487 3677 530 3737 te.

240 3771 410 3832 Induenda
423 3775 473 3833 θεῖ
484 3772 589 3834 lorica
600 3775 755 3850 justitiam
771 3775 807 3836 ut
819 3775 994 3836 Dominum

199 3869 303 3927 Deum
319 3869 438 3929 entoto
451 3870 559 3941 corde,
577 3873 610 3931 et
624 3887 667 3931 ex
681 3874 749 3932 tota
765 3872 887 3943 anima,
905 3874 937 3933 et
952 3889 996 3933 en

198 3965 267 4026 tota
282 3964 404 4026 virtute
418 3965 576 4040 diligetis
601 3968 633 4027 et
645 3968 831 4043 proximum
847 3971 994 4030 vestrum

199 4062 367 4140 tamquam
382 4064 611 4139 vosmetipsos.

237 4158 439 4219 sumendum
453 4160 552 4220 estin
577 4160 729 4221 omnibus
748 4163 877 4223 scutum
900 4162 991 4233 fidei,

199 4255 234 4315 in
246 4273 310 4332 quo
321 4256 457 4332 possitis
475 4257 586 4317 omnia
600 4259 667 4319 tela
681 4260 876 4334 nequissimi
891 4260 991 4335 ignea

196 4353 403 4427 extinguere.
429 4354 506 4414 Sine
522 4354 586 4414 nde
613 4356 700 4415 enim
723 4356 929 4432 impossibile
943 4359 994 4418 θεῖ

196 4448 329 4526 placere
345 4453 422 4511 Deo.
447 4452 486 4512 Et
500 4451 572 4512 lraec
588 4454 637 4512 est
659 4452 811 4527 victoria,
829 4469 902 4530 quae
917 4454 994 4513 vin-

197 4546 242 4606 cit
254 4546 423 4617 mundum,
441 4546 523 4607 tides
538 4550 660 4609 vestra.

235 4643 337 4702 Galea
350 4659 480 4719 quoque
493 4645 611 4705 salutis
629 4644 830 4721 imponenda
858 4646 909 4708 est
932 4662 991 4707 ea-

195 4738 267 4816 piti,
282 4741 318 4799 ut
332 4739 373 4800 de
388 4740 460 4800 solo
474 4741 645 4802 salvatore
669 4744 808 4818 speretis
838 4743 989 4815 salutem,

194 4837 252 4913 qui
267 4836 396 4896 salvum
413 4837 494 4898 lacit
520 4838 677 4914 populum
703 4855 797 4899 suum
811 4855 830 4900 a
844 4841 991 4916 peccatis

196 4947 322 4995 eorum.

234 5032 370 5093 Gladius
386 5033 496 5093 autem
514 5033 661 5109 spiritus,
679 5033 765 5110 quod
782 5036 831 5096 θεῖ
851 5035 990 5095 verbum

193 5130 263 5199 Dei,
286 5129 494 5190 abundanter
507 5129 632 5192 habitet
646 5132 682 5190 in
697 5147 764 5202 ore,
783 5132 816 5192 et
830 5131 864 5191 in
879 5133 991 5192 cordi-

191 5225 398 5287 busvestris.
432 5228 469 5288 nt
495 5242 711 5303 quaecumque
737 5227 831 5288 vobis
860 5229 989 5304 agenda

193 5326 281 5391 sunt,
298 5323 333 5383 in
347 5323 449 5384 verbo
464 5323 595 5383 Domini
607 5324 699 5385 liant.

493 5475 571 5535 Gne.
596 5476 685 5533 xlll.

232 5604 433 5666 Faciendum
458 5607 507 5666 est
530 5605 624 5667 vobis
653 5606 785 5684 aliquod
809 5606 929 5685 operis,
954 5607 990 5668 nt

1066 489 1197 551 semper
1210 488 1270 535 vos
1285 471 1436 534 diabolus
1450 470 1600 534 inveniat
1614 472 1802 550 occupatos,
1816 488 1858 536 ne

1064 584 1107 629 ex
1121 569 1288 629 otiositate
1313 568 1424 628 vestra
1446 567 1591 643 aliquem
1612 567 1760 628 intrandi
1784 568 1859 629 adi-

1063 667 1133 725 tum
1148 665 1189 725 ad
1203 665 1331 726 animas
1344 666 1472 724 vestras
1488 664 1598 725 valeat
1610 664 1772 724 invenire.
1789 668 1859 726 Ha-

1063 761 1147 823 betis
1162 763 1202 823 ad
1226 763 1289 822 boc
1303 761 1392 821 beati
1415 761 1512 820 Pauli
1533 762 1681 836 Apostoli
1695 763 1856 835 magiste-

1062 859 1148 919 rium
1179 860 1304 935 pariter
1331 860 1364 918 θῖ
1387 858 1584 933 exemplum,
1619 858 1653 916 in
1681 861 1775 934 cujus
1799 875 1856 919 ore

1062 956 1212 1017 Christus
1226 954 1430 1031 loquebatur.
1448 955 1510 1024 Qui
1525 955 1651 1030 positus
1671 958 1731 1025 θεῖ,
1750 956 1783 1016 θῖ
1796 955 1858 1015 da-

1060 1054 1114 1112 tus
1131 1068 1150 1111 a
1170 1054 1237 1112 Deo
1253 1051 1461 1127 praedicator,
1483 1053 1515 1111 et
1530 1049 1644 1111 doctor
1656 1051 1803 1124 gentium
1819 1052 1855 1111 in

1061 1147 1124 1208 lide
1135 1149 1167 1210 et
1181 1149 1320 1209 veritate
1338 1170 1345 1207 :
1360 1147 1495 1223 quamsi
1512 1147 1616 1206 secuti
1629 1147 1772 1218 fueritis,
1786 1164 1854 1209 non

1060 1246 1210 1321 poteritis
1232 1244 1400 1305 aberrare.
1426 1242 1602 1314 inlabere,
1619 1245 1740 1316 inquit,
1758 1245 1790 1305 et
1804 1244 1856 1305 ia-

1059 1342 1219 1418 tigatione
1245 1341 1368 1402 fuimus
1394 1341 1481 1400 inter
1504 1356 1563 1401 vos
1589 1343 1696 1411 nocte,
1726 1356 1765 1401 ac
1787 1340 1852 1413 die,

1059 1441 1245 1516 operantes,
1261 1455 1303 1499 ne
1329 1454 1427 1515 quem
1450 1439 1599 1498 vestrum
1625 1452 1852 1511 gravaremus.

1059 1539 1133 1597 Non
1149 1537 1317 1613 quasinos
1343 1552 1410 1596 non
1435 1535 1616 1595 babeamus
1640 1537 1851 1611 potestatem3

1060 1634 1118 1694 sed
1135 1636 1171 1695 ut
1185 1633 1402 1709 nosmetipsos
1422 1632 1561 1692 sormam
1584 1632 1738 1692 daremus
1760 1633 1853 1694 vobis

1058 1729 1099 1790 ad
1116 1730 1310 1791 imitandum
1326 1746 1397 1789 nos.
1414 1731 1499 1789 Nam
1513 1745 1586 1790 cum
1602 1745 1750 1789 essemus
1765 1729 1852 1805 apud

1059 1843 1129 1898 νοε,
1158 1828 1230 1887 lraec
1257 1825 1540 1886 denunciabamus
1559 1825 1653 1886 vobis
1670 1848 1677 1884 :
1694 1826 1852 1902 quoniam

1059 1924 1087 1983 si
1103 1925 1177 2000 quis
1190 1940 1256 1984 non
1270 1923 1343 1984 vult
1358 1922 1500 1998 operari,
1515 1938 1581 1982 non
1595 1922 1853 1983 manducetnu·

1058 2021 1201 2081 divimus
1214 2021 1302 2081 enim
1324 2019 1485 2080 intervos
1500 2019 1658 2095 quosdam
1674 2020 1852 2081 ambulan-

1058 2119 1108 2177 tes
1123 2117 1157 2176 in
1173 2117 1294 2193 quiete,
1320 2116 1405 2176 nibil
1434 2117 1621 2192 operantes.
1646 2117 1706 2175 His
1728 2118 1849 2190 autem,

1058 2214 1114 2290 qui
1129 2213 1289 2289 ejusmodi
1315 2215 1402 2286 sunt,
1427 2212 1677 2283 denunciamus,
1693 2213 1726 2274 et
1750 2212 1850 2275 obse-

1057 2325 1188 2370 cramus
1203 2311 1238 2369 in
1254 2310 1393 2370 Domino
1407 2312 1487 2371 iesu
1500 2308 1641 2380 Christo,
1658 2312 1694 2371 ut
1715 2325 1790 2370 cum
1803 2311 1852 2371 si-

1056 2405 1159 2467 lentio
1180 2408 1368 2482 operantes,
1385 2412 1615 2480 suumpanem
1637 2406 1847 2469 manducent.

1055 2506 1135 2564 Haec
1156 2503 1210 2565 via
1226 2508 1352 2574 sancta,
1375 2501 1508 2563 etbona
1525 2500 1716 2563 :ambulate
1739 2503 1775 2564 in
1796 2519 1847 2566 ea.

1364 2672 1443 2732 Cer.
1457 2671 1542 2732 XIVae

1095 2802 1309 2865 Commendat
1336 2802 1430 2865 vobis
1459 2802 1635 2879 Apostolus
1663 2803 1845 2876 silentium,

1055 2915 1130 2960 cum
1144 2901 1180 2961 in
1194 2916 1233 2962 eo
1247 2900 1397 2977 praecipit
1411 2899 1625 2976 operandum.
1639 2901 1850 2978 thuemad-

1053 2997 1186 3058 modum
1202 2999 1363 3075 propbeta
1382 2998 1546 3059 testatur:
1562 2998 1674 3059 Cultus
1692 2998 1845 3074 justitiae,

1053 3094 1222 3157 silentium
1249 3099 1309 3158 est.
1335 3099 1375 3157 Et
1394 3111 1528 3155 rursum
1556 3118 1563 3155 ε
1592 3099 1628 3155 ln
1652 3094 1796 3167 silentio,
1815 3096 1848 3156 el

1052 3209 1110 3270 spe
1125 3194 1189 3256 erit
1199 3193 1357 3255 tortitudo
1370 3195 1492 3254 vestra.
1505 3192 1647 3269 Ideoque
1658 3194 1845 3265 statuimus,

1052 3292 1089 3350 ut
1113 3291 1153 3351 ab
1180 3291 1263 3351 bora
1290 3290 1491 3365 vespertina,
1524 3306 1629 3366 usque
1658 3290 1699 3350 ad
1728 3290 1848 3350 boram

1050 3388 1182 3448 tertiam
1212 3389 1380 3464 sequentis
1409 3388 1475 3448 diei
1502 3387 1670 3448 silentium
1692 3388 1844 3458 teneatis,

1050 3481 1117 3544 nisi
1132 3484 1216 3545 torte
1231 3486 1424 3555 necessitas,
1439 3484 1493 3546 vel
1507 3500 1608 3545 causa
1621 3483 1844 3555 rationabilis,

1051 3580 1254 3642 autlicentia
1274 3581 1397 3658 prioris
1422 3581 1590 3642 silentium
1615 3581 1844 3657 interrumpat.

1049 3678 1124 3739 Alio
1141 3694 1220 3739 vero
1234 3679 1393 3754 tempore,
1410 3677 1489 3739 licet
1503 3678 1627 3738 silentii
1640 3694 1707 3738 non
1717 3677 1847 3739 babea-

1049 3774 1104 3835 tur
1121 3774 1308 3835 observatio
1337 3778 1442 3847 tanta,
1472 3774 1663 3849 diligentius
1692 3776 1846 3835 tamena

1049 3872 1257 3948 multiloquio
1286 3874 1453 3933 caveatur.
1487 3871 1648 3943 Quoniam
1683 3872 1845 3948 scriptum

1049 3971 1110 4039 θεῖ,
1137 3970 1170 4030 θῖ
1195 3984 1262 4028 non
1288 3970 1398 4029 minus
1424 3968 1631 4044 experientia
1658 3967 1753 4029 docet
1779 3971 1845 4028 :In

1048 4064 1258 4141 multiloquio
1283 4081 1349 4125 non
1371 4065 1477 4127 deerit
1502 4067 1698 4142 peccatum:
1726 4065 1758 4125 et
1786 4065 1844 4141 qui

1048 4162 1315 4223 inconsideratus
1340 4164 1390 4223 est
1416 4163 1457 4223 ad
1484 4163 1696 4239 loquendum,
1723 4162 1844 4222 sentiet

1048 4259 1147 4318 mala.
1163 4261 1255 4330 Item,
1272 4260 1328 4335 qui
1353 4258 1464 4319 multis
1486 4259 1590 4319 utitur
1613 4258 1735 4331 verbis,
1753 4258 1844 4320 laedit

1048 4356 1193 4415 animam
1208 4371 1313 4415 suam.
1331 4358 1370 4415 Et
1391 4354 1550 4415 Dominus
1566 4355 1601 4413 in
1628 4355 1809 4429 Evangelio
1833 4377 1841 4415 ι

1047 4455 1093 4512 Ι)θ
1118 4453 1207 4512 omni
1222 4451 1323 4514 verbo
1348 4451 1464 4522 otiose,
1482 4452 1568 4527 quod
1592 4451 1694 4513 locuti
1719 4452 1844 4515 suerint

1047 4548 1211 4620 homines,
1223 4549 1362 4609 reddent
1377 4547 1539 4608 rationem
1554 4548 1595 4608 de
1611 4562 1650 4608 eo
1662 4548 1698 4608 in
1714 4547 1767 4609 die
1779 4551 1842 4625 ju-

1047 4645 1136 4706 dicii.
1167 4646 1281 4706 Faciat
1307 4660 1386 4719 ergo
1420 4645 1647 4720 unusquisque
1683 4646 1840 4707 stateram

1047 4743 1156 4803 verbis
1171 4742 1252 4808 suis,
1283 4743 1316 4801 et
1339 4741 1461 4801 lraenos
1490 4744 1598 4802 rectos
1623 4742 1673 4801 ori
1703 4757 1774 4812 su0,
1799 4758 1843 4803 ne

1046 4838 1130 4900 sorte
1143 4837 1284 4908 labatur,
1302 4840 1336 4898 et
1355 4837 1451 4898 cadat
1465 4838 1500 4897 in
1516 4838 1629 4912 lingua
1649 4853 1720 4907 sua,
1738 4840 1772 4898 et
1785 4838 1842 4899 in·

1046 4935 1206 4997 sanabilis
1222 4935 1265 4996 sit
1284 4950 1381 4995 casus
1405 4936 1476 5010 ejus
1492 4933 1532 4994 ad
1554 4934 1706 4993 mortem.
1723 4934 1843 4994 Custo-

1045 5034 1140 5093 diens
1155 5048 1228 5093 cum
1246 5032 1406 5108 propbeta
1431 5032 1504 5092 vias
1533 5046 1622 5101 suas,
1640 5046 1707 5090 non
1729 5030 1842 5091 delin-

1045 5133 1124 5208 quat
1146 5131 1182 5190 in
1210 5129 1325 5204 lingua
1353 5144 1423 5189 sua.
1442 5131 1480 5188 Et
1504 5127 1683 5199 silentium,
1713 5127 1749 5187 in
1774 5145 1840 5204 quo

1045 5229 1152 5290 cultus
1161 5227 1301 5304 justitiae
1316 5228 1376 5298 θεῖ,
1401 5226 1586 5300 diligenter,
1605 5225 1637 5285 θῖ
1656 5225 1752 5285 cauto
1767 5228 1842 5286 stu·

1045 5324 1321 5386 deatobservare.

1358 5474 1439 5533 Car.
1455 5473 1525 5531 XV.

1084 5610 1132 5669 Tu
1145 5608 1266 5677 autem,
1279 5604 1455 5676 Brocarde,
1468 5604 1501 5665 θῖ
1514 5602 1711 5680 quicumque
1722 5607 1839 5680 postte
