3950 6200
127 268 158 328 45
747 273 976 335 EPISTOLAE.
1005 273 1083 333 LIB.
1106 274 1146 333 X.
1726 274 1766 333 46

127 430 253 492 salutem
268 429 304 493 et
314 431 546 507 Apostolicam
560 430 834 493 benedictionem.

158 532 234 589 Cum
253 543 275 589 a
295 527 396 590 nobis
421 529 547 604 petitur
561 528 646 606 quod
667 530 794 604 justum
811 530 862 591 est
885 531 917 590 et

126 627 303 696 honestum,
321 628 390 686 tam
411 626 514 701 rigor
532 626 697 702 aequitatis
718 643 816 703 quarn
836 626 917 688 ordo

126 724 221 799 exigit
234 723 392 791 rationis,
408 725 447 784 ut
464 723 496 782 id
512 739 573 799 per
587 723 845 784 sollicitudiuem
862 723 917 784 ol·

126 821 185 881 licii
198 822 310 881 nostri
325 820 366 883 ad
377 820 525 883 debitum
541 821 741 896 perducatur
751 821 915 882 effectum.

126 920 316 994 Eapropter,
332 918 447 978 dilecti
472 919 508 978 iu
536 918 676 979 Domino
700 918 772 989 lilii,
794 919 915 979 restris

123 1016 216 1093 justis
241 1014 401 1092 precibus
421 1015 610 1076 inclinati...
637 1020 670 1076 et
690 1015 822 1076 domum
841 1031 918 1077 ves-

125 1114 203 1174 tram
216 1128 293 1174 curn
304 1112 460 1173 omnibus
473 1112 570 1173 bonis
584 1129 658 1190 quae
673 1113 708 1173 in
721 1113 918 1188 praesentia-

124 1226 191 1271 rum
209 1209 460 1271 rationabiliter
479 1210 668 1286 possidetis,
690 1211 748 1271 aut
767 1210 803 1270 in
823 1210 916 1271 hitu-

125 1323 204 1377 rum,
220 1308 407 1383 praestante
423 1307 574 1377 Domino,
586 1307 687 1383 Justis
700 1307 805 1367 modis
819 1309 916 1383 pote-

125 1404 195 1465 ritis
205 1404 362 1481 adipisci,
379 1403 440 1465 sub
452 1404 543 1465 beati
557 1404 649 1465 Petri
665 1405 698 1465 et
711 1405 823 1465 nostra
838 1420 918 1481 pro-

115 1502 265 1563 motione
311 1502 536 1578 suscipimus;
573 1502 764 1579 specialiter
805 1504 915 1563 autem

124 1599 295 1660 libertates
310 1599 345 1659 et
357 1599 582 1660 immunitates
598 1616 618 1660 a
633 1600 746 1675 priore
757 1599 797 1659 de
809 1599 915 1670 Blida,

124 1698 305 1757 conuentus
332 1696 385 1756 sui
405 1696 583 1757 accedente
609 1711 785 1764 consensu,
804 1697 837 1757 01
852 1711 917 1756 no-

972 433 1132 509 sequitur,
1149 431 1207 493 sed
1224 432 1302 494 illos
1317 433 1437 511 majori
1453 432 1673 510 praerogativa
1688 432 1767 493 dili-

971 529 1030 606 git,
1039 532 1071 590 et
1083 530 1236 599 honorat,
1246 547 1327 606 quos
1336 531 1371 590 iu
1382 531 1558 591 devotione
1571 545 1631 591 sua
1642 529 1768 605 reperit

971 627 1203 702 promptiores.
1224 628 1293 686 Nos
1313 628 1416 702 igitur
1432 627 1650 699 devotionem,
1668 643 1766 704 quam

972 724 1013 784 ad
1040 726 1222 784 Romanam
1251 724 1444 795 Ecclesiam,
1468 725 1500 785 et
1527 724 1567 784 ad
1588 740 1767 800 personam

972 822 1121 882 nostram
1132 819 1254 881 nobilis
1266 822 1387 881 mulier
1400 824 1456 892 Μ.,
1472 821 1768 883 comitissaNiver-

972 918 1086 977 nensis
1098 917 1220 978 habere
1236 918 1443 992 dignoscitur
1455 918 1674 989 attendentes,
1686 934 1769 995 prae·

972 1017 1024 1075 ter
1038 1030 1212 1075 commuue
1226 1014 1372 1075 debitum
1387 1015 1565 1091 pastoralis
1576 1013 1690 1085 oflicii,
1703 1031 1768 1091 quo

973 1127 1088 1173 curam
1116 1114 1149 1173 et
1173 1112 1432 1172 sollicitudiuem
1453 1112 1628 1173 viduarum
1650 1127 1769 1188 gerere

973 1210 1123 1286 cogimur
1137 1209 1315 1285 specialem
1334 1209 1397 1269 sibl
1417 1210 1560 1284 gratiam
1580 1209 1769 1271 exhibendo

972 1309 1007 1368 in
1023 1307 1087 1375 his,
1107 1323 1180 1384 quae
1201 1307 1382 1367 secundum
1398 1309 1501 1366 Deum
1516 1307 1691 1383 requirite
1707 1322 1769 1366 uo-

971 1405 1024 1466 bis
1037 1404 1207 1465 devotioni
1220 1420 1289 1465 suae
1305 1403 1448 1464 libenter
1461 1404 1653 1474 annuimus
1668 1404 1702 1464 et
1714 1403 1768 1463 la-

972 1518 1087 1562 vorem
1114 1502 1214 1564 etiam
1237 1501 1426 1562 benivolum
1451 1502 1672 1577 impertimur.
1699 1504 1769 1572 Qua

974 1602 1110 1675 propter
1125 1600 1275 1676 ejusdem
1289 1599 1469 1659 comitissae
1491 1598 1770 1676 postulationibus

973 1699 1069 1771 grato
1089 1700 1325 1758 concurrentes
1343 1712 1495 1766 assensu,
1515 1711 1692 1772 personam
1713 1695 1770 1770 ip·

123 1792 179 1853 bili
203 1794 281 1855 viro
305 1795 359 1853 W.
386 1793 428 1853 de
454 1794 566 1854 cressi
598 1793 772 1853 fundatore
801 1794 918 1853 domus
973 1793 1422 1866 siuscumomnibusbonis,
1440 1793 1769 1870 quaeinpraesentia-

123 1891 239 1951 restrae
254 1890 313 1966 pia
334 1890 442 1951 eidem
464 1889 576 1951 domui
595 1890 794 1955 liberalitate
809 1889 917 1950 colla-
973 1907 1048 1952 rum
1063 1892 1308 1953 rationabiliter
1321 1892 1477 1968 possidet,
1493 1892 1551 1952 aut
1570 1892 1605 1950 iu
1622 1890 1770 1951 futurum

121 1990 181 2059 tas,
202 1990 326 2060 terras,
343 1989 583 2063 possessiones
603 1988 724 2048 acatia
746 1988 919 2048 bonaves·
969 1990 1073 2067 justis
1101 1990 1219 2061 modis,
1248 1992 1427 2064 praestaute
1465 1989 1620 2058 Domino,
1652 1988 1772 2064 poterit

123 2086 182 2156 tra,
199 2087 288 2147 sicut
302 2101 341 2145 ea
359 2085 920 2161 000101001000101100,010001-
973 2087 1125 2163 adipisci,
1146 2086 1206 2146 sub
1228 2086 1317 2147 beati
1338 2087 1429 2147 Petri
1448 2088 1481 2146 et
1503 2088 1617 2147 nostra
1635 2087 1770 2161 protec—
1873 2116 1874 2119 ¹

123 2182 182 2243 lice
193 2183 385 2258 possidetis,
403 2198 442 2243 ac
461 2184 497 2243 in
517 2183 638 2244 litteris
659 2182 737 2243 inde
757 2182 917 2244 confectis
973 2185 1064 2245 tione
1089 2184 1299 2259 suscipimus
1315 2200 1375 2260 per
1396 2184 1525 2244 litteras
1552 2184 1683 2243 nostras
1702 2183 1773 2242 dis-

125 2278 243 2341 dicitur
272 2280 449 2351 contineri,
479 2279 574 2340 robis
598 2281 631 2341 et
651 2295 711 2356 per
738 2296 797 2340 ros
822 2279 918 2341 dictae

124 2376 230 2438 domui
249 2377 450 2439 auctoritate
464 2377 654 2453 Apostolica
670 2378 916 2449 confirmamus,

125 2489 161 2535 ac
180 2475 357 2551 praesentis
382 2475 500 2550 scripti
524 2475 709 2551 patrocinio
732 2476 919 2536 commuui-

123 2588 205 2641 mus,
226 2573 378 2633 districte
392 2571 593 2643 inhibentes,
613 2588 655 2633 ne
681 2573 754 2649 quis
775 2573 817 2633 de
838 2573 919 2632 hor-

124 2670 174 2741 tis,
189 2672 221 2730 et
246 2670 402 2745 virgultis
426 2685 487 2730 seu
510 2672 698 2731 vestrorum
721 2670 917 2731 animalium

125 2768 344 2838 nutrimentis,
375 2766 522 2828 decimas
543 2783 563 2828 a
581 2766 678 2829 robis
702 2768 837 2842 exigere
864 2767 917 2828 rel

125 2868 320 2942 extorquere
334 2868 526 2941 praesurnat.
541 2866 633 2925 Nulli
648 2881 728 2941 ergo
744 2864 916 2926 hominurn

125 2960 221 3023 liceat
245 2962 335 3021 hauc
353 2962 510 3038 paginam
539 2963 661 3023 nostrae
687 2963 914 3038 protectionis,

125 3058 397 3131 confirmationis,
424 3060 457 3121 et
484 3058 693 3140 inhibitionis
722 3060 913 3136 intringere,

122 3156 216 3217 10101
230 3173 315 3217 ausu
329 3157 509 3218 temerario
522 3157 700 3218 contraire.
717 3159 751 3217 Si
767 3159 840 3233 quis
851 3174 915 3217 au-

123 3252 186 3314 tem
206 3254 269 3314 hoc
287 3253 453 3314 attentare
478 3254 736 3329 praesumpserit,
762 3254 918 3327 indigna-

123 3350 244 3411 tionem
264 3350 501 3426 omnipotentis
517 3352 575 3411 Dei
590 3353 623 3412 01
636 3351 808 3413 beatorum
826 3352 916 3413 Petri

122 3448 155 3507 et
165 3448 262 3507 Pauli
274 3448 509 3525 Apostolorum
522 3449 594 3524 eJus
605 3463 641 3508 se
654 3449 785 3509 noverit
796 3448 915 3508 iucur-

122 3559 246 3605 surum.
264 3547 384 3606 Datum
399 3546 569 3617 Laterani,
585 3562 691 3607 nouas
705 3547 827 3618 martii,
838 3563 917 3622 pon·

121 3642 265 3703 titicatus
280 3643 387 3704 nostri
401 3658 489 3703 auno
503 3643 644 3703 decimo.

486 3919 550 4004 CX

122 4069 171 4128 Ad
183 4069 324 4130 abbatas
341 4071 510 4144 Rtprcc'cct,
528 4069 806 4130 auctoramenta
822 4072 915 4129 dccc·

157 4181 244 4227 rcum
286 4169 576 4237 Vtrzttiucensem,
604 4165 915 4228 Aretisstodorcnsts

157 4264 190 4324 ct
201 4267 375 4325 Eduensts
389 4265 558 4325 dtoeccsts.

402 4413 434 4468 ll
444 4411 538 4469 urartii
552 4412 631 4469 llud.

141 4541 260 4607 surgam,
273 4542 321 4593 lib.
337 4544 370 4602 X,
381 4543 456 4608 epist.
468 4543 523 4616 ²³9¹
544 4544 602 4593 Mss.
613 4543 650 4593 La
661 4544 740 4593 Porto
750 4542 784 4593 du
794 4543 888 4605 rnen]

120 4674 295 4733 Comitissam
328 4677 538 4734 Niveruensem
566 4676 619 4732 sub
640 4677 816 4749 protectione
839 4676 914 4733 beati

169 4765 243 4821 Petri
258 4764 369 4837 recipit,
386 4772 415 4821 et
430 4764 494 4836 ejus
507 4764 624 4821 tutelam
644 4765 686 4820 eis
699 4765 860 4821 committit.

157 4907 336 4978 Honorius,
358 4908 435 4976 etc,
452 4906 583 4968 dilectis
604 4907 721 4968 tiliis...
747 4908 912 4982 Rigniaci,

123 5001 188 5060 et...
216 5002 357 5062 Curensi
384 5001 570 5072 abbatibus,
587 5002 657 5063 et...
684 5002 915 5064 virzialiceusi

121 5094 255 5170 100000,
281 5098 585 5160 Autissiodorensis
600 5101 632 5160 et
654 5099 815 5161 Edueusis
831 5100 916 5162 dioc-

122 5196 387 5267 nauseantem,
404 5196 467 5256 etc.

160 5291 521 5369 QuamuisApostolica
542 5292 656 5363 Sedes,
677 5294 732 5354 cui
754 5293 916 5356 11001110-

125 5389 230 5451 meriti
249 5390 481 5466 presidemus,
506 5390 663 5467 tanquam
683 5390 913 5453 universorum

126 5488 226 5548 mater
236 5487 387 5549 fidelium
399 5486 553 5549 omnibus
567 5487 697 5565 aperiat
708 5488 838 5576 viscera
849 5489 915 5566 pie

127 5583 288 5656 tntisnon
300 5586 417 5648 101100
432 5597 546 5647 omnes
562 5585 682 5663 aequali
697 5584 818 5648 affectu
836 5602 915 5663 pro-

973 2282 1106 2342 trictius
1122 2281 1323 2352 inhibentes
1338 2298 1380 2340 ue
1401 2281 1475 2356 quis
1491 2281 1564 2341 sine
1579 2280 1768 2351 manifesta,

973 2380 1007 2439 et
1021 2377 1214 2439 rationabili
1230 2394 1330 2438 causa
1345 2379 1381 2437 in
1404 2392 1581 2453 personam
1597 2394 1691 2437 suam
1707 2392 1770 2436 er-

973 2476 1296 2545 commuuicatiouis,
1326 2477 1357 2535 et
1383 2475 1418 2534 iu
1446 2477 1570 2536 terram
1600 2474 1769 2534 interdicti

975 2574 1159 2635 sententias
1187 2571 1400 2649 promulgare
1428 2574 1618 2648 praesumat,
1640 2586 1771 2645 semper

973 2674 1083 2732 autem
1116 2670 1301 2731 admonitio
1335 2669 1497 2729 canonica
1534 2669 1766 2746 praemittatur,
1839 2728 1844 2737 ,

972 2768 1036 2828 uisi
1050 2768 1128 2829 talis
1138 2766 1360 2829 lueritforsan
1370 2782 1539 2836 excessus,
1553 2765 1768 2842 quiordiuem

961 2865 1184 2942 'jndiciarium
1211 2881 1277 2925 uon
1307 2864 1465 2940 requirat.
1495 2863 1544 2923 Ad
1578 2863 1650 2935 hmo
1676 2862 1767 2939 adji-

972 2964 1099 3023 cientes
1113 2963 1299 3032 statuimus,
1320 2965 1355 3023 ut
1369 2962 1397 3021 si
1412 2962 1448 3021 in
1461 2959 1573 3036 aliquo
1589 2976 1768 3036 praesense-

971 3060 1016 3122 rit
1027 3076 1062 3121 se
1072 3060 1218 3135 grauari,
1229 3058 1335 3120 libere
1347 3058 1410 3120 sibi
1426 3059 1526 3119 liceat
1539 3058 1656 3119 Sedem
1667 3065 1770 3134 Apos-

970 3158 1106 3218 tolicam
1121 3158 1303 3234 appellare.
1324 3158 1359 3218 Si
1376 3157 1450 3233 quis
1465 3173 1544 3217 rere
1560 3160 1633 3232 post
1648 3156 1768 3231 appel-

971 3255 1130 3316 lationem
1159 3255 1201 3316 ad
1227 3271 1288 3315 nos
1315 3254 1462 3330 legitime
1486 3254 1717 3330 interpositam
1732 3253 1767 3313 in

971 3369 1160 3429 personam,
1175 3353 1228 3413 vel
1244 3352 1413 3413 interdicti
1430 3352 1613 3412 sententias
1627 3351 1768 3427 promul·

970 3451 1112 3526 gararit,
1121 3452 1210 3526 ipsas
1226 3450 1435 3510 decernimus
1448 3465 1514 3509 nou
1527 3450 1640 3510 tenere
1653 3466 1660 3508 z
1677 3465 1767 3524 prae-

970 3550 1063 3609 terea
1088 3548 1128 3607 de
1152 3547 1357 3622 benignitate
1371 3547 1562 3622 Apostolica
1587 3546 1695 3606 eidem
1715 3546 1771 3606 in-

971 3646 1148 3716 dulsimus,
1165 3646 1203 3707 ut
1217 3645 1245 3704 si
1261 3645 1351 3705 terra
1366 3644 1473 3719 ipsius
1484 3643 1631 3705 extiterit
1642 3659 1769 3719 suppo-

972 3745 1038 3804 sita
1046 3743 1223 3804 interdicto
1235 3742 1271 3802 in
1281 3757 1348 3802 una
1363 3741 1537 3802 dumtaxat
1551 3740 1769 3801 ecclesiarum

969 3840 1049 3902 villa
1068 3840 1103 3900 in
1121 3855 1186 3915 qua
1201 3839 1312 3909 suerit,
1330 3853 1405 3899 cum
1419 3853 1479 3898 sex
1494 3837 1534 3898 de
1547 3837 1673 3897 familia
1690 3853 1763 3909 sua,

970 3936 1245 3998 tribusvidelicet
1260 3937 1431 4007 masculis,
1448 3939 1481 3997 et
1493 3935 1630 4000 totidem
1648 3934 1770 3995 mulie-

969 4034 1075 4106 ribus,
1113 4050 1133 4094 a
1167 4035 1303 4110 proprio
1332 4034 1437 4109 possit
1471 4032 1675 4108 presbytero,
1713 4032 1769 4107 qui

970 4132 1171 4193 auctoritate
1184 4132 1310 4205 nostra,
1327 4131 1384 4190 sed
1398 4130 1563 4190 submissa
1579 4145 1659 4189 voce
1679 4129 1770 4189 cele-

966 4228 1051 4300 bret,
1068 4227 1363 4289 excommunicatis
1383 4232 1414 4289 et
1436 4227 1622 4288 interdictis
1649 4226 1766 4286 exclu-

968 4326 1027 4396 010,
1041 4326 1166 4406 clausis
1187 4325 1315 4401 januis,
1339 4340 1405 4384 uon
1418 4323 1559 4399 pulsatis
1581 4324 1764 4398 campanis,

969 4423 1087 4484 audire
1103 4422 1227 4492 divina,
1243 4422 1320 4481 dum
1332 4423 1445 4481 tamen
1456 4420 1659 4482 comitissam
1674 4436 1768 4481 eam-

969 4519 1043 4579 dem
1066 4518 1244 4580 interdicto
1269 4520 1428 4592 praestare
1453 4532 1588 4577 causam
1620 4518 1766 4592 aliquam

968 4632 1035 4677 non
1051 4616 1233 4691 contingat.
1247 4614 1410 4686 Quocirca
1426 4615 1633 4686 mandamus,
1649 4616 1767 4690 quate·

968 4731 1032 4775 nus
1049 4713 1222 4790 praefatam
1235 4713 1438 4773 comitissam
1453 4714 1568 4774 contra
1582 4711 1764 4788 protectio-

969 4826 1057 4882 nem,
1081 4810 1328 4881 inhibitionem,
1346 4810 1615 4871 constitutionem
1631 4811 1765 4869 01001-

969 4909 1155 4970 cessionem
1182 4907 1371 4984 hujusmodi
1397 4923 1465 4967 non
1493 4905 1693 4983 permittatis
1723 4905 1764 4965 ab

968 5005 1080 5082 aliquo
1097 5004 1278 5074 molestari,
1291 5003 1520 5065 molestatores
1531 5001 1694 5061 indebitos
1706 5017 1765 5076 per

970 5099 1765 5175 censuramecclesiasticam‚appellatiouepost-

969 5199 1089 5276 posita,
1120 5200 1380 5273 compescentes.
1412 5195 1557 5267 Quodsi
1592 5211 1659 5256 uon
1687 5211 1764 5256 om-

968 5311 1039 5367 000,
1062 5297 1123 5357 etc.
1148 5297 1266 5356 Datum
1286 5294 1453 5365 Laterani,
1474 5296 1517 5353 IV
1540 5292 1614 5353 idus
1638 5294 1761 5366 martii,

968 5409 1057 5455 anuo
1072 5393 1211 5454 decimu.

1007 5495 1052 5552 In
1066 5493 1224 5552 cumdem
1237 5491 1377 5550 amdam
1391 5487 1550 5567 scriptum
1569 5489 1621 5551 est
1640 5489 1686 5548 Μ.
1702 5503 1761 5549 00-

968 5588 1119 5650 mitissae.
