3950 6200
212 303 271 364 175

212 462 318 540 perio,
331 478 446 539 regno,
459 464 591 542 juribus
606 465 640 525 et
656 463 840 524 honoribus
855 464 925 524 suis
944 463 1006 523 sub

211 558 301 622 beati
311 562 403 622 Petri
413 564 446 622 et
456 563 569 621 nostra
580 561 785 637 protectione
795 560 1005 637 suscipimus,

208 655 1009 733 districtiusinhibentesnequisinterimeainva·

212 752 301 823 dere,
313 753 463 814 minuere
479 753 530 813 vel
542 753 639 814 modo
654 753 801 829 quolibet
814 752 1008 828 perturbare

211 851 402 926 praesumat,
413 850 469 908 sed
479 850 630 925 usquead
639 849 927 925 reditumejussuh
937 865 1009 925 spe-

212 945 291 1007 ciali
306 946 505 1022 apostolicae
522 946 616 1006 Sedis
636 949 669 1006 et
682 947 1007 1023 archiepiscoporum

212 1043 246 1104 et
260 1043 489 1119 episcoporum
512 1043 704 1103 defensione
718 1042 823 1104 libera
843 1046 876 1104 et
898 1044 1008 1119 quiete

212 1140 408 1201 consistant.
426 1140 588 1212 Quocirca
612 1140 805 1202 discretioni
818 1142 937 1200 vestrae
950 1155 1010 1216 per

211 1237 402 1312 apostolica
416 1238 540 1314 scripta
556 1236 780 1313 praecipiendo
801 1237 1006 1307 mandamns

214 1334 388 1410 quatenus,
404 1335 430 1393 si
450 1334 505 1410 qui
522 1335 637 1395 contra
652 1333 910 1410 prohihitionem
925 1349 1008 1394 nos-

214 1434 299 1490 tram
315 1445 399 1490 ausu
420 1432 598 1491 temerario
614 1431 797 1503 venientes,
820 1430 925 1507 ipsius
941 1432 1008 1490 im.-

214 1527 380 1603 peratoris
396 1527 542 1588 honores
569 1529 602 1590 et
622 1531 712 1605 jura,
727 1544 800 1604 quae
823 1527 910 1588 inira
927 1527 1010 1586 llnes

212 1625 280 1685 tuae
293 1624 497 1701 metropolis,
514 1624 618 1685 trater
632 1625 894 1701 archiepiscope,
919 1624 1009 1685 ohti-

215 1725 284 1793 net,
307 1721 466 1783 invadere
487 1721 540 1782 vel
563 1722 713 1782 minuere
729 1738 787 1782 seu
803 1720 1012 1797 quomodoli-

213 1817 270 1879 bet
283 1819 543 1904 presumpserit,
556 1818 701 1879 indebite
718 1805 924 1895 perturbare,
942 1818 1009 1877 hu-

211 1913 1009 1992 jusmodipraesnmptores,undecumqueluerint,

216 2014 253 2073 ut
266 2028 286 2072 a
301 2028 362 2073 sua
378 2013 635 2089 presumptione
648 2013 810 2073 desistant
822 2014 855 2072 et
869 2011 909 2071 de
925 2026 1013 2087 pree·

216 2111 355 2186 sumptis
368 2110 512 2171 debitam
528 2109 789 2170 satisfactionem
807 2108 1009 2185 impendant,

216 2208 397 2268 monitione
419 2208 600 2283 praemissa,
616 2222 675 2283 per
689 2206 1010 2267 excommunicatio·

216 2304 342 2366 nemin
366 2319 525 2380 personas
554 2307 587 2365 et
612 2304 823 2363 interdictum
846 2303 1011 2363 incorum

214 2404 335 2472 terras,
352 2401 576 2478 appellatione
605 2402 744 2466 remota,
767 2401 905 2476 cogatis,
924 2416 1010 2475 quo-

215 2498 303 2560 tiens
327 2497 458 2559 lueritis
478 2497 642 2574 requisiti.
666 2497 758 2569 Quod
781 2498 811 2558 si
832 2513 899 2558 non
914 2496 1011 2557 ambo

217 2595 271 2655 his
294 2595 514 2672 exsequendis
534 2594 707 2671 potueritis
731 2594 904 2664 interesse,
926 2595 1013 2655 alter

217 2693 365 2754 vestrum
385 2707 424 2752 ea
449 2690 667 2751 nihilominus
682 2681 926 2766 exsequentur.
945 2693 1012 2750 Da-

219 2788 290 2849 tum
306 2789 474 2858 Laterani,
494 2787 603 2848 idibus
621 2788 783 2865 januarii,
800 2787 1011 2865 pontificatus

220 2884 327 2947 nostri
348 2900 436 2946 enno
452 2884 637 2945 undecimo.

552 3117 677 3204 XLIV

217 3271 269 3330 Ad
294 3270 486 3329 labeonem
509 3267 631 3327 rectum
657 3267 876 3344 Margarita,
898 3281 1010 3340 qttOtt-

247 3368 327 3427 dom
343 3364 731 3437 constantinopolitane
742 3366 989 3438 imperatricis.

486 3492 519 3549 lt
527 3492 650 3566 januarii
665 3494 743 3553 litt.

367 3616 460 3681 [Fciam
473 3616 534 3668 Cod.
549 3616 667 3680 diplom..
681 3617 725 3676 lll,
736 3630 766 3675 u,
781 3615 848 3680 tol.]

216 3745 289 3801 Eum
303 3741 339 3799 ed
353 3742 562 3814 expeditionem
576 3749 673 3809 contra
688 3742 855 3810 Petarenos,
867 3740 920 3797 seh
929 3755 1010 3797 corn·

278 3830 435 3886 minatione
455 3829 770 3897 excommunicationis,
790 3828 942 3900 compellit.

256 3963 438 4034 Honorius,
461 3964 536 4033 etc,
563 3961 684 4022 dilecto
706 3960 775 4021 illio
806 3961 910 4021 nobili
937 3963 1011 4023 viro

216 4060 374 4131 iohanni,
390 4059 468 4119 nato
493 4058 615 4118 nobilis
636 4058 786 4117 mulieris
806 4059 1010 4133 Margaritae,

217 4155 1009 4236 quondamimperatricisConstantinopolitanae,

218 4257 369 4326 salutem,
385 4257 447 4316 etc.

257 4352 464 4428 Significavit
479 4349 574 4412 nobis
588 4348 791 4411 venerabilis
811 4349 915 4411 irater
928 4366 1011 4410 nos-

822 306 998 367 HONORlI
1020 306 1065 366 111
1087 307 1233 367 OPERA.

1790 310 1847 369 176

1062 464 1204 526 sumitur
1228 462 1324 523 ildem
1357 462 1546 524 hominihus
1570 466 1774 538 servaturus,
1801 469 1856 542 qui

1062 576 1167 622 verax
1181 561 1244 637 ipsi
1261 576 1327 620 non
1342 562 1449 636 potest
1464 561 1609 622 existere
1623 563 1777 637 veritati3
1802 579 1858 624 no·

1062 658 1223 719 bilitatem
1236 659 1327 718 tuam
1339 673 1507 732 rogamus,
1521 674 1691 719 monemus
1702 662 1735 720 et
1749 660 1858 721 horta·

1063 770 1137 814 mur
1146 757 1283 826 attente,
1298 770 1358 831 per
1370 756 1557 831 apostolica
1567 755 1690 831 scripta
1703 757 1860 816 mandan-

1062 853 1123 922 teS,
1140 854 1303 927 quatenus
1326 851 1578 926 promissionem
1601 852 1692 912 tuam
1716 852 1861 914 fideliter

1064 963 1277 1024 prosequens,
1303 950 1418 1008 contra
1452 949 1651 1009 memoratos
1682 949 1860 1009 haereticos

1064 1061 1130 1104 una
1147 1061 1220 1104 cum
1237 1045 1394 1121 praedicto
1418 1044 1671 1120 archiepiscopo
1695 1045 1859 1122 procedas

1063 1141 1206 1202 viriliter
1220 1144 1252 1200 el
1268 1143 1436 1217 potentem
1459 1141 1595 1200 acturus
1620 1141 1667 1201 ita
1689 1157 1732 1201 ex
1747 1143 1861 1202 animo

1064 1254 1198 1298 calisam
1215 1238 1347 1307 Christi,
1372 1236 1457 1312 qnod
1474 1238 1617 1311 gratiam
1637 1238 1860 1315 inpraesenti,

1065 1337 1098 1396 et
1116 1336 1149 1394 in
1174 1333 1285 1395 laturo
1300 1335 1439 1408 gloriam
1456 1335 1628 1395 merearis.
1645 1335 1804 1412 Alioquin
1821 1352 1865 1396 ne

1064 1431 1124 1493 tibi
1140 1433 1254 1491 contra
1270 1431 1409 1491 salutem
1432 1433 1523 1491 tuam
1544 1431 1643 1492 noxie
1658 1431 1862 1503 deteramus,

1065 1529 1195 1590 dilectis
1211 1528 1289 1588 liliis
1305 1528 1482 1604 praeposito
1497 1530 1531 1589 et
1548 1528 1711 1611 ,magistro
1726 1529 1865 1604 Ypolito

1065 1626 1226 1686 canonico
1241 1624 1452 1692 Albensibus,
1471 1624 1727 1701 vesprimiensis
1743 1626 1865 1687 dioece-

1066 1724 1123 1790 sis,
1138 1723 1261 1783 nostris
1276 1722 1393 1782 damus
1407 1721 1527 1782 litteris
1540 1721 1574 1780 in
1587 1721 1764 1793 mandatis,
1779 1723 1817 1784 ut
1828 1725 1863 1784 te

1066 1820 1105 1880 ad
1118 1818 1350 1895 complendum
1363 1818 1572 1895 promissum,
1585 1817 1670 1894 quod
1682 1820 1754 1879 sine
1764 1819 1864 1893 gravi

1067 1920 1201 1992 peccato
1214 1932 1280 1976 non
1301 1931 1436 1975 servare
1459 1931 1525 1975 non
1547 1917 1651 1992 potes,
1669 1931 1727 1990 per
1739 1931 1867 1976 censu-

1066 2030 1136 2073 ram
1163 2013 1437 2083 ecclesiastioam,
1468 2010 1690 2088 appellatione
1720 2016 1864 2080 remota,

1066 2110 1197 2185 cognita
1214 2110 1353 2169 veritate
1377 2109 1587 2183 coinpellant.
1613 2110 1731 2169 Datum
1756 2111 1863 2171 Late-

1066 2207 1151 2275 rani,
1168 2208 1274 2266 XVlll
1287 2205 1447 2265 kalendas
1463 2204 1635 2274 februarii,
1649 2204 1865 2281 pontificatus

1067 2303 1172 2365 nostri
1187 2318 1275 2363 anno
1291 2302 1476 2362 undecimo.

1154 2621 1206 2683 Aa
1231 2622 1452 2683 Theutontcos
1474 2624 1566 2681 cloes
1591 2623 1632 2682 de
1656 2623 1766 2682 Visite.

1334 2744 1366 2799 li
1374 2741 1498 2815 januarii
1515 2743 1595 2798 liat.

1176 2857 1368 2920 [Turgenerins
1384 2857 1449 2906 llon.
1464 2856 1571 2914 Russire,
1584 2855 1752 2920 1,2o,u.ao.]

1066 2975 1099 3030 ln
1114 2971 1195 3031 Sedis
1213 2972 1384 3045 apostolice
1402 2972 1519 3029 tutelam
1534 2972 1717 3043 recipiuntur,
1735 2985 1770 3027 eo
1785 2970 1866 3042 quod

1226 3059 1385 3135 neophytos
1399 3060 1521 3117 Estonie
1534 3057 1698 3117 defendunt.

1106 3188 1272 3250 Honorius
1313 3189 1499 3264 episcopus,
1538 3202 1653 3247 servus
1686 3201 1862 3247 servorum

1066 3286 1162 3347 Dei...
1179 3284 1393 3345 Theutonicis
1410 3282 1538 3344 civibus
1553 3282 1594 3344 de
1608 3281 1712 3343 Visbn
1725 3281 1863 3343 inhahi-

1065 3382 1228 3445 tatoribus
1243 3381 1424 3451 Golandiae,
1442 3382 1505 3441 etc.

1107 3480 1175 3541 Etsi
1204 3480 1340 3539 cunctos
1367 3477 1490 3537 Christi
1523 3475 1640 3536 fideles
1667 3475 1863 3551 Apostolica

1067 3578 1168 3638 Sedes
1180 3578 1340 3651 tanquam
1356 3574 1410 3650 pia
1426 3577 1532 3633 mater
1545 3574 1640 3648 gerat
1653 3572 1689 3632 in
1712 3572 1863 3633 visceri·

1066 3673 1127 3733 bus
1142 3672 1302 3738 caritatis,
1317 3687 1375 3731 eos
1385 3673 1507 3740 tamen,
1525 3685 1606 3746 quos
1625 3669 1659 3728 in
1672 3667 1736 3729 lide
1751 3668 1865 3729 stabi-

1066 3771 1127 3843 les,
1142 3775 1175 3831 et
1189 3770 1223 3829 in
1237 3784 1336 3844 opere
1356 3767 1520 3843 conspicit
1534 3766 1697 3836 efficaces,
1723 3765 1866 3841 speciali

1066 3868 1255 3929 dilectionis
1270 3866 1391 3926 affectu
1413 3864 1646 3939 complectens,
1663 3863 1755 3924 tanto
1770 3862 1869 3938 ipso-

1066 3982 1139 4025 rum
1155 3965 1241 4024 votis
1264 3963 1352 4023 lavet
1372 3960 1600 4024 favorabilius.
1617 3962 1741 4035 quanto
1762 3959 1866 4019 iidem

1066 4067 1139 4138 ejus
1154 4061 1295 4137 gratiam
1308 4059 1403 4136 quasi
1426 4057 1570 4133 propriis
1582 4057 1710 4117 meritis
1727 4055 1791 4116 sibi
1806 4057 1867 4116 vi-

1066 4160 1186 4219 dentur
1196 4157 1321 4233 justius
1337 4154 1525 4215 vendicare.
1545 4155 1626 4213 Cum
1650 4153 1763 4227 igitur,
1778 4153 1868 4215 sicut

1067 4255 1265 4331 accepimus,
1281 4252 1353 4313 zelo
1379 4250 1455 4310 tidei
1482 4250 1680 4311 Christianae
1708 4251 1866 4310 succensi

1067 4353 1198 4413 noviter
1212 4364 1391 4411 conversos
1407 4347 1448 4408 ad
1471 4346 1569 4407 iidem
1584 4347 1619 4406 in
1636 4345 1785 4422 partibus
1800 4347 1865 4406 Li-

215 4456 279 4521 ter,
296 4450 566 4525 archiepiscopus
589 4446 791 4518 Colocensis,
809 4448 894 4524 quod
913 4449 949 4508 tu
964 4450 1013 4507 CC
1066 4450 1185 4519 conize,
1205 4450 1237 4509 et
1253 4446 1425 4506 listoniaea
1440 4443 1706 4521 persecutoribus
1720 4442 1867 4505 sollicite

217 4548 340 4608 marcis
364 4547 507 4622 receptis
527 4545 568 4606 ab
584 4563 635 4617 e0,
653 4546 761 4606 crucis
783 4548 816 4606 te
839 4545 1012 4620 signaculo
1067 4546 1262 4613 defendatis,
1281 4545 1350 4604 tam
1375 4542 1526 4617 paganis,
1543 4556 1642 4616 quam
1662 4540 1803 4600 Rutenis
1819 4541 1869 4600 si·

218 4643 388 4718 insignisti
404 4646 519 4703 contra
543 4643 720 4703 haereticos
748 4642 789 4702 de
809 4642 932 4702 Bosnia
950 4659 1014 4718 pu-
1066 4643 1177 4704 rillter
1199 4640 1398 4710 obsistendo,
1417 4654 1488 4709 nos,
1501 4638 1621 4698 vestris
1641 4635 1867 4712 supplicatio-

216 4743 389 4819 gnaturus.
408 4739 471 4800 Sed
487 4754 698 4815 nequaquam
722 4739 908 4809 attendens,
926 4739 1012 4814 quod
1068 4739 1165 4800 nibus
1180 4738 1377 4806 annuentes,
1393 4751 1464 4803 vos,
1489 4735 1669 4803 civitatem,
1685 4735 1718 4793 et
1732 4734 1868 4809 portum

216 4838 314 4910 lallit,
328 4836 437 4913 -qui
452 4839 553 4897 Deum
569 4834 684 4904 credit,
707 4866 745 4879 -
761 4834 816 4910 qui
832 4835 1013 4895 secundum
1067 4838 1214 4896 restrum
1230 4832 1291 4893 sub
1315 4831 1404 4891 beati
1427 4830 1519 4890 Petri
1545 4832 1577 4889 et
1599 4832 1712 4889 nostra
1728 4830 1867 4904 proteo-

216 4936 411 5014 Apostolum
427 4933 562 4993 minime
581 4930 750 5001 irridetur,
774 4930 831 4990 sed
848 4930 1013 4990 derisores
1068 4932 1157 4992 tione
1181 4930 1390 5005 suscipimus,
1416 4929 1449 4989 et
1472 4926 1646 5002 praesentis
1669 4925 1787 5001 scripti
1799 4942 1867 5002 pa·
1921 4948 1924 4957 ⁴

217 5035 289 5111 ipse
303 5032 441 5102 deridet,
460 5031 576 5091 contra
591 5028 696 5088 dictos
711 5028 886 5087 haereticos
899 5027 1015 5088 hacte-
1068 5028 1209 5089 trocinio
1225 5026 1478 5093 communimus,
1495 5021 1687 5098 expressius
1703 5021 1867 5083 inhiben-

218 5149 282 5193 nus
306 5147 372 5192 non
398 5127 524 5189 curasti
551 5125 741 5202 procedere,
759 5123 800 5184 eb
820 5124 935 5184 eodem
955 5140 1014 5184 ar·
1067 5128 1117 5186 tes
1133 5124 1270 5199 nequis,
1286 5136 1398 5198 proco
1414 5119 1499 5195 quod
1522 5119 1562 5179 ad
1577 5118 1816 5189 Osilianorum,
1832 5122 1869 5182 et

218 5229 430 5305 chlepiscopo
441 5225 566 5301 pluries
580 5223 759 5299 requisitus
770 5244 777 5293 ;
790 5221 857 5298 qui,
871 5221 899 5280 si
913 5235 1014 5297 prop·
1068 5223 1209 5282 aliarum
1238 5219 1385 5294 gentium
1402 5215 1654 5278 conversionem
1676 5215 1865 5290 intenditis,

217 5330 268 5389 ter
283 5326 346 5386 hoc
368 5325 451 5385 nihil
468 5321 662 5397 recepisses,
689 5319 827 5380 deberes
842 5318 1014 5378 nihilomi-
1066 5318 1161 5380 vohis
1192 5316 1377 5377 molestiam
1415 5313 1548 5384 inferat,
1579 5312 1630 5374 vel
1668 5327 1866 5386 gravamen.

218 5439 281 5484 nus
305 5437 348 5481 ex
371 5420 482 5481 animo
514 5417 669 5496 persequi
695 5415 850 5493 perfidos,
877 5416 912 5476 ut
936 5416 1012 5475 lidei
1067 5415 1158 5475 Nulli
1174 5429 1264 5487 ergo,
1277 5414 1352 5482 etc,
1370 5413 1493 5472 nostrae
1509 5408 1737 5484 protectionis,
1747 5411 1810 5470 etc.
1829 5411 1867 5473 si

218 5524 284 5583 tuae
312 5517 462 5594 probatio
485 5515 608 5577 clarius
639 5514 797 5575 eluceret.
826 5512 910 5584 Quia
931 5528 1012 5574 vero
1067 5513 1141 5589 quis
1156 5515 1278 5580 autem,
1295 5512 1357 5570 etc.
1378 5510 1497 5569 Datum
1520 5506 1689 5573 Laterani,
1705 5508 1780 5568 XVI
1802 5506 1870 5569 ka-

219 5615 371 5693 displicet
387 5618 453 5675 Deo
477 5611 653 5690 promissio
673 5611 829 5683 infidelis,
845 5626 906 5672 nec
921 5626 1012 5688 pree·
1066 5609 1182 5670 lendes
1198 5605 1369 5676 februarii,
1386 5619 1474 5669 anno
1487 5602 1672 5663 undecimo.
