3950 6200
1910 7 1916 151 l

281 312 342 377 ros
703 311 737 371 ss
766 307 941 371 aurona
969 306 1158 370 ranusur
1187 307 1325 371 onaan
1353 304 1500 370 ouum.
1817 315 1863 382 (ω

282 484 370 535 mam
394 469 505 535 erucis
525 470 665 532 mortem
687 468 934 546 extinguamus,
946 469 982 530 ut
1002 480 1076 529 am
1382 468 1524 530 suano
1538 466 1661 529 axau.

282 571 371 649 plius
394 584 514 632 nomen
547 570 620 645 ejus
648 580 715 631 non
753 568 966 631 memoretur.
1010 565 1075 629 Sed
1129 598 1171 658 Da
1184 594 1370 672 dopmno
1392 597 1588 672 mmmm,
1600 604 1628 655 at
1640 596 1833 662 mmm,
1844 612 1864 665 a

281 670 386 731 totum
401 665 751 742 contrariumevenit3
773 665 851 744 quia
873 666 1076 743 quitantum
1383 687 1573 746 damme
1586 688 1658 746 m
1827 646 1833 677 '

281 765 318 828 tn
343 765 459 828 Judaea
485 766 560 827 erat
585 765 774 826 notusante
790 764 1077 842 passionem.post

250 940 253 946 .
282 862 474 942 passionem
489 861 622 940 quidem
637 866 675 924 in
693 874 830 925 omnem
846 863 982 924 terram
993 864 1075 924 emi·

282 962 332 1022 ro
346 974 590 1023 summorum
605 958 664 1039 (1).
687 962 728 1022 Et
748 959 814 1021 nisl
839 974 980 1036 granum
1001 959 1075 1021 iru-
1918 1030 1919 1043 χ

283 1057 387 1120 menti
410 1057 533 1119 cadens
566 1056 602 1118 in
628 1059 719 1119 terra
752 1058 920 1119 mortuum
945 1056 1074 1129 suisset,
1170 1055 1251 1117 Cum
1274 1056 1496 1133 pertranseat,
1516 1070 1602 1116 vana
1627 1055 1749 1133 quidem
1767 1058 1809 1119 est
1824 1059 1866 1121 ln-

282 1155 391 1233 ipsum
416 1155 523 1217 solum
547 1155 745 1217 mansisset:
763 1156 797 1217 et
817 1154 895 1232 quia
909 1156 1076 1217 mortuum
1130 1152 1231 1214 minis
1252 1152 1442 1215 sollicitudo
1472 1170 1481 1214 :
1509 1154 1647 1228 frustra
1677 1154 1867 1225 assumar,

284 1252 357 1325 luit.
374 1252 514 1317 multum
530 1251 673 1314 fructum
688 1252 788 1315 affert
801 1251 862 1332 (2).
1131 1264 1205 1311 cum
1233 1251 1445 1328 pertranseat
1467 1252 1506 1311 lu
1533 1250 1868 1325 annominasset
1919 1264 1920 1313 l

322 1352 435 1413 Iltnos
450 1350 624 1412 moraliter
635 1350 804 1412 mittamus
819 1349 947 1426 lignum
969 1350 1005 1411 iu
1022 1365 1078 1427 pa·
1131 1346 1252 1425 imago.
1270 1347 1364 1411 Unde
1379 1345 1441 1410 lob
1457 1343 1522 1428 (20,
1537 1349 1558 1409 o
1571 1346 1612 1409 ad
1624 1345 1658 1426 8)
1677 1367 1685 1407 2
1703 1362 1721 1406 a
1738 1347 1869 1410 Siasou-

283 1462 359 1510 nem
376 1450 461 1525 ejus,
478 1447 537 1509 sed
556 1447 625 1510 alia
646 1448 789 1520 ratione,
817 1449 851 1509 et
878 1447 1075 1522 intentione,
1131 1444 1218 1507 derit
1228 1446 1264 1507 iu
1277 1444 1326 1526 (4)
1342 1445 1463 1508 coelum
1486 1443 1642 1523 superbia
1659 1448 1737 1522 ejus,
1757 1447 1785 1507 et
1802 1448 1870 1522 caput

283 1561 382 1623 quam
397 1545 504 1622 iniqui
519 1545 638 1609 Judael.
664 1546 806 1622 Lignum
821 1545 1078 1624 quidemiupa·
1130 1544 1205 1619 ejus
1222 1541 1328 1605 nubes
1351 1542 1499 1619 tetigerit
1524 1563 1533 1603 t
1556 1541 1652 1620 quasi
1673 1541 1870 1620 slelsullluiuu

283 1657 360 1705 uem
375 1645 447 1720 ejus
462 1643 604 1716 mittere,
618 1644 670 1706 ast
686 1644 881 1706 memoriam
894 1643 1076 1707 Dominicm
1130 1639 1245 1702 lntlue
1259 1640 1433 1718 perdetur3
1447 1642 1481 1703 et
1495 1639 1552 1718 qul
1566 1638 1869 1716 viderunttbldlcout·
1920 1628 1921 1713 ἒ

283 1740 450 1818 passionis
465 1740 589 1803 babere
602 1741 638 1801 iu
653 1742 772 1813 ments,
799 1741 832 1802 et
856 1739 1075 1803 imitationem
1131 1736 1195 1800 ilbi
1220 1740 1293 1800 esti
1308 1756 1327 1799 a
1341 1739 1381 1801 nt
1403 1737 1576 1816 quaeritur,
1600 1735 1870 1815 quomodoirausitt

283 1838 319 1901 in
333 1852 484 1916 corpore,
501 1838 696 1900 utdicamus
711 1852 787 1903 cum
796 1838 1076 1916 Apostolozcllgo
1131 1835 1225 1898 Sicut
1256 1835 1344 1898 visio
1374 1838 1551 1907 nocturna,
1577 1837 1614 1897 et
1646 1834 1728 1896 sicut
1748 1832 1871 1894 somnium

283 1936 440 2012 stigmata
454 1935 586 1997 Domini
600 1936 798 2000 nostrliasu
811 1936 985 1998 christiin
1000 1952 1077 1998 ror-
1129 1933 1270 1995 avolans
1293 1948 1360 1994 non
1386 1933 1589 1995 invenietur.
1617 1934 1701 2008 lirun
1722 1930 1806 1992 bomo
1819 1944 1872 2008 par-
1921 2006 1922 2013 ἵ

282 2044 364 2111 pore
386 2048 461 2095 meo
487 2030 682 2112 parterm).
698 2033 786 2095 Rutb
803 2031 986 2095 buccellam
1011 2049 1075 2111 pa·
1129 2030 1261 2103 transit,
1279 2031 1366 2093 sicut
1379 2031 1576 2107 imagused
1589 2030 1765 2104 albastro
1774 2029 1873 2091 metm

283 2130 337 2192 nls
352 2130 388 2192 in
398 2132 494 2194 aceto
509 2132 595 2192 Booz
612 2131 767 2208 intingat.
783 2130 843 2192 vel
858 2131 967 2203 aliter,
985 2131 1076 2193 ulad
1130 2128 1244 2190 lutto.
1261 2131 1440 2206 Superque
1454 2128 1627 2191 aDornluo
1639 2129 1718 2192 alibi
1730 2125 1873 2204 munimur,

283 2228 491 2306 propositum
519 2230 651 2306 aptetur
671 2249 679 2289 r
709 2230 879 2291 Mittamus
894 2229 1021 2306 lignum
1040 2229 1076 2291 lu
1131 2225 1188 2286 ubi
1212 2225 1294 2288 dicit
1307 2225 1382 2307 (d):
1404 2228 1474 2303 Ego
1492 2226 1564 2288 dixi
1585 2247 1595 2288 z
1618 2227 1671 2289 Dii
1689 2227 1773 2296 esda
1790 2228 1817 2285 et
1831 2222 1874 2283 dlii

284 2329 501 2404 panemejus‚
517 2325 798 2390 idestdoctrinam
813 2329 1075 2403 ajnseonverla-
1131 2323 1264 2385 ilxcelsi
1287 2336 1413 2388 omues.
1438 2326 1506 2386 vos
1530 2326 1643 2386 autem
1663 2324 1745 2386 sicut
1764 2321 1876 2383 bonnas
1922 2362 1923 2431 1

282 2439 368 2498 mus,
384 2425 418 2486 et
440 2424 489 2485 sic
513 2422 751 2486 offendiculum
770 2424 932 2502 patiatur3
949 2424 1077 2501 lignum
1131 2421 1332 2494 moriemini,
1349 2423 1383 2484 et
1395 2422 1482 2485 sicut
1495 2437 1584 2483 uuus
1598 2421 1642 2485 de
1655 2419 1876 2500 principibusu·
1922 2450 1923 2499 r

282 2521 372 2584 enlm
384 2521 622 2584 offendiculum
635 2521 759 2584 dicitur
772 2521 915 2583 Domini.
929 2525 1077 2600 Perper·
1131 2518 1231 2583 detis,
1263 2520 1367 2592 Quasi
1389 2519 1481 2582 dicat
1505 2536 1514 2581 ε
1541 2518 1620 2581 Dixi
1639 2518 1741 2591 robis,
1762 2512 1875 2596 quodlil

281 2633 381 2683 versa
423 2618 514 2681 euim
560 2619 710 2681 virorum
762 2620 1076 2682 Ecclesiasticorum
1131 2616 1612 2688 estis‚etlillilixcelsiomnes
1626 2615 1875 2696 peremptionem

283 2717 438 2797 exempla
459 2717 610 2779 redditur
628 2717 766 2780 verbnm
784 2721 845 2781 Dei
862 2719 960 2781 laicis
974 2719 1076 2781 odio·
1131 2714 1285 2776 muman
1300 2713 1383 2775 mini
1400 2714 1538 2777 eredere
1554 2728 1624 2777 non
1640 2714 1748 2787 ruitis,
1768 2706 1877 2773 seddit-
1923 2746 1924 2779 ;

283 2829 367 2877 sum.
386 2814 480 2877 Unde
493 2814 556 2876 Job
574 2813 639 2894 (19,
656 2814 711 2893 20)
729 2838 736 2877 :
753 2816 870 2878 «Pelii
885 2832 979 2889 mem,
995 2832 1078 2878 con·
1130 2810 1207 2873 bolo
1222 2811 1423 2883 credidistis,
1444 2812 1502 2889 qui
1522 2811 1612 2874 dixit
1626 2811 1719 2874 robis
1734 2804 1878 2871 :Eritissi-
1923 2790 1924 2813 ¹

284 2912 426 2988 sumptis
440 2910 609 2984 carnibus,
630 2912 771 2974 adhaesit
798 2929 836 2976 os
860 2929 983 2975 meum.
999 2930 1018 2974 a
1033 2917 1077 2975 os
1131 2910 1187 2971 cut
1202 2909 1253 2970 Dli
1271 2908 1367 2989 (den.
1384 2911 1417 2982 3,
1431 2908 1485 2987 ὅ),
1510 2910 1546 2971 el
1563 2909 1642 2972 ideo
1661 2910 1743 2971 siout
1766 2903 1879 2968 bouus

285 3007 455 3071 Christum
478 3007 655 3084 significat,
672 3009 751 3086 quia
766 3013 818 3073 est
840 3009 999 3073 fortitudo
1014 3012 1078 3073 lic·
1131 3006 1322 3069 moriemini
1342 3006 1590 3079 miserabiliter,
1616 3009 1650 3070 et
1676 2998 1878 3068 sicutuuusls

283 3105 642 3185 etesiarumque
668 3106 814 3170 vicinior
836 3109 897 3182 est,
925 3108 1078 3185 designat
1132 3104 1339 3184 principibus
1354 3103 1491 3174 cadetis,
1507 3105 1594 3188 idest
1609 3099 1880 3168 daemonibusdan·
1924 3103 1925 3160 l

283 3202 376 3266 siros
402 3203 581 3266 litteratos.
603 3203 718 3277 Pollis,
748 3218 822 3282 quaa
848 3205 997 3268 exterior
1012 3207 1076 3280 est,
1131 3202 1301 3266 nabiliter.
1318 3199 1880 3282 onasusclasiastici(19‚a):‹lr

283 3300 452 3377 siguificat
480 3300 596 3363 laicos.
621 3302 709 3364 Dicit
735 3318 815 3380 ergo
835 3303 996 3365 Dominus
1011 3326 1019 3365 ε
1033 3306 1077 3366 Os
1130 3300 1237 3374 trado,
1256 3301 1435 3364 etrermes
1451 3299 1700 3363 haereditabunt
1718 3296 1882 3364 eumelu-

281 3413 402 3471 meum,
417 3398 502 3461 idest
515 3398 668 3462 doctrina
682 3400 927 3476 meadevotius‚
941 3400 1078 3464 etiami·
1130 3398 1311 3461 tollaturin
1326 3399 1516 3476 exemplum
1530 3401 1656 3476 majus,
1679 3399 1711 3460 et
1729 3387 1883 3459 ulutate

282 3494 553 3560 liariusadbaesit
565 3497 750 3574 pollinem,
764 3497 849 3561 idest
861 3499 1077 3562 virisillitte-
1131 3509 1271 3559 numero
1290 3496 1404 3558 anima
1430 3498 1551 3573 ejus.»
1575 3498 1616 3557 lu
1631 3496 1696 3558 boo
1717 3491 1794 3573 quod
1815 3485 1880 3554 auu

282 3593 377 3666 ratis,
394 3609 493 3671 quam
513 3593 597 3672 ipsis
612 3594 780 3666 litteratis,
797 3596 855 3673 qul
872 3598 1077 3673 consumptae
1132 3594 1271 3672 putredo
1285 3595 1320 3657 et
1332 3607 1462 3656 vermes
1484 3591 1733 3657 haereditabunt
1753 3603 1826 3658 eum,
1844 3598 1884 3644 ⁰⁸·

282 3705 403 3754 carnea
424 3691 591 3754 dicuntur.
622 3694 663 3755 nt
685 3692 862 3756 subditur:
885 3707 904 3753 s
926 3695 966 3755 Et
979 3694 1079 3756 dere-
1131 3691 1279 3753 tenditur
1290 3706 1379 3752 mors
1387 3689 1534 3753 bominis
1542 3689 1786 3753 miserabiliter.
1797 3682 1882 3746 lnior

282 3788 363 3850 licta
395 3791 474 3851 sunt
499 3789 727 3852 tantummodo
743 3790 833 3853 labia
855 3791 946 3853 circa
961 3790 1077 3854 dentes
1132 3788 1232 3866 quod,
1247 3788 1383 3850 tolletur
1394 3788 1436 3850 de
1453 3803 1591 3849 numero
1606 3787 1720 3849 anima
1733 3777 1883 3863 ejusdam-

282 3898 386 3946 meos.
414 3887 575 3948 »Dentes
615 3887 694 3948 sunt
733 3887 983 3963 predicatores,
1019 3888 1078 3965 qui
1131 3886 1254 3964 gratur
1276 3900 1375 3948 casus
1396 3884 1646 3947 damnabiliter.
1673 3887 1713 3947 nt
1728 3883 1808 3954 nota,
1824 3873 1881 3955 uitii

283 3980 370 4042 alios
385 3980 694 4045 debentiustruere.
719 3984 786 4061 ipsi
801 3999 973 4063 nunquam
999 3985 1079 4046 imi·
1132 3983 1215 4046 dicit
1227 3983 1408 4045 extolletur
1420 3982 1455 4044 in
1468 3982 1659 4060 exemplum
1668 3972 1881 4059 majusutaul·

152 4137 157 4148 ,
282 4078 343 4142 tati
359 4079 438 4141 sunt
460 4094 513 4140 me
537 4079 705 4153 manibus,
729 4080 788 4143 ssd
809 4081 1077 4145 habeuttantum
1132 4093 1273 4158 eumque
1296 4080 1418 4142 viderit
1439 4080 1606 4141 bominem
1632 4081 1680 4142 lta
1699 4065 1886 4141 occulunt

281 4175 384 4251 labia,
400 4176 657 4246 scilicetverba,
678 4180 712 4241 el
740 4191 807 4241 nou
824 4195 942 4258 opera.
956 4181 1079 4244 Merito
1131 4179 1247 4255 postea
1271 4177 1510 4240 miserabiliter
1544 4176 1749 4254 depressum,
1784 4172 1814 4232 in
1840 4167 1885 4226 boc

280 4289 362 4351 ergo
388 4274 470 4338 dieii
493 4277 654 4338 Dominus
670 4297 678 4337 ε
694 4280 807 4339 Amici
819 4281 900 4351 mci,
928 4279 963 4340 et
986 4293 1076 4354 pln-
1130 4275 1463 4355 exemplodooeatur‚
1474 4275 1509 4338 et
1520 4274 1720 4345 instruatur.
1735 4264 1886 4351 quoddam

281 4374 375 4433 mimi
386 4376 466 4444 mei,
482 4376 672 4436 odomsum
695 4388 751 4436 me
770 4377 1076 4450 appropinquare·
1131 4372 1388 4436 rabilitersiout
1401 4372 1556 4435 diabolus
1570 4369 1765 4449 punitrr3ut
1777 4363 1893 4430 balau-

282 4469 380 4541 ount,
396 4469 431 4530 et
445 4471 632 4533 stotmwlt.
649 4472 872 4550 &audentius
886 4472 976 4535 enim
986 4472 1078 4536 vide·
1132 4472 1167 4533 iu
1182 4469 1355 4533 Ezechiele
1376 4468 1444 4549 (32,
1460 4468 1515 4549 22)
1533 4485 1541 4531 τ
1556 4467 1605 4530 lbi
1617 4457 1890 4540 sucurrendu-

281 4579 366 4636 mus,
397 4566 483 4642 quod
518 4567 687 4645 simplices
722 4569 801 4631 laici
837 4586 912 4632 cum
938 4571 1077 4648 majoris
1131 4569 1240 4638 bolus,
1253 4556 1886 4644 etomnismultitudoeluascilicetda·

281 4659 457 4723 charitatis
471 4663 592 4724 ardore
607 4663 795 4727 doctrinam
817 4666 943 4730 Christi
967 4667 1079 4729 susci·
1132 4679 1280 4734 monum,
1310 4666 1347 4727 ln
1375 4664 1524 4730 circuitu
1542 4665 1617 4742 elue
1645 4662 1793 4740 sepulcra
1806 4653 1886 4720 illius,

281 4758 388 4838 piunt,
405 4767 504 4835 quam
516 4759 667 4824 litterati.
1131 4765 1218 4827 idest
1235 4763 1482 4835 damnatorum,
1496 4777 1572 4841 quae
1593 4761 1672 4830 sunt
1690 4757 1829 4836 sepulcra
1840 4750 1890 4811 dit·

1132 4861 1214 4924 boli.

1111 4939 1115 4970 ¹
1172 4959 1228 5021 Sic
1241 4973 1320 5034 ergo
1340 4958 1478 5033 [taetro
1493 4949 1830 5020 conturbaremus
1844 4944 1893 5004 bl·

1134 5071 1197 5116 mo.
1212 5056 1259 5115 De
1269 5069 1334 5132 qua
1349 5051 1602 5117 conturbatione
1617 5036 1898 5112 nabeturlulioclb

1133 5151 1268 5214 siastioo
1284 5150 1347 5230 (34,
1364 5149 1417 5229 5):
1433 5150 1602 5213 Divinatio
1614 5147 1752 5219 erroris,
1767 5146 1798 5206 ct
1808 5149 1898 5212 aunt*

1132 5250 1184 5312 ria
1209 5247 1395 5321 mendacia,
1421 5250 1455 5312 et
1478 5247 1608 5310 somnia
1631 5236 1897 5308 malefacientium}

1131 5347 1264 5409 vanitas
1290 5346 1352 5409 est.
1378 5345 1515 5408 Somnia
1538 5341 1815 5407 malefacientium
1836 5327 1894 5393 wll

1135 815 1587 891 Verumtamenlnlmaotne
1596 816 1773 891 pcrlromll
1781 822 1865 883 bomo.-
1917 768 1918 817 3

1168 916 1230 976 sed
1239 913 1273 976 et
1286 914 1424 989 snulro
1435 914 1669 977 conturbatur.
1684 912 1748 993 (Ps.
1760 916 1842 997 aba.)

319 5503 360 5574 (Ι)
381 5504 459 5569 Ptul.
473 5505 517 5572 18,
533 5504 560 5565 5.
1169 5503 1210 5572 (a)
1230 5505 1315 5577 Vulg.
1332 5518 1424 5576 usque
1436 5501 1483 5559 ad.

319 5576 361 5644 ul
381 5574 464 5638 loun.
480 5577 523 5646 lt,
539 5577 575 5635 bt
587 5576 667 5637 elli.
1168 5575 1212 5717 (53
1229 5575 1315 5702 vulf.
1331 5589 1397 5631 aum
1412 5571 1553 5630 videraut.

319 5647 361 5721 (3)
382 5644 509 5719 Gilii-⁶,
530 5649 572 5706 ¹⁷·
1169 5647 1198 5720 (6
1232 5646 1285 5704 Pau
1301 5689 1307 5702 .
1321 5645 1393 5713 81,b
1407 5643 1474 5701 cll.
