3950 6200
105 379 156 441 aas
257 352 266 373 “
644 382 1023 444 1111111111111.·-
1041 384 1161 445 vrrs*
1655 379 1716 440 aoo

102 551 150 615 pro
161 534 240 597 bono
252 536 367 614 iniqua
382 536 609 600 vicissitudine
633 540 865 616 rependentes,

101 636 173 694 ineo
195 648 252 693 nos
275 635 398 697 acriter
415 638 647 711 provocarunt,
664 637 699 697 11
718 652 781 713 quo
808 637 868 698 de-

100 717 222 791 buerant
232 731 328 790 nobis
343 748 467 793 summo
476 733 586 794 studio
596 733 766 810 potissime
781 749 867 795 com·

101 828 219 904 placare.
254 829 337 887 Cum
363 830 450 889 enim
485 829 619 891 beatum
651 831 865 891 Franciscum

100 923 296 999 glorificatum
312 925 349 984 in
360 926 463 997 coelis,
480 927 703 988 clarificantes
719 927 866 988 interris

98 1021 864 1098 ipsum,ascripserimuscatalogoflonfessorum,

98 1116 326 1179 etinbonorem
350 1122 421 1195 eius
443 1119 618 1181 ecclesiam
642 1120 775 1181 fundari
802 1137 865 1181 vo-

98 1212 181 1273 lentes
191 1213 229 1273 de
247 1215 401 1276 manibus
416 1216 539 1277 nostris
552 1217 662 1293 lapide
675 1216 722 1277 ibi
736 1218 865 1293 prima-

97 1309 135 1370 rio
153 1311 269 1385 posito,
296 1312 470 1391 ipsamque
497 1313 692 1374 duxerimus
716 1316 867 1375 eximan-

96 1406 164 1479 dam,
177 1409 210 1468 ut
228 1407 393 1470 libertatis
421 1411 527 1472 titulis
549 1409 705 1472 decorata
735 1426 866 1487 semper

96 1501 194 1564 niteret
206 1504 360 1576 celebris,
376 1508 410 1568 et
425 1507 578 1582 insignis
595 1508 660 1584 ipsi
675 1524 742 1568 non
757 1509 867 1569 atten-

47 1614 49 1617 ’
96 1599 187 1662 tantm
199 1601 377 1664 innumera
392 1603 490 1675 bona,
504 1620 577 1681 quaa
593 1606 721 1666 civitati
737 1621 863 1677 eorum,

97 1697 154 1772 quin
164 1698 257 1760 etiam
271 1700 441 1761 universis
456 1704 489 1763 et
503 1702 645 1777 singulis
661 1702 781 1763 exinde
801 1717 864 1778 po-

95 1794 179 1855 terant
192 1796 382 1871 provenire,
399 1799 510 1858 omnia
524 1798 864 1879 perturbaruntom-

95 1889 138 1949 nia
147 1892 372 1965 confuderunt,
390 1893 425 1953 in
439 1896 625 1957 animarum
651 1911 787 1957 suarum
807 1910 866 1971 pe·

95 1987 225 2060 riculum,
258 1989 360 2051 famae
393 1991 604 2067 dispendium
640 1994 674 2052 et
699 1994 864 2068 jacturam

95 2084 170 2144 eliam
195 2086 422 2163 temporalem.
451 2090 569 2149 Sciunt
593 2088 756 2165 siquidem
778 2088 864 2165 quod

94 2194 138 2239 nos
150 2182 394 2244 sanctissimum
417 2200 537 2260 corpus
552 2184 758 2246 confessoris
778 2200 865 2261 prae·

47 2274 48 2277 ’
96 2273 153 2337 dicti
170 2279 220 2353 pio
232 2295 352 2342 amore
365 2280 605 2343 venerabiliter
622 2281 862 2358 amplexantes

95 2374 320 2438 translationem
351 2380 423 2453 ejus
449 2378 580 2440 dilectis
611 2378 689 2438 filiis
714 2379 863 2453 generali

94 2469 227 2540 ministro,
242 2475 276 2535 et
291 2473 494 2551 quibusdam
507 2476 584 2535 aliis
596 2475 754 2537 iratribus
767 2476 865 2537 Ordi-

94 2567 299 2632 nislliuorum
325 2571 411 2632 viris
430 2571 614 2647 religiosis,
638 2574 672 2634 et
686 2573 861 2645 timoratis

47 2736 48 2749 χ
94 2664 220 2741 unquam
268 2667 414 2730 vicariis
458 2669 600 2741 nostris,
638 2669 864 2730 commisimus

47 2790 49 2837 3
94 2762 278 2836 audenter,
295 2781 374 2826 cum
391 2766 535 2825 nonnisi
549 2767 865 2843 auctoritateApos-

47 2852 48 2939 f
94 2857 176 2921 lulica
200 2861 294 2923 Sedis
316 2863 409 2923 esset
426 2863 602 2925 translatio
618 2863 783 2936 facienda,
800 2864 865 2924 ibi-

47 2970 49 3035 ξ
93 2971 139 3031 pua
153 2958 238 3020 illam
263 2960 495 3021 concessimus
519 2960 771 3036 indulgentiam,
791 2978 863 3038 qnae

47 3103 49 3152 ;
93 3050 181 3116 111111
193 3056 370 3119 beatorum
387 3058 477 3120 Petri
488 3058 522 3120 et
531 3058 628 3121 Pauli
640 3059 862 3132 visitantibus,

47 3213 49 3226 ,
91 3154 200 3215 mucedi
223 3156 421 3228 consuevit;
446 3157 504 3217 sed
519 3158 585 3233 ipsi
604 3173 729 3219 vesano
745 3158 865 3234 spiritu

47 3247 49 3276 ⁵
90 3252 229 3324 mucitati,
243 3269 318 3315 non
333 3254 542 3315 attendentes
557 3254 641 3331 quod
664 3270 759 3315 sacra
775 3271 865 3331 mys-

47 3351 49 3408 l
90 3346 153 3408 teria
164 3351 337 3412 nonnisia
352 3350 458 3412 sacris
469 3354 547 3412 sunt
557 3351 730 3412 tractanda
746 3351 866 3412 minis-

47 3457 49 3484 1
90 3442 350 3522 bispraedictum
374 3463 494 3523 corpus
520 3464 604 3509 ausu
623 3449 789 3523 sacrilego
808 3464 865 3509 ra-

47 3545 49 3564 '
90 3541 191 3613 pientes
205 3543 239 3606 11
253 3544 417 3622 superbia
432 3545 465 3606 et
477 3546 619 3606 tumultu
633 3545 864 3607 translationis

90 3640 255 3712 mysterium
267 3641 508 3704 damnabiliter
518 3641 783 3719 prophanarunt,
798 3658 864 3704 non

47 3741 49 3780 1
90 3737 160 3808 passi
170 3754 188 3799 a
199 3737 365 3801 fratribus
378 3739 537 3815 praedicto
550 3741 865 3802 sanctoveneratio-

47 3839 49 3902 ζ
90 3845 147 3893 nan
159 3835 303 3898 debitam
319 3834 483 3897 exhiberi.
499 3839 525 3897 Ο
541 3852 614 3914 quae
626 3837 759 3898 insania
774 3838 864 3914 ipsos

47 3919 48 3962 3
91 3928 864 4004 abbrfascinavit,utsacardotalasrbiosncium

91 4033 275 4105 usurpantes,
303 4046 375 4091 rem
396 4029 555 4097 divinam,
584 4033 650 4092 beo
677 4034 865 4093 contreeta-

92 4129 148 4187 reut
169 4128 293 4190 invitol
315 4128 435 4189 Nonne
459 4128 667 4204 sciuntquod
681 4131 747 4190 Oza
765 4130 865 4191 incli-

92 4224 158 4284 nata
168 4241 251 4286 arcae
262 4225 400 4287 Domini
415 4240 549 4286 manum
564 4241 745 4302 apponens,
759 4242 778 4287 a
793 4230 862 4287 Do-

92 4317 161 4381 mino
176 4338 355 4399 percussus
370 4321 507 4392 interiit,
533 4323 589 4400 qui
609 4323 784 4385 videbatur
804 4328 862 4386 ut-

91 4426 203 4493 cunque
216 4435 301 4490 vero
315 4418 473 4480 similiter
487 4421 710 4491 excusandus,
728 4422 806 4498 quia
821 4438 863 4482 ne

90 4523 150 4575 arca
160 4517 290 4580 caderet
305 4516 466 4577 inclinata
481 4532 614 4578 manum
630 4519 787 4594 apposuit
801 4520 863 4579 ad-

88 4606 225 4678 jutricem.
257 4616 380 4677 Nonne
395 4613 573 4675 audierunt
593 4615 679 4690 quod
695 4615 862 4676 0111111-

89 4717 197 4776 gressus
208 4712 368 4788 templum
383 4710 525 4780 Domini,
543 4711 622 4787 qnia
637 4727 739 4788 super
754 4713 863 4775 altare

92 4799 291 4876 thymiamatis
312 4808 488 4870 incensum
508 4808 614 4870 voluit
633 4809 768 4870 adolere
786 4826 863 4887 per-

91 4911 185 4964 cussus
200 4910 250 4968 est
263 4906 368 4982 lepra,
389 4907 426 4966 ut
438 4904 584 4983 perfecte
596 4906 692 4967 detur
705 4907 860 4983 intelligi,

92 4998 159 5067 qnod
171 5003 404 5065 connectactio
419 5002 609 5086 divinorum
625 5006 676 5065 est
690 5004 786 5065 laicis
803 5021 862 5080 pe-

92 5089 162 5156 nitus
182 5098 367 5162 interdicta.
389 5101 509 5161 Nonne
532 5101 671 5176 possunt
693 5117 736 5161 ex
759 5102 861 5162 simili

92 5190 169 5267 culpa
195 5213 306 5273 poenas
326 5197 454 5259 similes
472 5197 674 5258 formidaret
697 5200 859 5259 (laterum

93 5287 120 5346 11
129 5291 225 5356 sciant
236 5311 333 5372 quam
347 5294 497 5370 graviter
510 5310 582 5366 nos,
592 5294 660 5356 imo
672 5296 858 5369 Dominum,

93 5383 285 5460 offenderunt,
310 5391 544 5453 auctoritatem
565 5390 661 5451 nobis
687 5392 723 5452 iu
745 5396 860 5454 sancto

92 5484 227 5553 predicto
244 5491 392 5551 volentes
407 5487 566 5559 adimere,
585 5503 646 5549 nos
670 5489 859 5565 praedictam

92 5579 254 5659 ecclesiam,
265 5603 364 5663 quam
383 5584 578 5657 exemimus,
593 5586 740 5662 episcopi
757 5590 790 5648 et
803 5603 862 5649 ca·

93 5673 174 5749 pituli
185 5684 371 5748 mesinatis
386 5681 582 5760 subjicimus
593 5682 723 5755 ditioni,
741 5685 858 5761 prohi-

920 540 1037 604 bentes
1048 506 1088 602 ⁸ut
1100 539 1146 602 ibi
1161 539 1337 602 decaetero
1353 539 1544 602 nullatenus
1558 538 1716 615 generale

922 638 1111 714 Capitulum
1129 637 1325 708 celebratur,
1344 652 1405 698 nec
1421 638 1525 715 aliqui
1546 638 1587 699 de
1601 635 1717 698 fratri-

920 735 983 794 bus
1011 736 1272 805 oommorentur,
1303 735 1470 796 stlocum
1499 734 1715 811 supponimus
1815 739 1817 742 ⁴

921 832 1152 891 ecclesiastico
1184 833 1372 903 interdicto,
1411 832 1515 892 donec
1547 830 1644 891 nobis
1674 828 1715 891 de
1770 856 1772 863 ·

921 929 1013 989 tanta
1033 928 1159 1005 injuria
1181 928 1331 989 satisfiat.
1353 930 1404 989 Ne
1421 944 1502 989 vero
1526 930 1641 989 contra
1657 942 1715 987 eos

921 1025 1072 1086 severius
1087 1025 1266 1101 procedere
1281 1026 1530 1101 compellamur,
1547 1024 1714 1085 universi-

920 1121 980 1181 tati
995 1137 1110 1182 eorum
1123 1123 1246 1183 nostris
1262 1122 1377 1182 damus
1388 1123 1507 1184 litteris
1521 1122 1660 1183 firmiter
1677 1123 1714 1182 in

921 1219 1110 1294 praeceptis,
1142 1220 1178 1280 ut
1209 1219 1297 1280 infra
1323 1220 1511 1297 quindecim
1540 1219 1611 1279 dies
1641 1222 1715 1295 post

921 1317 1165 1392 susceptionem
1190 1332 1323 1390 aarum,
1348 1318 1438 1378 viros
1464 1317 1603 1377 idoneos
1631 1317 1712 1378 uni-

920 1412 1090 1474 versitatis
1116 1414 1250 1474 nomine
1266 1413 1307 1474 ad
1332 1417 1480 1474 nostram
1502 1414 1712 1488 praesentiam

920 1509 1089 1571 destinare
1118 1514 1313 1586 procurenl3
1344 1512 1478 1587 paratos
1507 1509 1713 1571 satisfactio·

920 1621 995 1666 nem
1029 1607 1214 1683 plenariam
1250 1607 1427 1680 exhibere,
1463 1622 1503 1668 ac
1528 1608 1569 1667 da
1596 1604 1713 1668 stando

919 1704 1085 1764 mandatis
1104 1705 1226 1765 nostris
1241 1706 1401 1781 praestare
1413 1704 1617 1765 sufficientes
1632 1719 1714 1764 cau-

918 1800 1039 1861 tiones.
1070 1800 1231 1871 Quocirca
1266 1802 1467 1864 fraternitati
1501 1803 1621 1862 vestrae
1654 1816 1714 1877 per

918 1895 1109 1973 apostolica
1131 1899 1253 1974 scripta
1275 1900 1482 1967 mandamus,
1499 1899 1663 1975 quatenus
1683 1899 1713 1958 si

920 1993 1076 2069 potestas,
1105 1995 1292 2066 consilium,
1325 1999 1357 2058 et
1387 1995 1527 2072 populus
1563 1993 1712 2070 praedicti

920 2094 1119 2177 praeceptum
1133 2093 1281 2153 nostrum
1293 2093 1503 2168 neglexerint
1517 2091 1710 2168 adimplere,

898 2254 901 2267 .
919 2204 977 2247 vos
1002 2188 1037 2248 in
1060 2190 1265 2265 potestatem,
1282 2193 1315 2250 ot
1330 2189 1504 2250 consilium
1519 2205 1714 2249 excommu-

919 2284 1108 2355 nicationis,
1137 2286 1170 2345 at
1190 2286 1362 2347 interram
1385 2286 1553 2347 interdicti
1576 2287 1714 2345 senten-

919 2381 994 2452 tias,
1007 2382 1229 2458 appellatione
1243 2383 1436 2458 postposita,
1450 2381 1708 2458 promulgantes,

919 2477 1051 2540 faciatis
1079 2495 1136 2540 eas
1160 2480 1325 2556 usquead
1347 2479 1606 2541 satisfactionem
1631 2495 1714 2538 con·

919 2577 1052 2652 dignam
1067 2575 1306 2637 iuviolabiliter
1321 2575 1503 2638 observari.
1514 2578 1631 2637 Datum
1648 2577 1712 2635 ba·
1800 2600 1802 2603 ’

919 2672 1039 2741 terani,
1066 2674 1140 2732 XVI
1167 2671 1329 2733 kalendas
1359 2672 1469 2749 iunii,
1499 2672 1711 2749 pontificatus

919 2769 1129 2830 nostrianno
1144 2770 1273 2846 quarto.
1688 2754 1705 2797 ⁸

958 3066 1030 3125 Vll.
1047 3067 1195 3136 Quonam
1206 3062 1567 3126 modotuncconditum
1579 3079 1712 3141 corpus,

919 3163 1031 3223 nullus
1044 3177 1139 3239 quem
1156 3162 1296 3223 viderim
1311 3164 1488 3238 expressit,
1504 3178 1564 3222 neo
1580 3178 1622 3222 ex
1635 3178 1714 3222 uos-

917 3260 979 3322 tris
1006 3259 1094 3319 ullus
1118 3259 1169 3320 est
1194 3258 1250 3335 qui
1277 3259 1446 3319 memorias
1474 3258 1650 3319 tradiderit
1677 3274 1713 3319 se

918 3356 1000 3418 illud
1016 3355 1150 3428 vidisse,
1167 3356 1379 3433 quantumvis
1395 3372 1460 3416 non
1472 3355 1713 3416 defuerintviri

919 3453 1098 3531 principes,
1122 3454 1178 3529 qui
1202 3452 1284 3513 illud
1309 3468 1446 3514 cernere
1468 3454 1657 3524 voluerunt,
1680 3455 1714 3515 et

919 3551 1145 3621 obtinuerunt,
1161 3549 1316 3624 AEgidius
1333 3550 1488 3610 Carillius
1499 3550 1713 3613 arnoruotius

918 3647 1101 3710 cardinalis
1130 3647 1315 3723 Hispanus,
1344 3647 1397 3707 vir
1421 3647 1710 3723 praeclarissimus,

919 3747 1086 3822 perpetuae
1111 3745 1212 3805 etiam
1225 3744 1313 3806 inter
1332 3745 1433 3805 Italos
1449 3745 1629 3817 memorias,
1644 3747 1710 3806 Ni-

919 3842 1033 3902 colaus
1060 3842 1205 3918 quintus,
1235 3842 1268 3902 et
1301 3841 1414 3903 Sirtus
1445 3844 1582 3918 quartus
1617 3844 1711 3904 Pont.

919 3940 1021 4008 Max„
1038 3938 1106 3998 dux
1119 3937 1397 4008 Mediolanensis,
1415 3939 1614 3999 Franciscus
1627 3939 1714 4000 Stor-

917 4051 967 4106 za,
982 4040 1016 4096 at
1029 4035 1093 4098 viri
1109 4033 1243 4112 quidam
1251 4035 1441 4107 Assisiates,
1459 4051 1599 4112 quorum
1615 4038 1714 4097 unius

919 4148 981 4207 ego
1010 4148 1089 4193 mox
1124 4132 1352 4193 testimonium
1388 4134 1566 4209 proferam.
1601 4134 1715 4195 Refert

919 4228 1113 4306 Rodniphus
1127 4228 1261 4290 venisse
1272 4230 1332 4291 Pio
1344 4231 1457 4306 quinto
1472 4234 1587 4291 sancto
1604 4233 1715 4307 ponti·

918 4326 973 4387 fici
984 4327 1018 4385 in
1030 4327 1172 4386 mentem
1183 4313 1711 4404 sacrumliocvideredepositurn,

918 4424 1098 4499 strictoque
1118 4423 1294 4483 mandasse
1319 4425 1440 4485 loanni
1464 4426 1542 4486 Pico
1569 4428 1713 4489 Camerti

918 4521 1071 4581 ministro
1099 4520 1248 4595 generali
1275 4521 1405 4597 patrum
1427 4525 1711 4596 conventualium,

917 4617 971 4677 cui
986 4618 1104 4678 auctor
1116 4620 1196 4677 tuuc
1217 4619 1290 4678 erat
1308 4633 1329 4677 a
1350 4619 1498 4692 seeretis,
1519 4623 1555 4682 ut
1575 4622 1610 4682 in
1627 4623 1714 4683 hanc

918 4729 1033 4774 curam
1043 4713 1165 4774 obnixe
1175 4713 1391 4786 incumberet,
1410 4716 1438 4776 si
1449 4716 1534 4779 forte
1549 4719 1714 4782 inveniret

917 4811 1007 4872 viam
1030 4813 1158 4872 tantum
1182 4811 1339 4882 adeundi,
1369 4814 1422 4874 vel
1444 4817 1617 4891 aperiendi
1638 4818 1714 4879 the·

917 4909 1026 4979 sauri,
1053 4907 1189 4969 suffodit
1224 4908 1277 4970 die
1310 4912 1477 4989 noctuque
1507 4913 1714 4974 incessanter

916 5004 1022 5066 bonus
1051 5005 1109 5065 ille
1134 5005 1197 5079 vir,
1221 5006 1278 5067 sed
1301 5007 1411 5068 inanis
1434 5009 1496 5069 fuit
1515 5011 1623 5071 omnis
1638 5014 1711 5087 eius

916 5104 1055 5162 conatus
1080 5104 1112 5163 et
1140 5102 1316 5176 industria,
1338 5104 1415 5181 quia
1440 5105 1553 5167 divino
1575 5109 1712 5170 numine

915 5198 1038 5260 factuam
1054 5203 1115 5270 est,
1128 5215 1170 5260 ne
1184 5201 1365 5276 pretiosum
1381 5201 1567 5276 depositum
1579 5203 1709 5268 furibus

914 5296 968 5358 vel
996 5296 1148 5358 hostibus
1174 5298 1311 5371 pateret.
1341 5298 1501 5359 Similiter
1525 5300 1647 5376 legitur
1670 5302 1711 5365 de

916 5409 1055 5470 corpore
1069 5393 1158 5454 beati
1168 5388 1284 5455 Jacobi
1300 5396 1529 5469 compostellae
1543 5399 1625 5460 adeo
1638 5418 1712 5477 pro·

915 5491 1028 5562 fundo,
1040 5491 1208 5551 etocoulto
1216 5491 1348 5551 condito
1359 5491 1444 5564 loce,
1458 5497 1709 5575 utaequaquam

914 5589 1020 5665 possit
1035 5585 1292 5664 illucquispiam
1312 5589 1498 5664 pervenire.
1521 5594 1705 5658 internos-

913 5688 997 5758 tros,
1014 5682 1227 5773 etspraeeipne
1241 5683 1275 5744 in
1291 5700 1386 5746 sacra
1397 5685 1456 5748 illa
1468 5687 1538 5750 aede
1550 5698 1708 5769 perpetua

1922 4718 1929 4746 t
