3950 6200
87 416 120 474 ii
630 410 951 473 Pnobssoommln.
969 439 1016 470 ,ψ
1036 410 1143 471 vlia.
1664 410 1704 471 ta

119 573 159 634 be
176 568 235 634 boc
255 569 366 634 irater
378 568 511 646 qnidam
526 570 596 633 Dee
613 568 762 641 deuotus,
779 568 859 631 ante
911 568 1151 630 commendans
1173 567 1373 644 apostdicae
1393 568 1603 645 paupertatis
1623 569 1709 630 ami·

84 667 317 734 emissionem
332 681 439 736 suam,
455 666 617 728 visionem
627 665 762 732 ,videret
773 667 858 728 rela-
887 683 888 692 ¹
912 681 981 736 cns,
1006 663 1170 726 indicibili
1193 673 1275 726 mox'
1292 663 1448 742 pertusus
1476 666 1606 728 laetitia.
1634 668 1707 728 Hoc

84 764 162 830 eone
174 763 380 838 cendignam.
408 755 602 826 Innumeros
616 762 773 826 cernebat
793 762 858 824 bc-
910 767 972 830 est,
984 762 1200 839 inquit,quod
1213 763 1327 838 cupio;
1344 762 1417 835 boc,
1430 763 1606 840 quodtctis
1618 778 1708 840 pree-

82 862 173 922 niues
196 860 346 922 cedimis
369 874 557 936 percussos,
581 858 669 922 iacis
688 860 724 920 in
737 859 857 921 coelum
910 859 1034 920 cordiis
1056 859 1268 935 concupisco.
1285 860 1392 921 solvit
1413 860 1555 935 proinde
1573 861 1709 922 culcea-

82 958 199 1027 directa,
213 959 246 1019 et
256 956 398 1033 genibus
413 956 524 1028 lieris,
546 956 579 1018 in
593 957 692 1033 hujus
705 956 857 1020 ecclesiae
911 958 1021 1017 menta
1036 955 1077 1017 de
1090 954 1239 1032 pedibus,
1252 956 1388 1031 deponit
1402 956 1567 1029 baculum,
1589 973 1704 1034 peram

81 1057 156 1118 stare
167 1055 308 1118 circuitu
326 1070 333 1113 ε
351 1054 407 1130 qui
422 1069 548 1125 omnes,
559 1054 725 1131 protensis
741 1054 854 1116 mani·
909 1054 1030 1130 reiicit,
1047 1054 1081 1115 et
1093 1053 1268 1130 pecuniam
1282 1056 1470 1125 execratur,
1483 1070 1615 1131 unaque
1628 1070 1707 1118 con·

81 1151 174 1214 busin
188 1150 304 1221 altum
330 1149 592 1226 lacrymabiliter
606 1149 796 1211 clamabant
813 1148 854 1211 ad
909 1151 1019 1213 tentus
1039 1151 1202 1221 tunicula,
1227 1152 1353 1227 rejecta
1367 1151 1525 1226 corrigia,
1544 1165 1605 1227 pro
1626 1153 1703 1214 cin-

80 1249 174 1317 bcum,
188 1245 455 1312 misericordiam
467 1246 672 1322 postulantes
683 1248 716 1310 et
729 1245 853 1308 lumen.
909 1247 988 1323 gulo
1006 1247 1119 1308 innam
1139 1248 1251 1314 sumit,
1288 1262 1418 1308 omnem
1446 1249 1704 1311 sollicitudinem

80 1343 323 1418 mecceingens
334 1342 471 1410 dceoelo
484 1343 643 1420 splendor
654 1343 802 1414 advenit,
818 1359 855 1403 se
910 1344 1019 1406 cordis
1034 1359 1216 1421 apponens,
1233 1345 1377 1421 qualiter
1400 1344 1513 1407 audita
1540 1346 1700 1422 pontiniaci,

80 1455 245 1517 prcmnes
258 1439 462 1512 diffundens,
477 1440 535 1517 qui
549 1440 660 1504 lumen
676 1439 855 1517 unicnique
909 1443 943 1503 et
954 1441 1157 1518 apostolicae
1176 1442 1386 1504 rectitudinis
1405 1443 1542 1519 Regula
1561 1459 1621 1520 per
1632 1460 1705 1505 om-

79 1536 186 1609 cunt.
211 1537 247 1602 et
266 1537 411 1600 salutem
429 1536 654 1602 desideratam
677 1537 852 1600 concessit.
908 1538 965 1599 nia
980 1554 1018 1600 se
1033 1541 1174 1616 coaptet.
1193 1539 1300 1617 eupit
1314 1554 1356 1600 en
1376 1539 1439 1601 hoc
1454 1541 1708 1603 virDeidivino

79 1633 125 1694 liic
141 1635 191 1695 est
211 1633 322 1705 locus,
345 1634 382 1696 in
407 1650 472 1710 quo
505 1634 659 1696 Fratrum
687 1633 854 1696 Minorum
908 1635 1069 1698 instinctu
1106 1637 1310 1713 evangeliea
1346 1637 1560 1714 periectionis
1595 1653 1703 1699 aemu-

79 1730 179 1792 0rdca
193 1732 227 1792 S.
243 1728 427 1794 Francisco
448 1745 509 1806 per
533 1730 656 1794 divinae
670 1730 853 1794 revelatio-
908 1733 995 1795 lutor
1013 1734 1170 1818 existere,
1194 1737 1228 1795 et
1248 1734 1290 1794 ad
1314 1735 1544 1810 poenitentiam
1564 1737 1706 1797 oaemros

78 1827 315 1892 ubinstimtum
331 1827 508 1892 inchoatus
523 1829 585 1890 est
606 1828 735 1890 Divinae
758 1842 855 1890 nam·
908 1830 1062 1892 invitare.
1086 1831 1189 1892 Erant
1211 1833 1323 1894 eutem
1346 1831 1453 1909 ipsius
1476 1832 1609 1909 eloquia
1635 1849 1702 1894 non

78 1924 356 2001 pueprnuldentise
382 1926 476 1997 nutu,
499 1940 565 2002 que
590 1924 713 1988 Christi
735 1939 853 1986 servus
907 1928 1034 2000 inania,
1050 1929 1103 1990 vel
1118 1928 1189 1990 risu
1201 1929 1313 2005 digna,
1337 1928 1395 1990 sed
1414 1930 1537 1991 virtute
1559 1930 1703 2006 spiritus

78 2020 263 2097 dirigebatur
275 2022 311 2082 in
321 2022 486 2094 omnibus,
494 2023 563 2085 tres
575 2020 766 2084 materiales
779 2036 855 2083 ere-
909 2025 1021 2087 Sancti
1043 2025 1153 2102 plena,
1170 2026 1333 2088 medullas
1348 2027 1458 2088 cordis
1482 2028 1702 2104 penetrantia,

77 2117 292 2191 ritecclesias,
306 2121 497 2196 antequam,
513 2118 662 2184 ordinem
677 2118 851 2189 inchoans,
909 2123 994 2185 utin
1006 2123 1231 2186 vehementem
1254 2125 1422 2200 stuporem
1434 2125 1609 2188 audientes
1622 2141 1701 2187 corr·

78 2216 272 2292 Euangelinm
298 2216 508 2293 praediceret,
541 2217 668 2279 utnon
702 2216 853 2278 solnma
907 2222 1085 2283 verterent.
1114 2221 1264 2282 inomni
1290 2222 1526 2298 predicatione
1548 2238 1609 2284 sna
1639 2240 1703 2300 pe·

78 2313 269 2376 sensibilibus
294 2313 338 2378 ad
356 2312 594 2389 intelligibilia,
622 2330 642 2375 a
668 2312 854 2376 minoribus
907 2332 978 2379 cem
992 2318 1206 2388 annuntians,
1218 2317 1369 2390 dicendo,
1385 2323 1554 2380 limniscus
1568 2322 1701 2381 detec-
1811 2334 1813 2336 ·

78 2409 110 2470 ad
130 2410 433 2489 majoraordinato
454 2425 632 2487 progressu
656 2410 854 2476 conscende·
907 2419 958 2476 bis
976 2429 1112 2490 pacem,
1135 2415 1292 2492 populum
1315 2415 1350 2476 in
1373 2415 1512 2477 exordio
1538 2418 1701 2478 sermonis

77 2511 251 2579 rei;rerum
275 2508 379 2570 etiam
392 2507 531 2585 ut„quid
546 2510 634 2569 esset
654 2497 802 2572 tacturus
817 2508 852 2570 in
907 2511 1084 2573 salutabat.
1100 2513 1194 2573 Hanc
1216 2512 1337 2588 quippe
1361 2511 1606 2585 salutationem,
1630 2515 1700 2575 lio-¹

77 2607 235 2679 posterum,
261 2604 417 2670 sensibili
440 2603 523 2666 ioris
549 2620 650 2682 opere
676 2605 854 2682 mysteria·
906 2610 997 2670 mino
1011 2608 1181 2671 revelante
1195 2608 1369 2681 didicerat,
1383 2609 1546 2687 sicutipse
1561 2611 1703 2686 postmo-

77 2699 379 2778 literproesigneret
394 2702 480 2766 Nam
492 2702 598 2766 instar
612 2704 775 2778 reparate
790 2702 852 2765 tri·
906 2707 984 2769 dnm
1005 2705 1189 2769 testabatur
1199 2705 1260 2785 (2).
1287 2707 1381 2769 Unde
1407 2707 1530 2769 iactum
1556 2710 1628 2779 est,
1666 2689 1731 2770 ut'

77 2797 156 2874 plicis
169 2798 314 2871 fabricas,
328 2797 437 2875 ipsius
451 2799 634 2876 sanctiriri
648 2799 780 2870 ducatu,
797 2814 852 2862 se·
901 2807 1000 2882 juxta
1014 2791 1201 2868 sermonem
1216 2803 1462 2881 propheticum,
1483 2805 1602 2881 etipse
1617 2808 1703 2868 Pre-

78 2896 327 2964 cundmndatam
346 2894 443 2963 abeo
467 2895 621 2968 formum,
644 2897 795 2971 regulam
818 2898 852 2958 ct
906 2901 1080 2978 puetarum
1116 2902 1236 2979 spiritu
1263 2901 1394 2964 efflatus
1411 2900 1459 2981 (3)
1487 2904 1703 2966 annuntiaret

77 2990 250 3064 mimae,
273 2992 399 3060 Christi
426 2992 625 3060 triformiter
657 2993 851 3058 renovanda
905 3014 1034 3076 pacem
1050 2998 1247 3075 praediceret
1261 2998 1415 3070 salutem,
1436 3014 1476 3060 ec
1497 2999 1700 3064 salutaribus

77 3093 137 3155 emt
148 3091 298 3162 ecclesia,
310 3089 719 3168 trinaquetriumpltetura
730 3091 850 3157 militia
904 3096 1040 3159 monitis
1051 3095 1231 3159 foederaret
1246 3095 1407 3173 plurimos
1424 3112 1513 3158 verae
1535 3097 1621 3174 paci,
1640 3099 1697 3175 qui

76 3179 301 3261 mirandorum,
316 3188 403 3251 sicut
425 3189 460 3257 et
483 3203 573 3255 nunc
593 3189 753 3255 cerninus
775 3205 850 3255 csse
905 3192 1076 3256 discordes
1095 3209 1116 3257 a
1137 3193 1269 3256 Christo
1291 3194 1386 3270 prius
1404 3194 1586 3257 extiterant
1605 3207 1625 3254 a
1641 3209 1700 3254 sa·
1790 3214 1795 3233 f

75 3286 263 3363 completum.
903 3291 1172 3369 lutelonginqui
1731 3330 1743 3344 κ

943 3390 1173 3451 innotescente
1193 3388 1306 3464 itaque
1320 3386 1407 3464 apud
1428 3388 1698 3451 multosviribei

342 3529 479 3593 CAPUT
500 3530 547 3591 m
904 3487 972 3549 tam
983 3485 1143 3547 doctrina
1157 3484 1318 3560 simplicis
1329 3485 1482 3552 veritate,
1494 3501 1593 3561 quam
1604 3487 1694 3560 uitae,

549 3570 558 3589 ’
904 3584 1076 3660 coeperunt
1090 3581 1354 3659 ipsiusexemplo
1366 3582 1428 3645 uiri
1442 3582 1699 3659 quidamadpoe-

76 3703 335 3768 mmmmm
344 3708 530 3783 mmm
557 3707 591 3768 eg
604 3703 850 3780 approbatione
904 3681 1080 3743 nitentium
1091 3679 1246 3751 animari,
1263 3680 1296 3740 et
1307 3678 1428 3751 eidem,
1442 3680 1579 3756 rejectis
1590 3681 1701 3741 omni-

34 3786 36 3789 ·
381 3751 540 3879 flmm'
903 3776 977 3850 bus,
1001 3777 1117 3839 babitu
1140 3777 1274 3854 vimque
1289 3776 1457 3853 conjungi.
1470 3780 1619 3850 Quorum
1632 3778 1699 3854 pri·

904 3891 978 3936 mus
1004 3876 1077 3937 erat
1102 3874 1155 3935 vir
1179 3872 1382 3935 venerabilis
1415 3875 1618 3946 Bernardus,
1642 3876 1699 3952 qui

106 3970 139 4032 ln
162 3971 301 4035 ecclesia
334 3970 438 4047 igitur
464 3970 613 4047 Virginis
643 3969 762 4035 Matris
789 3968 851 4031 Dei
903 3971 1089 4034 vocationis
1112 3971 1234 4033 divinae
1257 3970 1423 4048 particeps
1445 3972 1564 4044 sactus,
1589 3974 1700 4034 Patris

78 4079 182 4129 noram
218 4069 365 4133 iaciente
397 4084 493 4131 servo
521 4068 628 4145 ipsius
657 4066 847 4139 FranciscO,
903 4068 1700 4146 beatiprimogenitusessepromeruit,tamprio·

78 4164 195 4241 capud
222 4182 309 4238 eam,
335 4178 408 4243 quie
437 4163 588 4242 concepit
604 4163 750 4227 Verbum
774 4162 849 4240 ple·
904 4167 1004 4230 ritate
1029 4166 1199 4241 temporis,
1214 4181 1312 4242 quam
1335 4165 1511 4242 privilegio
1535 4166 1700 4228 sanctita-

79 4273 142 4323 nun
155 4265 269 4338 actiae
293 4263 329 4325 et
350 4262 502 4326 vemtatis
524 4260 584 4341 (i),
605 4260 775 4324 continuis
797 4260 851 4323 in·
904 4261 959 4324 tis.
976 4263 1038 4323 Hic
1049 4262 1137 4323 enim
1151 4262 1240 4323 servi
1255 4261 1314 4322 Dei
1325 4261 1502 4324 sanctitate
1518 4264 1699 4338 comperta,

79 4354 191 4421 mente
209 4358 403 4437 gemitibus,
418 4361 455 4423 ut
473 4358 548 4421 fleri
566 4357 764 4433 dignaretur
785 4355 849 4421 ad·
904 4358 1011 4436 ipsius
1026 4359 1178 4435 exemplo
1192 4357 1372 4433 disponens
1387 4355 1531 4433 perfecte
1546 4360 1698 4421 contem-

79 4458 172 4517 mcata
184 4458 302 4535 ipsius,
322 4456 451 4521 meritis
475 4455 594 4519 Matris
613 4454 850 4518 misericordiae
904 4469 986 4517 nere
1000 4454 1169 4526 mundum,
1185 4452 1365 4525 abeodem,
1382 4446 1526 4530 qualiter
1546 4454 1577 4515 id
1595 4456 1699 4533 perfl-

79 4555 205 4631 mucepit
230 4570 272 4617 ac
299 4554 434 4632 peperit
454 4553 607 4630 spiritum
640 4549 850 4627 Euangelieae
904 4554 965 4623 ret,
990 4551 1168 4615 consilium
1189 4550 1374 4627 requisivit.
1395 4552 1466 4622 Quo
1489 4552 1617 4625 audito,
1638 4554 1700 4614 Dei

79 4650 216 4712 nutam
238 4655 325 4713 Dum
353 4652 442 4712 enim
468 4649 522 4715 dle
543 4649 685 4726 quodam
713 4649 849 4711 missam
904 4648 1049 4713 famulus
1064 4663 1124 4725 pro
1146 4647 1261 4724 primae
1286 4647 1391 4724 prolis
1406 4651 1567 4726 conceptu
1586 4651 1700 4713 Sancti

80 4740 111 4804 te
131 4749 289 4824 apostolis
320 4748 458 4811 devotus
491 4747 638 4818 audiret,
669 4746 850 4823 perlectum
906 4743 1697 4825 Spiritusconsolationerepletus:Abeoinquit

80 4843 119 4905 est
134 4847 337 4922 evangelium
356 4845 450 4916 illud,
469 4845 505 4909 in
523 4860 590 4922 que
609 4843 761 4907 cbristus
776 4841 850 4904 dis-
905 4842 1028 4905 estboc
1040 4842 1216 4905 consilium
1228 4842 1475 4918 requirendum.
1487 4846 1700 4907 Intraverunt

80 4936 179 5014 &lulis
206 4943 247 5005 ad
287 4942 535 5020 praedicandum
572 4940 742 5007 mittendis
777 4939 850 5002 ior·
906 4938 1700 5016 proindeecclesiemsanctiNicoiai,manejam

81 5047 151 5099 men
180 5040 294 5105 tribuit
319 5039 548 5116 evangelicam
572 5039 608 5102 in
633 5037 787 5109 virendo,
809 5051 851 5099 ne
905 5035 1700 5112 laet03cierationepraemissa,cultorTrinitatis

82 5131 212 5200 videlicet
233 5138 436 5213 possideant
462 5152 602 5208 comm,
634 5135 696 5198 cut
723 5149 853 5211 arpen-
906 5134 1105 5199 Fremciscus
1129 5135 1180 5194 ter
1201 5134 1458 5210 Evangeliorum
1480 5133 1600 5194 librum
1619 5149 1701 5210 ape-

84 5228 151 5304 tum,
163 5250 221 5298 ecc
231 5240 269 5301 tn
279 5238 380 5298 zonis
388 5237 586 5308 peccatam,
600 5247 664 5295 cccc
673 5246 799 5307 peram
814 5235 852 5292 tc
905 5233 985 5303 ruit,
996 5232 1084 5293 trino
1095 5245 1116 5291 a
1126 5232 1194 5292 beo
1204 5246 1388 5306 exposcens
1400 5231 1589 5291 testimonio
1602 5246 1702 5293 sanc-

85 5329 300 5398 Maecenas
323 5331 630 5399 concurabant,
645 5335 853 5393 ncccalcea·
906 5332 977 5393 tum
1007 5327 1170 5390 Bernerdi
1190 5328 1407 5404 ,propositum
1436 5327 1637 5390 confirmari.
1663 5331 1702 5392 In

85 5429 182 5491 mede
192 5431 361 5505 dcimam,
376 5443 486 5503 neque
504 5431 644 5504 circam
663 5425 785 5505 (matt,
800 5423 849 5504 x).
906 5426 1014 5503 prima
1030 5425 1107 5486 libri
1123 5424 1295 5502 apertione
1310 5423 1393 5483 illud
1407 5425 1553 5486 occurrit
1570 5447 1577 5486 :
1596 5429 1634 5489 Si
1648 5431 1702 5490 cis

86 5519 305 5591 Quodanmens
326 5542 367 5589 ac
390 5525 593 5602 intelligens,
619 5539 659 5587 ac
682 5522 852 5589 memoriae
902 5522 1082 5598 perfectus
1097 5536 1182 5592 esse,
1201 5523 1300 5592 eade,
1315 5522 1349 5584 ct
1363 5524 1472 5585 vende
1484 5526 1613 5596 omitia,
1627 5541 1704 5599 price

113 5650 146 5722 (l)
160 5656 246 5727 inan,
258 5674 276 5715 r.
299 5658 305 5668 '
944 5652 985 5727 (3)
1007 5655 1076 5721 lca,
1092 5667 1139 5708 nn.

113 5725 149 5795 ii)
166 5727 232 5786 tide
244 5731 273 5789 iu
284 5730 360 5788 ieci.
