3950 6200
503 273 610 338 rins
632 237 783 337 enimi.
804 291 846 320 -·-
863 273 1084 336 expositio
1115 276 1159 338 iii
1189 277 1392 341 rsaniios.

123 271 182 341 729
1711 284 1771 346 730

124 436 290 502 similiter.
317 435 413 499 Unde
438 435 501 499 Job
526 434 590 515 (10,
619 433 671 515 15)
696 457 703 496 :
733 434 769 498 Si
790 433 917 512 impius
973 451 1118 513 superna
1129 454 1165 500 se
1175 439 1306 516 erigere
1317 439 1769 520 possunt.Etattende,qnod

123 537 229 608 hiero,
246 551 299 596 vae
318 533 402 596 milii
422 532 496 596 est:
520 536 604 594 Ecce
623 532 741 595 umbra
761 532 915 595 tremula.
973 533 1099 597 tructus
1115 537 1295 599 cucurbitae
1318 536 1480 599 fructibus
1500 537 1644 600 aliarum
1669 539 1771 602 arbe-

124 633 157 696 Si
168 632 284 710 iustus
299 630 407 699 suero,
422 646 488 691 non
500 629 617 691 levabo
630 630 730 708 caput
742 646 852 692 meum
868 646 919 691 sa·
972 647 1047 693 rum
1069 632 1119 695 est
1133 635 1334 707 contrarius,
1349 637 1507 712 quoniam
1526 637 1705 714 antequam
1726 638 1771 699 sit

122 731 224 794 tiatus
240 729 358 791 dolore
371 726 430 807 (1),
448 731 482 789 et
495 727 642 788 miseria.
656 728 773 790 Gladio
788 727 917 789 vibrato
973 731 1135 800 maturus,
1151 733 1279 794 comedi
1295 735 1417 810 potest,
1434 750 1510 794 cum
1534 736 1644 796 autem
1668 735 1771 797 fuerit

123 828 277 891 Christus
292 827 516 904 comparatur,
531 827 608 903 quia
624 826 709 888 sicut
723 826 854 902 gladius
866 825 919 888 vi-
973 829 1135 900 maturus,
1159 830 1287 891 comedi
1305 847 1371 892 non
1399 833 1507 908 potest
1523 854 1530 893 :
1548 835 1628 893 Cum
1648 833 1768 894 viridis

122 927 239 988 bratus
261 925 425 996 umbram,
446 924 479 985 et
498 923 607 985 lucem
630 922 710 985 facit
730 925 917 986 tremulen·
973 926 1048 998 erit,
1065 928 1115 988 est
1129 927 1294 1003 escibilis3
1310 944 1384 989 cum
1399 932 1550 992 maturus
1565 931 1639 1012 erit,
1655 931 1764 993 verti-

124 1027 202 1096 tam,
224 1023 326 1085 sicet
343 1021 494 1084 Christus
513 1023 676 1083 terrorem
696 1021 815 1083 incutit
837 1021 916 1096 illis,
972 1024 1075 1085 turin
1090 1023 1229 1104 lignum,
1244 1027 1276 1087 et
1301 1026 1348 1087 ita
1367 1042 1433 1087 non
1455 1028 1505 1089 est
1529 1027 1686 1089 escibilis.
1704 1032 1769 1090 Per

123 1123 177 1200 qui
192 1121 323 1183 suntin
344 1120 418 1181 luce
434 1119 563 1195 gratiae,
580 1119 612 1181 et
634 1118 702 1180 illis
719 1119 775 1197 qul
791 1121 917 1182 suntin
973 1118 1117 1181 fructum
1147 1121 1327 1182 cucurbitae
1358 1122 1553 1199 designatur
1582 1126 1767 1201 peccatum,

122 1219 270 1281 tenebris
295 1217 434 1295 peccati,
460 1217 494 1279 et
515 1216 727 1292 ignorantiae.
751 1220 835 1279 Ecce
859 1217 918 1279 lux
973 1215 1059 1295 qnod
1077 1218 1209 1295 quando
1221 1218 1329 1280 viride
1342 1221 1392 1282 est
1407 1222 1439 1282 et
1451 1236 1580 1294 recens,
1597 1222 1717 1299 placet,
1735 1223 1768 1284 et

121 1316 277 1379 tremula.
290 1315 376 1377 Hinc
386 1315 486 1377 etiam
496 1316 515 1376 J
517 1314 650 1375 eremiae
662 1313 706 1395 (2,
719 1313 772 1394 26)
786 1337 793 1374 ε
806 1317 918 1388 «Que-
972 1315 1142 1377 hominem
1156 1315 1309 1388 delectat,
1326 1318 1360 1378 et
1379 1317 1458 1378 tunc
1474 1318 1605 1395 quidem
1632 1319 1769 1382 escibile

121 1414 220 1476 niodo
235 1411 450 1476 confunditur
467 1411 531 1485 ior,
543 1412 674 1490 quando
690 1411 916 1488 deprehendi·
973 1414 1036 1486 est,
1048 1414 1105 1474 sed
1122 1429 1197 1474 cum
1213 1415 1410 1487 maturatur,
1423 1415 1564 1477 vertitur
1574 1416 1609 1477 in
1621 1416 1766 1493 lignum3

121 1516 186 1584 tnr,
204 1512 254 1573 sic
270 1509 408 1573 contusa
423 1510 488 1571 erit
502 1508 549 1588 (2)
570 1509 687 1571 domus
702 1510 816 1583 Israel,
839 1511 915 1588 ipsi,
972 1510 1005 1571 et
1017 1509 1081 1571 hoc
1094 1512 1145 1571 est
1159 1511 1289 1587 quando
1302 1512 1402 1572 home
1420 1512 1563 1574 advertit
1574 1513 1767 1587 vindictam,

123 1609 154 1671 et
171 1624 272 1685 reges
287 1623 413 1678 eorum,
431 1608 611 1685 principes,
631 1611 664 1668 et
680 1607 882 1691 sacerdotes.
898 1624 917 1668 ii
973 1622 1047 1684 quae
1057 1608 1282 1685 peccatotunc
1295 1609 1493 1681 immineret,
1506 1611 1664 1687 queniam
1676 1612 1771 1673 scili·

122 1708 190 1768 Nec
214 1707 349 1777 mirum,
366 1706 395 1766 si
414 1706 494 1766 tunc
513 1704 643 1765 contusi
666 1705 810 1767 debeant
830 1721 916 1778 esse,
973 1706 1026 1765 cet
1037 1719 1097 1781 pro
1111 1705 1240 1766 modica
1256 1704 1475 1769 delectatione
1490 1708 1666 1784 puniretur
1677 1710 1771 1770 aeter·

122 1819 195 1867 cuin
211 1819 329 1865 omnes
340 1803 480 1880 iustitiae
498 1818 613 1863 eornm
637 1802 704 1865 sint
718 1802 814 1881 quasi
831 1818 918 1879 pan·
973 1802 1105 1875 naliter,
1116 1803 1180 1862 nisi
1191 1803 1360 1880 poeniteat.
1374 1806 1466 1866 Tunc
1481 1805 1643 1882 siquidem
1655 1822 1770 1882 pecca-

121 1918 184 1963 nus
203 1901 420 1963 menstruatae
437 1898 497 1979 (3),
521 1899 562 1961 ad
585 1900 645 1962 Dei
656 1899 821 1977 justitiam
843 1900 917 1961 ccl·
972 1901 1042 1961 tuin
1055 1899 1137 1960 illud
1160 1916 1226 1960 non
1242 1900 1396 1972 delectat,
1413 1901 1472 1963 sed
1493 1901 1609 1964 dentes
1624 1905 1697 1980 ejns
1716 1904 1769 1964 ol-

123 2000 215 2074 latae3
233 1998 267 2060 et
285 1998 362 2059 ideo
376 1997 461 2058 bene
481 1997 613 2058 dicebat
625 1997 918 2075 Job:‹stjustus
973 1995 1089 2057 tendit.
1116 1998 1202 2059 Hinc
1230 1999 1278 2059 ait
1313 1999 1471 2061 Salomon
1495 2017 1502 2061 :
1526 2018 1544 2060 s
1572 2002 1692 2062 Suavis
1720 2003 1772 2063 est
1837 2049 1839 2058 .

122 2096 227 2170 fuero,
242 2112 310 2158 non
322 2094 440 2157 levabo
456 2096 555 2172 caput
568 2110 687 2167 meum,
705 2095 844 2157 satiatus
858 2095 919 2156 do—
973 2092 1101 2155 hemini
1116 2095 1213 2172 panis
1234 2096 1411 2169 mendacii,
1426 2098 1459 2158 et
1483 2097 1597 2174 postea
1612 2096 1770 2174 implebi-

121 2195 204 2269 lcre,
220 2196 255 2255 et
274 2193 422 2255 miseria.
437 2209 456 2253 i>
470 2192 612 2253 Gladius
626 2207 707 2269 erge
722 2192 853 2254 Domini
869 2194 919 2255 est
973 2191 1029 2252 tur
1042 2207 1080 2251 os
1093 2195 1165 2268 ejus
1176 2191 1305 2254 calculo
1316 2211 1334 2253 r
1347 2192 1406 2272 (6).
1421 2197 1487 2255 Per
1498 2211 1617 2271 panem
1631 2195 1770 2257 menda-

122 2291 284 2363 ribratus,
299 2292 332 2353 et
352 2290 394 2352 iis
409 2291 466 2369 qui
488 2290 618 2352 suntin
641 2289 800 2363 tenebris,
823 2291 856 2352 et
875 2290 918 2350 iis

123 2389 180 2466 qui
199 2388 329 2450 suntin
348 2388 423 2450 luce
437 2388 599 2450 terrerem
615 2388 792 2450 incutiens.
809 2387 918 2449 Gladii

45 2495 46 2498 ’
123 2486 267 2549 vibratio
282 2486 368 2546 nihil
387 2487 437 2547 est
451 2486 555 2558 alind,
570 2502 668 2563 quam
684 2486 823 2548 extremi
836 2501 920 2547 exa-

125 2584 223 2646 minis
235 2582 463 2646 manitestatio
477 2583 512 2644 in
529 2584 698 2659 praesenti,
715 2599 814 2662 qnam
829 2583 920 2644 desi·

124 2680 218 2744 derat
246 2697 451 2759 cognoscere
481 2680 628 2743 dicens:
664 2683 813 2758 limanda
838 2682 918 2755 frc-

123 2793 249 2842 mecm.

385 2949 525 3011 santo
546 2950 659 3010 LXIII.

123 3088 202 3160 Quod
220 3086 407 3148 exultandum
426 3089 463 3147 sit
481 3088 511 3146 in
529 3088 662 3159 Domino,
674 3102 732 3146 non
751 3087 780 3145 in
800 3085 920 3159 mundo,

396 3192 453 3235 non
474 3178 502 3234 in
522 3185 649 3251 peccato.

124 3316 249 3376 Anima
269 3328 351 3376 mec
371 3314 538 3375 cerultabi't
559 3317 597 3375 iii
616 3317 780 3383 Demere,
802 3314 836 3374 et
856 3315 921 3374 de·

148 3412 330 3475 lactabitur
340 3425 448 3486 super
458 3412 606 3473 satutari
616 3425 690 3472 saio.
704 3409 774 3490 (Ρε.
783 3410 833 3482 34,
846 3407 894 3489 9.)

161 3562 282 3623 Anima
310 3561 440 3632 nostra,
464 3550 799 3636 inquam,'enultare
826 3558 922 3621 debet

127 3658 158 3719 in
186 3659 341 3730 Domino,
370 3658 497 3718 nonin
519 3655 658 3730 mundo,
688 3657 817 3718 nonin
843 3672 922 3734 peo-

127 3757 207 3819 cato.
236 3756 379 3828 Quidam
404 3755 516 3817 tamen
543 3754 694 3816 exultant
721 3754 756 3815 in
784 3754 918 3827 mundo,

127 3854 179 3931 qui
200 3853 436 3931 significantur
465 3868 524 3930 per
552 3855 686 3926 Jonam,
716 3852 757 3913 de
779 3868 844 3931 quo
867 3852 920 3913 le-

126 3950 211 4026 gitur
230 3948 276 4031 (4,
300 3949 337 4028 8)
364 3967 371 4011 ;
395 3967 413 4009 s
441 3950 586 4012 Laetatus
610 3949 661 4011 est
694 3952 796 4012 Jonas
821 3965 922 4028 super

127 4045 272 4122 hedera,
317 4046 435 4108 laetitia
474 4062 596 4124 magna
629 4069 637 4107 t
671 4046 845 4110 laborabat
885 4037 932 4109 in¹

127 4147 206 4208 aestu
221 4163 241 4205 ii
254 4144 314 4225 (4).
336 4146 402 4205 Per
416 4142 575 4206 hederam
592 4144 692 4218 enirn,
713 4145 784 4207 sive
806 4161 921 4207 cucur·

125 4240 224 4304 bitam
237 4239 299 4322 (5),
312 4257 386 4318 quae
399 4241 504 4318 serpit
513 4242 548 4302 in
560 4242 695 4315 terram,
706 4258 768 4305 nec
776 4242 920 4319 seipsam

127 4341 254 4417 erigere
268 4339 388 4416 potest,
406 4339 641 4416 significantur
653 4340 714 4414 illi,
731 4341 787 4418 qui
809 4341 845 4401 in
861 4357 922 4402 vo-

127 4436 308 4515 luptatibus
326 4435 545 4497 saecularibus
565 4436 670 4498 illecti
695 4440 784 4511 sunt,
801 4453 864 4500 nec
878 4438 920 4500 ad

129 4566 260 4694 pleribus,
273 4581 326 4640 pro
345 4581 381 4623 eo
395 4564 470 4638 quod
487 4573 532 4649 cst
545 4566 772 4651 glsdiumusuum
785 4567 919 4637 vibrabit,

129 4635 921 4791 strarant.rihttlttlttttttttthiit

130 4780 284 4837 Dominicte
295 4779 434 4836 claritatis
448 4777 612 4836 adventum.

162 4852 186 4919 (l
221 4849 330 4921 vulg:
347 4855 490 4905 saturatus
503 4846 666 4907 eillictione.

164 4922 192 4983 tt
220 4920 330 4993 vulg:
347 4918 457 4976 centusi
470 4925 547 4975 sunt.

164 4991 191 5061 (3
221 4993 293 5059 lsn.,
309 4988 354 5057 ct,
369 4988 395 5047 6.

164 5061 192 5126 (li
216 5059 305 5133 Vulg.
320 5059 499 5117 laboraverat
512 5059 600 5117 enini.

221 5132 288 5189 Sive
311 5128 497 5187 cucurbitam.
513 5129 567 5189 Ubi
590 5129 709 5189 Vuleate
734 5128 821 5188 habet
838 5131 918 5188 liede-

192 5202 276 5268 ,aliae
305 5201 470 5270 versiones,
496 5201 594 5258 Graeca
622 5173 710 5268 iiii,
739 5202 866 5273 Syriaca,
892 5210 921 5260 et

132 5271 263 5340 Arabica,
278 5285 314 5327 ec
332 5270 468 5342 Parephr.
492 5270 590 5330 Chald.
614 5269 714 5343 legunt
733 5273 919 5331 cucurbitam.

134 5341 198 5399 ciini
217 5349 312 5399 antein
339 5354 356 5397 ii
381 5340 505 5413 quodam
521 5341 709 5399 obtrectatore
735 5342 763 5399 S.
785 5342 921 5417 llierony·

134 5425 195 5469 iuna
218 5412 428 5484 objurgaretur,
452 5409 527 5484 qued
542 5425 594 5485 pro
615 5410 761 5468 cucurbita
784 5410 920 5471 hederam

135 5482 341 5540 censuisset:
357 5481 420 5553 ipse
433 5481 638 5539 dornmentari'e
652 5482 681 5539 in
692 5483 805 5541 lenam.
821 5497 884 5556 cap.
902 5486 920 5542 l

135 5551 283 5623 respondit,
298 5554 329 5610 in
344 5551 465 5609 llebroeo
480 5551 538 5625 legi
551 5552 676 5618 kikaion,
687 5551 763 5624 quod
772 5561 816 5611 est
827 5569 921 5626 genus

135 5622 301 5694 virgulti,vel
312 5621 479 5692 arbusculae,
490 5622 546 5680 late
562 5621 671 5680 hahens
682 5620 747 5680 lolia
763 5622 791 5681 in
805 5623 920 5682 niodum

973 2286 1030 2358 oli,
1058 2288 1231 2348 saecularis
1255 2289 1408 2366 voluptas
1446 2289 1672 2366 significatur,
1695 2308 1770 2369 quea

973 2399 1093 2460 panem
1106 2386 1279 2447 mentitum
1295 2386 1466 2463 promittit,
1482 2388 1559 2464 quia
1572 2403 1639 2449 non
1649 2388 1768 2465 reiicit,

974 2482 1031 2542 sed
1045 2482 1213 2543 hominem
1228 2499 1370 2544 vacuum
1390 2484 1566 2562 relinquit3
1584 2485 1672 2547 unde
1685 2485 1771 2548 bene

974 2579 1097 2641 dicitnr
1107 2581 1204 2657 panis
1219 2582 1395 2654 mendacii,
1411 2583 1488 2659 quia
1504 2598 1570 2644 non
1585 2583 1695 2657 satiat,
1708 2600 1771 2646 nec

974 2676 1093 2739 reiicit.
1110 2678 1151 2739 Et
1165 2679 1287 2755 optime
1309 2679 1411 2742 dicit:
1428 2696 1447 2740 r
1463 2682 1506 2741 Os
1521 2683 1593 2758 eJus
1616 2680 1772 2759 implebi-

974 2774 1030 2836 tur
1064 2774 1246 2837 calculo.»
1268 2778 1333 2837 Per
1358 2777 1523 2838 calculum
1561 2777 1773 2854 significatur

976 2872 1101 2934 aeterna
1120 2873 1302 2946 damnatio,
1319 2890 1339 2936 a
1355 2890 1420 2951 qua
1435 2875 1547 2936 nullus
1560 2875 1769 2939 liberabitur.

976 2971 1016 3030 Et
1035 2968 1120 3031 bene
1138 2971 1270 3043 dicitur,
1287 2972 1505 3048 implebitur:
1522 2973 1565 3035 Os
1588 2975 1676 3035 enim
1695 2976 1771 3052 ple-

975 3082 1055 3128 num
1072 3085 1133 3130 nec
1153 3068 1316 3145 deglutire
1331 3070 1448 3147 potest,
1466 3085 1527 3131 nec
1549 3073 1771 3136 evomerent

976 3166 1097 3227 iterum
1113 3183 1188 3228 cum
1200 3168 1246 3229 sit
1258 3167 1356 3244 lapis,
1373 3168 1545 3229 masticari
1561 3185 1627 3231 non
1651 3172 1769 3247 potest,

976 3265 1009 3325 et
1023 3264 1069 3325 ita
1082 3265 1138 3342 qui
1152 3264 1240 3325 hanc
1255 3280 1385 3341 poenam
1398 3266 1551 3338 incurrit,
1567 3266 1771 3329 nullomodo

975 3359 1184 3422 liberabitur.
1199 3361 1292 3433 Quod
1307 3361 1392 3424 bene
1407 3363 1617 3439 significatur
1633 3379 1692 3441 per
1707 3364 1771 3427 hec

976 3459 1063 3535 quod
1078 3458 1170 3526 dicit,
1186 3458 1396 3536 implebitur;
1414 3461 1447 3522 et
1460 3476 1520 3537 per
1534 3461 1597 3522 hoc
1610 3461 1695 3539 quod
1706 3462 1772 3523 cal·

976 3556 1071 3617 culus
1086 3557 1137 3618 est
1151 3555 1254 3633 lapis;
1271 3556 1325 3634 qui
1339 3558 1510 3619 masticari
1525 3573 1591 3619 non
1611 3560 1729 3636 potest.

1018 3653 1206 3715 Undebene
1216 3655 1367 3731 seqnitur
1378 3653 1413 3715 in
1423 3657 1508 3717 lona
1522 3654 1566 3735 (4,
1579 3654 1613 3735 7)
1630 3674 1669 3718 :a
1683 3659 1772 3718 Prae·

976 3751 1108 3829 paravit
1122 3749 1170 3831 (7)
1193 3754 1280 3813 Deus
1299 3768 1445 3814 vermem
1467 3769 1609 3815 ascensu
1632 3754 1772 3816 diluculi

976 3849 1011 3910 in
1036 3850 1183 3911 crastino
1210 3847 1271 3929 (8),
1298 3850 1332 3912 et
1359 3851 1526 3927 percussit
1553 3851 1722 3925 hederam,
1740 3852 1774 3914 et

976 3947 1118 4008 exaruit.
1141 3963 1160 4007 l>
1183 3947 1315 4008 Vermis
1336 3947 1400 4010 iste
1421 3948 1472 4010 est
1495 3949 1649 4011 mordens
1674 3966 1774 4011 cons·

976 4045 1109 4117 cientIa,
1127 4058 1200 4122 quae
1214 4044 1373 4106 hederam
1389 4046 1545 4111 corrodit.
1561 4046 1624 4107 hoc
1641 4048 1692 4109 est
1703 4047 1770 4108 ho-

975 4142 1099 4203 minem
1120 4142 1344 4219 reprehendit,
1366 4141 1453 4219 quod
1477 4143 1514 4203 in
1538 4142 1591 4203 his
1612 4143 1769 4218 volupta-

974 4237 1063 4301 tibus
1086 4239 1131 4301 ita
1154 4239 1335 4302 radicatur.
1352 4243 1418 4300 Per
1436 4253 1611 4300 ascensum
1631 4236 1771 4302 diluculi

975 4339 1085 4400 ortum
1101 4337 1219 4413 gratiae
1241 4335 1481 4413 significamus.
1497 4338 1537 4397 Et
1551 4336 1636 4396 bene
1650 4337 1768 4414 seqni-

974 4438 1041 4506 tur,
1054 4434 1088 4495 in
1104 4434 1268 4508 crastino;
1281 4432 1428 4494 crastino
1444 4433 1533 4494 enim
1545 4432 1599 4495 die
1614 4435 1664 4496 est
1677 4451 1769 4513 prae-

976 4566 1116 4639 pampini,
1131 4572 1160 4622 et
1174 4563 1304 4622 umbram
1325 4563 1536 4633 densissimam,
1552 4580 1605 4623 suo
1624 4573 1724 4625 trunco
1738 4582 1771 4625 se

975 4638 1129 4694 sustinens.
1140 4638 1175 4692 Et
1183 4635 1262 4693 addit
1276 4650 1283 4690 :
1300 4657 1311 4684 ι
1325 4636 1384 4692 Νοε
1394 4635 1495 4719 eodem
1507 4643 1647 4721 tempere,
1661 4652 1718 4709 quo
1730 4638 1771 4695 in·

974 4706 1201 4779 terpretabemnr
1219 4704 1393 4777 Prophetes,
1409 4706 1551 4764 voluimus
1571 4706 1693 4779 idipsum
1712 4710 1770 4765 lle·

974 4778 1059 4836 braeae
1069 4777 1175 4850 lingue
1185 4791 1290 4834 nomen
1301 4776 1471 4848 exprimere,
1482 4777 1548 4849 quia
1560 4792 1656 4834 serino
1667 4779 1771 4835 latinns

975 4848 1051 4907 hanc
1065 4846 1310 4920 speciemerboris
1325 4861 1382 4903 non
1398 4847 1520 4904 habebat
1536 4864 1543 4905 ;
1557 4847 1608 4903 sed
1623 4848 1770 4905 timuimus

1012 4919 1190 4986 ammaricos,
1205 4926 1273 4985 etc„
1285 4918 1433 4989 secutique
1442 4932 1542 4974 sumus
1553 4924 1665 4973 veteres
1674 4924 1768 4975 trans·

985 4996 1090 5058 atores,
1099 4989 1148 5071 qni
1159 4996 1188 5070 et
1201 4989 1255 5060 ipsi
1268 4987 1403 5045 hederam
1416 4987 1591 5058 interpretati
1599 4994 1682 5068 sunt3
1692 4987 1770 5069 allud

975 5060 1052 5141 enini
1067 5059 1135 5142 qnid
1149 5058 1286 5142 dicerent,
1295 5073 1351 5115 non
1363 5057 1506 5117 habebant
1517 5074 1544 5138 .'3
1556 5070 1711 5181 sciremque
1726 5072 1769 5115 in·

976 5138 1120 5202 terpectis:
1138 5153 1149 5179 ‹
1167 5127 1314 5188 cucurbita
1328 5134 1356 5184 et
1370 5127 1486 5195 hedera,
1498 5133 1547 5194 ait,
1580 5142 1644 5199 urus
1659 5134 1768 5185 naturae

974 5208 1051 5283 sunt,
1071 5207 1102 5284 ut
1117 5214 1168 5326 ser
1184 5207 1288 5283 terram
1306 5204 1435 5281 reptent,
1450 5204 1481 5254 et
1497 5196 1604 5279 absque
1623 5195 1710 5254 loreis
1723 5199 1770 5257 vel

975 5271 1120 5329 adminico
1132 5284 1167 5338 is,
1179 5270 1282 5342 quibus
1305 5274 1472 5338 innituntur,
1484 5267 1584 5324 altiora
1603 5280 1661 5325 non
1680 5281 1767 5342 appe·

975 5348 1046 5400 tant.
1062 5362 1073 5391 r

1011 5412 1053 5481 ic)
1069 5412 1152 5469 mov.
1168 5409 1271 5478 mii.
1305 5476 1312 5490 .
1398 5386 1400 5390 ’

1012 5484 1053 5553 (7)
1072 5481 1155 5551 Vulp.
1168 5482 1203 5537 Et
1215 5484 1335 5550 paravit.

1012 5554 1053 5623 (8)
1070 5552 1152 5622 l'ulp.
1167 5549 1333 5607 crastinum.
