3950 6200
270 254 333 317 teo
702 257 734 316 S.
762 253 936 317 ANTONII
966 256 1154 319 PADUANI
1182 257 1320 320 OPERA
1348 256 1494 320 eutem.
1831 267 1879 330 736

272 414 400 478 Christi
417 427 552 475 carnem
565 410 696 476 dividit.
728 414 886 492 Sequitur
911 437 919 476 ι
943 415 1074 477 Sessio-
1125 431 1201 478 cum
1229 415 1439 494 iniquitatem
1463 419 1722 496 praeconceptam
1752 421 1790 483 ad
1814 440 1880 501 opus

272 529 362 585 nem,
379 515 414 574 et
428 512 710 574 resurrectionem
724 513 1005 576 eorumvidistiin
1017 530 1073 591 op·
1126 513 1295 590 perducit;
1317 518 1350 577 et
1375 515 1424 576 sic
1444 531 1539 577 mens
1558 515 1711 589 bominis,
1728 534 1795 596 qua
1808 525 1880 597 prius
1927 494 1928 585 ἶ

272 611 481 688 pressionem
493 624 689 686 pauperum.
705 612 776 672 Hoc
799 612 916 673 contra
926 611 1069 689 judices,
1125 610 1433 687 perinbabitantem
1440 612 1584 689 gratiam
1597 616 1669 675 erat
1680 614 1792 687 cubile,
1805 622 1834 679 et
1843 636 1882 680 sa·
1927 612 1928 617 ’

270 707 304 769 et
314 707 819 769 dectoresboctcrumenimest
830 708 949 770 sedere
962 708 997 769 in
1012 725 1071 770 ca·
1125 708 1272 770 crarium
1301 709 1445 786 Spiritus
1470 711 1596 783 Sancti,
1618 711 1756 774 efficitur
1777 716 1881 777 autum

269 803 859 883 thedraaddocendum,etJudicum,
872 805 1000 867 insede
1015 809 1067 883 ju·
1123 805 1260 867 diaboli.
1287 806 1381 868 Unde
1402 806 1465 868 Job
1489 807 1556 886 (37,
1580 806 1614 886 8)
1641 830 1649 867 ε
1670 811 1881 885 «ingredietur

272 902 414 965 diciaria
429 902 471 962 ad
484 903 810 979 recteJudicandum.
823 905 971 966 caveant
989 919 1069 981 erge
1122 902 1233 965 bestia
1245 902 1420 965 latibulum
1435 920 1545 976 suum,
1560 907 1594 967 et
1604 905 1640 966 iu
1655 908 1749 967 antro
1762 923 1815 969 suo
1826 926 1880 970 me

268 1000 337 1075 isti,
358 1015 400 1061 ne
416 998 576 1071 docendo,
595 1000 648 1060 vel
667 1000 719 1061 illi
731 1000 915 1077 judicando
930 1003 1070 1078 surgant
1122 1000 1299 1063 rabitur.»
1320 1002 1425 1063 Valde
1448 1002 1613 1079 siquidem
1635 1005 1742 1080 turpe,
1761 1006 1879 1068 etinhe-

270 1100 392 1159 contra
415 1098 604 1170 Dominum,
626 1113 668 1159 ne
690 1097 759 1159 illis
783 1098 959 1175 adaptetur
984 1099 1067 1159 illud
1123 1099 1253 1160 nestum
1264 1100 1326 1170 est,
1338 1099 1533 1172 thalamum,
1548 1103 1582 1162 et
1592 1102 1773 1162 sacrarium
1790 1105 1878 1164 Triui-

269 1195 422 1257 bdicbaeae
443 1194 487 1274 (2,
514 1195 587 1256 'tad
606 1194 640 1273 9)
664 1216 672 1255 :
696 1211 714 1255 c
737 1197 856 1258 Nonne
870 1196 973 1258 uerba
994 1212 1068 1258 mea
1122 1196 1202 1257 tatis
1227 1198 1373 1259 conuerti
1391 1197 1426 1257 in
1448 1198 1594 1271 anuum,
1607 1201 1642 1260 et
1655 1198 1762 1261 cubile
1772 1199 1879 1263 diaboli

269 1293 357 1355 bona
373 1293 451 1355 sunt
466 1308 541 1354 cum
556 1308 606 1365 ec,
619 1293 675 1370 qui
691 1294 781 1354 recte
805 1294 978 1370 gradituri
1001 1295 1068 1356 ete
1124 1293 1218 1354 Unde
1243 1294 1403 1356 Dominus
1429 1310 1488 1372 per
1512 1295 1717 1372 sophoniam
1735 1297 1772 1357 de
1796 1299 1880 1359 anim
1928 1282 1929 1359 ζ

270 1390 439 1453 contrario
475 1390 618 1466 populus
648 1405 742 1451 meus
769 1391 805 1451 in
831 1391 1064 1454 adversarium
1122 1390 1493 1471 peccatriceaitt2,15)
1511 1414 1518 1453 :
1535 1392 1739 1465 «Quomodo
1756 1393 1882 1457 lacmest

270 1488 353 1549 mibi
367 1487 539 1563 consurgit
553 1485 612 1566 (1).
626 1490 775 1565 Desuper
784 1489 931 1551 tunicam
942 1488 991 1568 (2)
999 1489 1068 1566 pal·

270 1585 353 1647 lium
368 1600 478 1646 meum
498 1585 694 1658 sustulistis,
717 1588 750 1647 et
773 1601 842 1657 eos,
857 1587 915 1663 qui
933 1585 1068 1663 simpli·

268 1684 353 1745 citer
382 1682 582 1755 transibant,
613 1683 826 1745 convertistis
855 1684 891 1745 in
926 1683 1064 1753 bellum,

268 1782 429 1842 Mulieres
444 1781 558 1859 populi
580 1781 647 1843 mei
662 1780 816 1858 dejecisti
834 1779 881 1861 (3)
902 1782 943 1843 de
966 1782 1065 1844 domo

268 1878 466 1940 deliciarum
489 1894 626 1940 suarum
651 1900 659 1939 ε
678 1895 699 1940 a
714 1878 863 1956 parvulis
878 1894 994 1940 earum
1011 1880 1066 1940 tu·

268 1976 355 2038 listis
376 1976 509 2037 laudem
533 1992 640 2038 meam
666 1976 702 2037 in
731 1977 938 2054 perpetuum.
964 1977 1064 2037 »Vel

267 2074 423 2136 etiamad
439 2074 583 2136 litteram
607 2089 688 2137 vera
710 2075 787 2147 sint,
810 2076 922 2136 tamen
946 2090 1064 2136 mora-

267 2171 345 2233 liter
359 2171 482 2248 exponi
497 2174 647 2249 possunt,
663 2174 700 2234 ut
720 2187 781 2249 per
809 2171 948 2249 pallium
973 2171 1064 2234 bona

265 2269 476 2331 conversatio
490 2269 716 2345 intelligatur;
727 2269 884 2346 quoniam
896 2269 984 2330 sicut
994 2268 1064 2346 pal·

266 2366 348 2428 lium
363 2366 607 2444 sagittamentis
634 2366 786 2438 hircinis,
813 2367 861 2428 ite
878 2366 966 2429 bona
981 2382 1065 2428 con-

266 2465 413 2527 uersatio
426 2466 542 2527 contra
554 2465 756 2527 tentationes
769 2463 894 2526 diaboli
907 2465 1059 2541 ponitur3

175 2630 179 2636 Δ
266 2563 365 2640 quod,
389 2563 537 2640 inquam,
561 2563 700 2640 pallium
722 2562 899 2624 asubditis
921 2562 1060 2634 tollitur,

266 2660 480 2737 quandoper
502 2660 692 2736 exemplum
713 2659 810 2722 malae
832 2660 1063 2722 conversatio·

267 2757 332 2826 uis,
361 2757 416 2818 uel
445 2757 702 2833 suggestionem,
735 2757 788 2818 vel
823 2757 1061 2833 negligentiam

266 2852 480 2931 praelatorum
506 2853 569 2925 illi,
593 2853 649 2929 qai
669 2854 762 2930 prius
783 2854 981 2930 simpliciter
995 2854 1061 2915 hu·

261 2949 409 3027 jusmodi
423 2949 620 3025 temporalia
640 2950 841 3022 transibant,
865 2966 924 3028 per
946 2967 1063 3013 exem·

267 3047 323 3125 pla
338 3047 552 3124 praelatorum
567 3047 726 3126 corrupti,
747 3047 834 3110 bella
857 3050 973 3113 contra
991 3052 1060 3113 Do·

266 3146 393 3208 minum
412 3148 597 3208 moverunt.
623 3149 663 3207 Et
677 3161 778 3223 super
799 3148 862 3208 boc
877 3148 1059 3225 conqueri-

265 3247 321 3307 tur
346 3244 453 3305 Filius
479 3243 594 3304 dicens
619 3261 627 3299 z
655 3243 814 3305 Mulieres
852 3245 966 3321 populi
993 3246 1059 3307 mei

265 3342 413 3419 ejecistis
449 3341 490 3402 de
528 3341 625 3404 domo
664 3340 860 3403 deliciarum
896 3357 1057 3417 suarum,

265 3439 354 3501 idest
366 3439 406 3500 de
420 3438 508 3500 bona
522 3438 746 3514 conscientia3
773 3440 806 3501 et
820 3440 870 3501 sic
884 3439 926 3500 ab
939 3441 990 3502 eis
1005 3441 1060 3501 tu·

265 3537 353 3599 listis
366 3536 497 3598 laudem
513 3551 631 3608 meam,
650 3535 737 3598 idest
753 3536 854 3598 vitam
878 3540 1057 3613 aeternam

266 3634 300 3695 et
313 3634 423 3696 hocin
439 3635 647 3711 perpetuum.

532 3883 672 3944 SERMO
694 3884 790 3944 LXV.

265 4031 307 4087 De
329 4027 523 4096 meditatione,
548 3993 726 4098 executione,
753 4037 782 4087 ct
805 4028 994 4088 delectatione
1008 4031 1059 4087 iui-

424 4116 549 4188 quitatis,
565 4123 596 4200 et
607 4114 764 4188 frequentia
781 4118 901 4189 pcccati.

263 4261 489 4338 iniquitatem
514 4260 702 4323 meditatus
725 4261 777 4322 est
800 4264 837 4322 iu
856 4263 956 4323 albot
970 4276 1058 4323 suo:

302 4360 415 4422 astitit
428 4362 523 4420 mant
533 4361 600 4420 ciae
614 4373 683 4419 noo
698 4360 805 4427 boiaco,
814 4360 986 4421 malitiam
999 4375 1059 4422 au·

1121 1488 1156 1548 in
1178 1488 1344 1549 desertum
1377 1488 1486 1552 cubile
1512 1489 1648 1552 bestiaei
1674 1508 1695 1551 n
1732 1493 1768 1553 Et
1791 1507 1881 1553 retem
1928 1516 1929 1549 ÷

1120 1600 1215 1646 mens
1234 1585 1390 1661 bominis,
1405 1587 1554 1662 quandiu
1577 1587 1629 1649 est
1652 1587 1762 1649 cubile
1782 1589 1880 1650 dano-

1119 1682 1184 1754 nis,
1198 1683 1249 1744 est
1259 1683 1345 1745 sicut
1358 1686 1449 1746 terra
1461 1684 1605 1755 deserta,
1616 1701 1694 1747 cum
1706 1702 1764 1748 uec
1772 1686 1881 1746 humore

1118 1780 1236 1855 gratiae
1256 1780 1300 1841 sit
1322 1780 1474 1857 irrigata,
1500 1798 1562 1844 nec
1584 1798 1605 1843 a
1627 1782 1718 1845 bono
1734 1783 1880 1861 operato·

1119 1877 1279 1953 cundata3
1306 1878 1393 1939 uude
1415 1878 1537 1941 ibidem
1551 1879 1677 1942 dicitur
1690 1902 1699 1941 a
1714 1885 1834 1942 Portum
1845 1880 1880 1958 tl)

1117 1977 1309 2048 speciosam
1331 1978 1369 2038 tu
1396 1978 1626 2049 solitudinem,
1651 1978 1689 2039 et
1714 1982 1750 2040 in
1763 1981 1878 2048 tautum

1118 2073 1153 2133 et
1166 2076 1267 2146 quast
1275 2075 1466 2136 desertum.
1482 2076 1578 2136 Mens
1589 2075 1755 2152 siquidem
1767 2075 1880 2137 bominis

1119 2169 1271 2246 speciosa
1284 2172 1345 2238 est,
1361 2172 1509 2248 quandiu
1522 2171 1699 2234 habitatin
1710 2188 1749 2234 ea
1759 2172 1879 2249 Justitia3
1929 2194 1930 2221 1

1119 2280 1194 2343 qum
1208 2266 1344 2344 ponitur
1366 2269 1402 2328 in
1424 2268 1650 2341 solitudinem,
1672 2286 1748 2332 cum
1763 2282 1883 2347 perpec-

1120 2365 1231 2425 catum
1245 2379 1265 2425 a
1279 2366 1347 2426 Deo
1361 2364 1538 2427 deseritur.
1554 2366 1649 2428 Unde
1671 2368 1776 2430 Joelis
1788 2366 1826 2446 (2,
1837 2366 1863 2443 3)
1875 2388 1882 2425 :
1929 2356 1930 2451 ,

1117 2461 1261 2534 «Quasi
1287 2461 1404 2524 hortus
1438 2463 1600 2540 paradisi,
1628 2465 1701 2527 sive
1733 2464 1880 2541 uoluptatis
1929 2456 1930 2479 ³

1117 2560 1209 2621 terra
1232 2573 1346 2621 coram
1371 2575 1423 2632 ee,
1447 2564 1480 2623 et
1502 2563 1577 2638 pest
1591 2577 1668 2623 eum
1683 2561 1823 2625 solitudo
1837 2561 1881 2622 do·

1115 2655 1228 2717 serti»
1240 2678 1249 2732 ς
1265 2658 1299 2719 et
1311 2657 1460 2735 loquitur
1472 2658 1514 2720 de
1528 2658 1619 2720 tideli
1633 2659 1760 2733 anima,
1772 2676 1834 2737 qua
1844 2660 1882 2718 est

1115 2756 1216 2827 quast
1236 2755 1359 2816 tortus
1384 2754 1583 2817 deliciarum
1606 2772 1722 2818 coram
1750 2773 1796 2828 eo,
1816 2756 1882 2816 idest

1116 2852 1196 2923 Deo,
1212 2850 1300 2913 idest
1314 2854 1493 2929 antequam
1508 2869 1568 2930 per
1580 2858 1754 2931 peccatum
1769 2855 1820 2916 ilat
1834 2869 1882 2913 cu-

1114 2946 1183 3009 bile
1197 2948 1369 3010 daemouis.
1386 2950 1425 3011 ut
1444 2950 1519 3027 post
1531 2966 1617 3022 eum,
1633 2952 1720 3014 idest
1734 2953 1884 3029 postquam

1115 3044 1242 3107 diaboli
1263 3045 1300 3108 at
1321 3049 1466 3115 antrum,
1487 3048 1520 3111 et
1542 3049 1799 3127 receptaculum,
1817 3063 1883 3109 con·
1930 3109 1931 3116 χ

1114 3143 1257 3204 vertitur
1268 3143 1304 3204 in
1314 3145 1528 3206 solitudinem
1548 3145 1685 3220 deserti,
1710 3163 1773 3210 nec
1784 3144 1883 3222 estqui

1114 3240 1253 3317 effugiat
1265 3257 1351 3303 eum.
1370 3243 1463 3303 Unde
1480 3243 1633 3321 sequitur
1653 3245 1688 3306 in
1709 3245 1818 3307 eodem
1835 3245 1883 3303 So-

1113 3337 1239 3415 phouia
1253 3359 1261 3399 :
1273 3340 1314 3401 ut
1324 3340 1360 3399 in
1373 3341 1521 3416 invium3
1538 3357 1601 3404 nec
1615 3342 1749 3416 mtrum,
1764 3342 1834 3420 quia
1845 3342 1884 3401 est

1113 3436 1188 3497 sine
1201 3436 1255 3497 via
1272 3458 1280 3497 ε
1297 3437 1395 3498 Illum
1409 3439 1498 3500 enim
1512 3440 1622 3517 ejecit,
1640 3442 1697 3517 qui
1710 3443 1762 3504 est
1770 3441 1828 3511 ria,
1837 3453 1883 3498 ve·

1113 3533 1209 3602 ritas,
1220 3534 1254 3595 et
1266 3534 1337 3595 rita
1349 3532 1411 3614 (5).

1154 3630 1326 3709 Sequitur:
1341 3635 1381 3694 Et
1392 3634 1488 3710 quasi
1499 3635 1667 3698 desertum
1678 3658 1687 3697 ε
1697 3633 1882 3699 accubabunt

1113 3728 1148 3789 in
1164 3727 1273 3790 medic
1288 3731 1363 3806 ojus
1378 3745 1509 3807 greges,
1528 3732 1617 3796 idest
1640 3734 1723 3797 uitia
1742 3731 1880 3800 carnalia,

1112 3827 1146 3887 et
1160 3841 1274 3888 omnes
1288 3826 1404 3890 bestiae
1418 3829 1580 3903 gentium,
1603 3830 1692 3893 idest
1714 3831 1819 3892 omnia
1830 3843 1878 3904 ge-

1113 3937 1194 3984 nera
1209 3923 1468 3999 daemoniorum
1492 3928 1524 3987 et
1538 3927 1625 4004 quod
1651 3927 1882 4000 dixeratinge-

1112 4020 1231 4092 aerati,
1245 4022 1458 4098 prosequitur
1471 4022 1507 4084 in
1522 4025 1662 4100 speciali
1676 4042 1713 4085 :a
1727 4024 1881 4088 onocrota

1112 4117 1175 4187 lus,
1183 4118 1344 4180 etericius
1356 4120 1392 4180 in
1400 4119 1572 4182 liminibus
1582 4125 1657 4199 ejus
1669 4120 1881 4184 morabuntur:

1111 4230 1178 4276 uox
1192 4216 1359 4278 cantantis
1373 4217 1408 4277 in
1424 4215 1582 4288 fenestra,
1598 4221 1631 4281 et
1643 4234 1763 4282 corvus
1784 4220 1817 4280 in
1834 4232 1882 4277 su·

1111 4312 1331 4389 perliminari.
1347 4330 1367 4374 s
1381 4314 1599 4377 onocrotalus
1622 4319 1675 4379 est
1699 4314 1817 4378 animal
1833 4313 1885 4373 ba·

1110 4407 1194 4470 bens
1208 4408 1319 4470 tellam
1332 4409 1367 4470 in
1380 4411 1509 4485 ventre,
1522 4412 1576 4473 uel
1586 4414 1730 4488 gutture,
1739 4407 1884 4488 ubiquasi

1111 4506 1146 4566 iu
1161 4505 1295 4568 sacculo
1309 4522 1404 4568 escas
1419 4507 1571 4584 deponit;
1596 4512 1630 4572 et
1653 4509 1816 4587 significat
1832 4521 1884 4582 gu·

304 4608 341 4668 ln
356 4605 420 4666 boc
441 4620 542 4666 versu
556 4607 700 4682 quatuor
713 4607 888 4679 uolantum
911 4606 1056 4669 Medita-
1110 4602 1230 4675 losum,
1247 4605 1280 4664 et
1292 4618 1443 4664 avarum.
1459 4605 1602 4667 Gulosus
1625 4607 1714 4668 enim
1728 4604 1819 4684 quasi
1831 4601 1884 4662 lel-

262 4704 310 4765 tio
325 4701 453 4764 scilicet
463 4701 661 4778 iniquitatis,
677 4718 752 4763 cum
767 4703 849 4765 dlcit
863 4724 871 4763 :
885 4705 1057 4778 mtqutta-
1110 4699 1175 4761 lem
1199 4699 1352 4762 hebetia
1376 4703 1522 4777 gutture,
1544 4719 1620 4765 cum
1639 4704 1748 4765 omnia
1762 4702 1883 4779 paratu

264 4799 528 4863 immeditatus
538 4800 607 4871 est,·
618 4799 777 4861 Executic
787 4800 984 4878 iniquitatis,
998 4815 1056 4877 per
1110 4797 1154 4859 sit
1164 4797 1326 4859 deuorare
1340 4819 1348 4858 ε
1364 4799 1398 4860 et
1412 4813 1546 4872 avarus,
1564 4816 1640 4861 cum
1655 4801 1739 4863 nihil
1751 4797 1811 4861 sibi
1824 4810 1883 4857 cre

263 4898 326 4960 boe
340 4896 426 4975 quud
446 4896 591 4958 dicitur:
607 4899 651 4957 Ia
665 4900 765 4959 cubui
777 4912 860 4971 sum
876 4899 1053 4976 Frequen-
1109 4895 1167 4957 dat
1185 4894 1357 4969 sulficere3
1377 4899 1411 4957 et
1431 4896 1507 4958 ideo
1521 4898 1618 4973 quasi
1642 4897 1678 4959 in
1702 4898 1775 4959 ielle
1797 4891 1884 4956 alteri

260 4997 308 5059 tia
336 4995 475 5074 peccati,
501 5009 576 5055 cum
597 4992 679 5056 dicit
703 5014 712 5054 ε
739 4995 859 5056 astitit
872 4999 968 5056 omui
989 4999 1056 5057 otae
1109 5006 1205 5053 escas
1215 4992 1385 5068 relinquit,
1401 4992 1480 5054 dum
1495 4993 1630 5057 diuitias
1642 4994 1775 5071 colligit,
1786 4994 1819 5053 et
1834 5004 1884 5050 re-

261 5108 330 5156 nen
342 5095 457 5164 boum·
472 5090 637 5152 Gaudium
650 5089 723 5152 sive
744 5089 920 5153 delectatio
934 5091 1057 5168 iniqui·
1109 5088 1213 5166 ponit.
1228 5090 1371 5162 bricius,
1383 5105 1459 5151 cum
1475 5090 1568 5153 uidet
1578 5107 1615 5153 se
1625 5093 1711 5170 capi,
1727 5105 1783 5153 nec
1795 5099 1883 5165 poste

260 5191 351 5262 tatis,
368 5204 443 5250 cum
465 5186 574 5249 dicit:
598 5189 678 5250 Non
698 5188 817 5249 odivit.
841 5186 1055 5263 iniquitatem
1109 5186 1261 5258 evadere,
1286 5187 1349 5248 boc
1362 5187 1463 5250 babet
1486 5190 1747 5262 consuetudinis,
1760 5185 1883 5265 quodse

261 5286 426 5365 siquidem
457 5282 636 5345 meditatur
663 5282 763 5345 bomo
789 5287 827 5345 tn
854 5287 955 5348 cocto
977 5300 1052 5358 suo,
1107 5284 1214 5345 totum
1237 5284 1333 5361 quasi
1361 5285 1396 5346 in
1420 5301 1523 5348 unum
1544 5286 1679 5363 globum
1701 5280 1880 5360 oouigitita,
1914 5274 1921 5279 ’

304 4459 372 4519 tem
388 4472 456 4517 otoo
470 4456 615 4517 ctcdtvtt.
631 4453 735 4535 (Psel.
749 4458 800 4529 35,
818 4453 866 4534 5.)

1143 5440 1175 5511 (l
1196 5440 1292 5514 ¹llulg.
1309 5442 1408 5499 Ponet.

297 5443 324 5515 (l
352 5442 438 5515 vulg.
452 5440 640 5498 consurrexit.

1144 5510 1173 5582 (c
1204 5513 1285 5570 loen.
1304 5512 1385 5578 lib.

296 5514 326 5584 (2
358 5514 444 5584 Vulg.
458 5512 564 5569 tunice.

296 5585 325 5652 (3
356 5582 442 5654 Vulg.
457 5582 591 5654 ejecistis.
