3950 6200
158 222 236 285 1187
584 224 617 284 S.
643 222 818 284 ANTONH
847 223 1035 286 PADUANI
1063 224 1201 286 OPERA
1230 224 1375 287 onitu.
1719 229 1805 291 1188
1909 272 1919 283 .

157 389 337 453 discernite
353 411 362 451 r
379 384 519 467 quaerite
533 382 657 455 statim,
671 380 767 445 etsie
784 382 953 444 converti·
1045 385 1126 445 Item
1153 388 1324 448 Dominus
1352 384 1524 449 mostodtat
1544 386 1742 458 introitum,
1771 388 1808 449 et

157 489 252 560 mini,
262 491 295 550 et
309 487 430 548 venite.
445 487 533 545 Deus
544 481 646 558 igitur
661 482 774 542 custos
786 478 953 542 custodiat
1005 482 1142 543 cottum
1158 483 1267 544 tutem.
1286 485 1424 561 Oportet
1442 484 1617 561 siqnidem,
1634 484 1723 561 quod
1738 486 1810 546 Do-

157 591 191 651 te
204 587 247 649 ab
261 584 352 647 omni
365 583 465 653 malo,
476 580 562 645 idest
571 578 763 655 malo,quod
778 579 831 639 est
841 592 951 644 omne,
1007 578 1117 639 minus
1130 581 1300 642 cttstodtat
1315 581 1556 658 predicatoris,
1572 581 1626 643 rel
1640 581 1810 659 praedica.

156 685 287 747 scilicet
305 678 474 758 superbia,
498 680 534 739 ut
550 692 616 753 per
628 679 721 738 diem
733 675 952 737 recontinet
1006 675 1094 737 touls
1104 677 1230 739 exitum
1239 678 1280 739 ad
1293 678 1523 740 instruendum
1547 680 1753 757 proximum,
1772 680 1807 740 et

158 785 203 856 te,
216 784 414 855 nequetnua
425 775 643 852 pertractem.
659 769 952 850 tob(31,2cet28):
1008 772 1177 836 introitum
1204 775 1245 836 ad
1269 775 1549 837 considerandum
1571 778 1731 853 seipsum.
1761 778 1809 837 De

155 877 415 947 ‹Sividisolem
432 890 506 935 cum
521 872 673 948 fulgeret,
688 872 721 932 et
733 870 846 930 lunam
860 869 955 931 ince-
1008 870 1249 932 bocZaclrariae
1269 870 1313 951 (9,
1329 871 1364 950 8)
1380 894 1389 932 ε
1404 889 1423 932 ‹
1438 870 1657 934 Circumdaho
1671 873 1808 934 domum

154 979 289 1041 dentem
297 974 496 1037 clarerllaec
507 969 613 1050 (1)est
627 967 952 1047 iniqnitasmaxima,
1008 983 1115 1029 meam
1137 984 1180 1030 ex
1199 968 1264 1041 bis,
1280 971 1337 1047 qui
1361 970 1507 1032 militant
1528 970 1611 1031 mibi
1625 976 1757 1040 euntes,
1774 974 1810 1031 et

156 1077 192 1138 et
206 1072 340 1151 negatio
351 1072 466 1132 contra
477 1071 581 1129 iteum
595 1065 806 1129 altissimum.
820 1080 839 1124 s
855 1063 910 1125 Sol
920 1062 955 1123 in
1009 1068 1227 1138 revertentes,
1243 1071 1276 1130 et
1288 1083 1354 1128 non
1368 1067 1526 1131 transibit
1536 1084 1638 1145 super
1649 1083 1709 1129 eos
1719 1068 1809 1128 ultra

158 1173 300 1249 fulgore,
323 1171 374 1231 est
387 1167 510 1231 bonum
525 1180 608 1242 opus
623 1165 658 1225 ln
673 1161 953 1229 manifestatione.
1009 1165 1158 1225 exactor.
1177 1180 1196 1223 »
1218 1164 1277 1225 Isti
1301 1167 1379 1226 sunt
1401 1165 1650 1241 praedicatores,
1666 1167 1701 1226 et
1724 1165 1809 1226 doc-

26 1258 28 1267 '
159 1269 216 1352 Sol
229 1258 954 1336 illuminatlnnam:etbonumopusfamam.
1010 1262 1100 1321 tores
1122 1263 1241 1323 euntes
1262 1262 1304 1324 ad
1328 1263 1582 1324 instructionem
1603 1262 1811 1339 proximi‚et

161 1370 255 1430 Luna
271 1380 352 1441 ergo
368 1363 497 1424 noctem
511 1359 705 1420 illuminaus
717 1357 843 1419 incedit
852 1356 954 1427 clare,
1010 1361 1215 1422 revertentes
1228 1359 1269 1419 ad
1278 1360 1578 1422 considerationem
1593 1358 1668 1434 sui;
1686 1362 1722 1422 et
1736 1359 1811 1421 istis

158 1482 233 1529 cum
258 1463 346 1524 fama
364 1460 443 1522 boni
465 1458 575 1535 operis
594 1456 636 1517 ad
660 1455 749 1527 illos,
767 1454 824 1532 qui
846 1452 956 1514 noctis
1011 1455 1195 1518 circumdat
1220 1459 1307 1518 Deus
1322 1473 1417 1518 suam
1430 1457 1574 1528 domum,
1592 1456 1681 1518 idest
1693 1456 1814 1518 Eccle-

158 1561 315 1628 tenebras
334 1558 517 1635 patiuntur,
537 1553 756 1627 diffunditur3
783 1549 870 1630 quod
893 1547 957 1613 Job
1010 1552 1107 1626 siam,
1123 1568 1165 1616 ne
1179 1555 1329 1616 traumat
1350 1570 1538 1632 supeream
1551 1557 1705 1626 exactor,
1722 1554 1813 1616 idest

157 1661 270 1741 justus
285 1673 352 1719 non
366 1654 461 1727 vidit,
475 1653 552 1730 quia
564 1651 619 1713 bic
633 1650 674 1712 ad
686 1647 958 1727 presumptionis
1011 1649 1174 1712 diabolus,

161 1760 304 1838 gloriam
328 1771 394 1816 non
418 1751 560 1815 attendit
576 1771 583 1810 :
603 1765 677 1827 quae
692 1749 782 1810 esset
796 1746 958 1825 iniqnitas
1051 1749 1111 1810 Vel
1122 1748 1171 1810 sic
1187 1770 1195 1810 t
1211 1752 1379 1811 Dominus
1386 1751 1556 1813 cumodtat
1564 1751 1766 1823 introitum,
1778 1749 1812 1811 et

163 1857 320 1926 maxime.
337 1856 370 1915 et
381 1851 514 1926 negatio
530 1849 647 1910 contra
662 1849 776 1908 Deum·
1011 1846 1148 1908 eertum
1162 1847 1469 1920 triumuirorum
1494 1849 1528 1909 m
1549 1848 1813 1921 adventurae

203 1956 372 2018 boninus
397 1947 567 2011 otntodtot
588 1945 773 2007 introitum
794 1942 909 2011 titum,
924 1940 958 2001 ct
1012 1943 1249 2022 prosperitat03
1263 1947 1296 2005 et
1310 1945 1436 2007 exitum
1452 1961 1471 2007 a
1487 1947 1712 2024 prosperitate
1722 1946 1816 2007 simi·

162 2056 300 2117 crottum
326 2051 436 2112 tuum.
462 2044 622 2106 Dominus
642 2039 807 2103 custodiat
832 2037 958 2099 introi·
1013 2040 1100 2115 liter,
1116 2042 1150 2102 et
1164 2040 1377 2104 adversitate.
1390 2045 1565 2105 introitum
1587 2042 1814 2121 inprosperi.

163 2153 234 2214 tum
249 2148 290 2210 ad
306 2146 461 2215 mentem,
478 2144 512 2204 et
524 2140 650 2202 exitum
664 2137 705 2199 ad
718 2136 957 2215 operationem.
1011 2140 1080 2201 tate
1092 2138 1300 2200 immittendo
1318 2142 1541 2218 contemptum
1562 2142 1811 2219 prosperitatis·

164 2245 334 2310 Zachariae
358 2243 403 2322 (8,
431 2239 484 2319 10)
510 2260 519 2300 z
543 2235 753 2314 «Siquidem
781 2235 861 2296 ante
887 2231 959 2293 dies
1014 2235 1108 2299 Unde
1132 2235 1194 2299 Job
1219 2235 1264 2315 (3,
1291 2235 1345 2316 20)
1371 2258 1380 2299 ς
1406 2256 1425 2298 q
1450 2241 1559 2311 Quare
1583 2240 1710 2300 misem
1734 2239 1816 2300 data

163 2346 240 2408 lllos
253 2356 381 2405 merces
396 2337 566 2401 bominum
576 2350 644 2396 non
655 2334 740 2401 erat,
755 2346 819 2393 neo
831 2343 960 2391 merces
1013 2335 1064 2396 est
1077 2334 1149 2402 lux,
1162 2334 1196 2396 et
1210 2334 1276 2395 vita
1301 2334 1366 2409 bis,
1382 2336 1439 2413 qni
1452 2337 1486 2397 in
1502 2336 1729 2398 amaritqum
1744 2336 1816 2398 ant.

160 2443 388 2524 jumentorum
408 2438 494 2507 erat,
511 2442 619 2510 neque
638 2427 833 2499 introeunti,
852 2441 960 2503 neque
1014 2447 1076 2494 mae
1091 2433 1214 2494 suntin
1229 2434 1303 2493 Lux
1317 2433 1393 2506 ista,
1417 2434 1459 2497 de
1477 2450 1542 2512 qua
1554 2434 1617 2496 Job
1628 2435 1814 2511 conqueri-

165 2539 304 2604 exeunti
331 2538 405 2599 erat
430 2548 497 2612 pax
524 2547 594 2610 prae
616 2527 845 2592 tribulatione.
861 2540 880 2584 r>
895 2526 961 2585 Per
1013 2533 1079 2600 tur,
1108 2531 1313 2607 prosperitas
1332 2534 1393 2604 est,
1424 2547 1534 2609 qnam,
1564 2532 1644 2609 quia
1666 2534 1814 2593 mentem

164 2638 328 2710 nomines,
340 2632 534 2704 rationales
549 2626 781 2705 pertonans,
790 2621 959 2700 simplices
1014 2642 1073 2703 per
1087 2642 1235 2689 amorem
1257 2628 1490 2704 temporalium
1512 2628 1554 2690 ab
1575 2644 1693 2690 amore
1712 2629 1816 2706 spin-

165 2733 410 2808 intelliguntur.
426 2730 497 2790 Nec
510 2727 597 2796 istis,
606 2738 669 2784 nec
684 2722 752 2783 illis
767 2734 895 2781 merces
909 2719 961 2779 est
1014 2723 1153 2785 tualium
1167 2723 1296 2796 dividit,
1319 2725 1355 2785 in
1372 2725 1436 2787 bac
1450 2726 1736 2803 peregrinationis
1751 2726 1817 2787 mi.

164 2816 960 2908 deoperibussuts,nistrosueuscustomatnee
1014 2821 1103 2882 serta
1125 2819 1249 2883 nabere
1272 2823 1467 2897 contemptu
1498 2822 1585 2883 unde
1609 2823 1724 2884 subdit
1743 2844 1752 2882 ε
1773 2824 1816 2883 nt

165 2926 349 2992 introeunti
372 2924 414 2984 ad
438 2921 596 2989 mentem,
619 2918 656 2978 ut
679 2914 868 2985 meditetur,
899 2927 961 2974 nec
1014 2919 1094 2989 vita,
1112 2918 1242 2979 scilicet
1255 2919 1431 2994 praesentis
1446 2920 1563 2996 gloriae
1583 2920 1662 2982 data
1675 2920 1739 2991 bis,
1754 2920 1814 2997 qui

164 3026 300 3091 exeunti
311 3024 351 3086 ad
359 3020 587 3101 operationem
599 3030 665 3092 pax
673 3014 725 3074 est
736 3026 805 3089 prae
816 3009 962 3072 tribula·
1014 3015 1049 3076 in
1064 3015 1289 3078 amaritudine
1312 3017 1434 3079 animae
1459 3020 1547 3079 sunt
1565 3019 1605 3079 Et
1621 3018 1657 3078 jn
1670 3017 1816 3079 psalmis

164 3129 267 3194 tione,
284 3139 349 3203 qua
364 3119 510 3197 undique
522 3115 737 3191 angustatum
758 3109 846 3171 unde
860 3112 960 3170 Amos
1015 3112 1099 3192 (138,
1118 3113 1169 3194 12)
1189 3136 1198 3175 ε
1215 3131 1234 3175 t
1250 3115 1343 3177 Siout
1366 3114 1512 3178 tenebrae
1540 3119 1627 3194 ejus,
1644 3117 1692 3177 ita
1709 3119 1744 3179 et
1762 3115 1819 3177 ln·

165 3207 958 3305 (5,19):Quomodosifugiatrirafacieleonls,
1014 3226 1090 3272 men
1123 3213 1249 3288 ejus.»
1284 3213 1378 3274 Sicut
1407 3212 1555 3274 tenebra
1581 3213 1816 3288 adversitatis,

165 3323 252 3386 idest
263 3317 441 3395 superbiae,
459 3317 492 3375 et
507 3310 644 3374 occurat
658 3307 690 3369 ei
703 3320 814 3376 ursus,
831 3304 961 3366 scilicet
1015 3308 1116 3369 sicet
1138 3308 1251 3369 lumen
1276 3310 1509 3387 prosperitatis
1532 3312 1584 3373 est
1607 3313 1703 3388 justo
1729 3312 1816 3372 viro,

164 3417 320 3486 luxuriae,
344 3417 377 3476 et
392 3409 601 3488 ingrediatur
624 3405 769 3474 domum,
784 3403 817 3463 et
831 3401 960 3462 innita·
1016 3405 1198 3482 Utrumque
1219 3405 1309 3467 enim
1335 3407 1567 3484 parvipendit:
1584 3425 1647 3470 uec
1661 3407 1820 3469 adversi.

164 3524 219 3582 tur
231 3530 332 3576 manu
349 3526 410 3572 sua
429 3522 531 3585 super
554 3503 726 3583 parietem,
752 3501 785 3562 et
812 3497 962 3560 mordeat
1015 3504 1083 3564 tate
1106 3501 1284 3579 frangitur,
1305 3519 1367 3565 nec
1381 3505 1602 3583 prosperitate
1628 3505 1816 3567 exponitur·

166 3630 242 3679 eum
268 3608 414 3673 coluber.
431 3602 569 3678 Quando
598 3599 683 3676 fugit
709 3597 809 3660 bomo
832 3611 853 3657 a
876 3593 962 3655 facie
1016 3601 1151 3661 lloc'est
1163 3599 1245 3660 illud
1263 3601 1518 3692 aequinoctium,
1534 3603 1575 3664 de
1596 3619 1663 3680 quo
1680 3602 1818 3674 dicitur,

163 3710 282 3785 leonis,
294 3708 328 3769 et
337 3705 464 3768 occurit
478 3701 509 3763 ei
524 3714 622 3760 ursus
636 3693 791 3767 luxuriae,
806 3691 963 3756 inuititur
1010 3696 1103 3773 'quod
1125 3696 1174 3757 sol
1199 3698 1444 3774 aequinoctialis
1460 3699 1508 3777 (2)
1524 3699 1678 3762 mittebat
1702 3701 1818 3763 radio,

164 3810 263 3871 bomo
276 3817 378 3881 super
387 3800 559 3879 parietem,
573 3793 743 3858 confidens
756 3790 796 3851 de
824 3787 962 3851 fortitu·
1017 3808 1077 3869 per
1097 3793 1217 3855 ostium
1245 3796 1393 3871 porticus
1413 3797 1529 3873 templi
1552 3797 1594 3858 ad
1620 3813 1750 3859 arcam,
1780 3801 1819 3859 In

164 3907 245 3968 dine
270 3900 383 3964 carnis
410 3895 566 3975 propriae,
594 3892 709 3968 utpote
737 3888 794 3965 qui
822 3885 962 3946 multum
1016 3890 1157 3969 porticu,
1174 3893 1388 3968 poenitentia;
1410 3893 1594 3972 intemplo,
1610 3896 1691 3956 vitae
1709 3897 1818 3974 jusu.

154 3996 377 4082 ·jejunaverit,
390 3994 530 4054 multum
543 4005 617 4051 eam
631 3986 696 4048 sibi
712 3981 961 4061 subjugaverit:
1017 3987 1064 4049 tta
1078 3988 1284 4064 designatur,
1302 3992 1367 4051 per
1376 3991 1505 4052 ostium
1517 3992 1658 4053 istorum
1675 3992 1820 4054 duorum

165 4103 278 4164 tamen
300 4092 497 4173 quandoque
518 4085 647 4149 mordet
662 4099 738 4145 eum
756 4079 893 4142 coluber
908 4078 963 4138 la·
1017 4085 1070 4147 vir
1080 4087 1201 4162 justus,
1223 4103 1318 4165 seque
1344 4104 1381 4149 se
1406 4086 1491 4150 hene
1512 4088 1641 4151 hahens
1665 4090 1709 4151 ad
1732 4089 1820 4151 diem

166 4202 240 4262 tens
255 4196 291 4256 iu
307 4206 419 4255 carne.
446 4190 528 4249 [loce
545 4183 668 4263 quanta
689 4177 861 4242 tribulatio
876 4175 965 4237 inte·
1018 4184 1265 4260 prosperitatis,
1291 4187 1324 4246 et
1348 4185 1388 4245 ,d
1404 4187 1534 4248 noctem
1547 4186 1767 4249 adversitatis
1776 4187 1822 4267 (et

167 4296 251 4365 Pius»
273 4293 307 4353 θῑ
329 4286 489 4351 exterius·
504 4284 586 4345 1t0ffl
606 4280 640 4341 1¹¹
660 4275 803 4339 Thfessis
821 4272 867 4351 (¹³
882 4271 962 4351 2⁰)²
1018 4279 1093 4340 ideo
1110 4279 1159 4340 sol
1175 4282 1396 4358 aequinoctius
1421 4282 1625 4363 appellatur)
1638 4284 1744 4347 mittit
1764 4300 1820 4346 ra-

168 4372 799 4461 «Vide,D0m1ss02l⁰0ssi³ffltribl¹10b
818 4376 852 4432 θῑ
864 4384 964 4430 ama·
1018 4376 1102 4448 dios,
1115 4375 1200 4439 idest
1210 4394 1312 4453 opera
1333 4379 1511 4455 luminosa,
1525 4381 1615 4442 iutra
1643 4381 1686 4441 ad
1705 4397 1816 4443 arcam

169 4487 316 4550 ritndine
331 4483 428 4560 puna
441 4475 633 4540 summor-rs
650 4469 809 4533 interficit
820 4465 963 4543 eladius.
1018 4474 1817 4546 testamentureestcurrstum.itemoeinuoim

170 4590 204 4649 et
217 4581 307 4646 domi
329 4594 417 4640 mors
432 4575 553 4636 similis
567 4575 629 4634 est.
646 4586 665 4630 s
680 4571 765 4630 Ecce
780 4563 867 4642 quod
883 4563 966 4623 tide·
1019 4570 1055 4631 in
1069 4572 1294 4634 adversitate.
1313 4575 1422 4636 «ΝΟΧ
1452 4574 1657 4637 illuminatio
1684 4592 1758 4638 mea
1783 4575 1817 4637 in

170 4685 213 4746 lis
227 4680 339 4744 anima
351 4671 592 4738 tentationibus
608 4667 747 4741 fatigata
766 4677 803 4723 se
817 4659 966 4723 attritam
1020 4667 1150 4730 dellens
1165 4669 1317 4749 meqsffi),
1336 4687 1355 4731 ,
1374 4674 1422 4733 Do
1436 4672 1562 4734 mua
1579 4674 1814 4750 prosperitate,

169 4781 272 4852 intus.
294 4778 327 4837 et
352 4772 435 4835 foris
462 4767 616 4846 deplorat
631 4783 639 4823 ε
655 4763 746 4822 inlus
773 4758 890 4830 morte.
905 4750 966 4818 ‘vel
1020 4769 1054 4827 et
1065 4765 1267 4829 adversitate
1279 4767 1441 4831 ualemus
1459 4770 1495 4830 n
1511 4745 1816 4833 prumienses

171 4874 316 4941 mOffllllS
341 4855 828 4948 ⁸⁰880⁸l10¹¹11sslsf0fi⁸8¹fld10
852 4869 968 4932 perse·
1020 4863 1185 4924 tnotuttnt
1196 4864 1230 4925 et
1242 4878 1385 4939 tmpore
1397 4865 1588 4928 delectabis.
1601 4865 1692 4927 Psal.
1708 4869 1756 4939 64,
1768 4863 1813 4945 9.)

172 4974 355 5038 cutiouum.

210 5190 252 5267 (fl
270 5190 354 5263 Vult·
373 5184 472 5256 :Quoe-
874 5241 880 5253 ,
1023 5170 1173 5244 (eninm.
1190 5170 1238 5255 nu.
1264 5174 1340 5255 tun,
1366 5188 1392 5231 e.
1408 5173 1437 5246 s)
1457 5188 1473 5230 a
1514 5175 1640 5232 nieme
1660 5174 1763 5248 ως
1776 5173 1809 5229 u.

210 5268 252 5339 (b)
273 5263 318 5322 Sol
345 5251 553 5330 aequinoctialis
581 5254 636 5306 etc.
664 5247 737 5305 Vcn.
763 5239 839 5302 beda
862 5240 911 5298 lib.
936 5241 969 5298 de
1022 5243 1329 5325 ntsollequmoctinfis
1343 5246 1449 5312 oriens,
1488 5246 1806 5303 irectisradiorumsne

176 5326 463 5408 impudentiorne,
474 5338 538 5395 esp.
552 5320 580 5388 o,
596 5320 654 5376 eit:
670 5314 820 5387 Templum
834 5319 969 5369 eretcon·
1022 5328 1085 5370 rum
1104 5313 1187 5369 lineis
1202 5329 1253 5386 per
1264 5323 1337 5371 ostra
1361 5316 1413 5372 trie
1429 5317 1555 5387 porticus
1574 5316 1691 5384 vidieet,
1707 5313 1806 5386 templi,

176 5420 290 5465 tersum
305 5400 503 5462 adorientem,
515 5385 864 5452 sicutettebernacnlum,
878 5381 966 5440 bebe-
1022 5391 1051 5441 et
1064 5385 1182 5453 oraculi,
1198 5399 1294 5442 urcem
1307 5387 1470 5444 testamenti
1481 5386 1653 5459 perfundere
1667 5394 1769 5459 posset.

176 5478 280 5548 betque
294 5472 399 5529 ostium
422 5465 546 5539 porticus
560 5460 596 5518 ab
618 5459 728 5516 oriente
746 5462 845 5514 centra
864 5454 969 5511 ostium
1059 5455 1184 5527 (llPsel.
1200 5455 1261 5524 ret,
1277 5456 1321 5513 ll.

176 5545 284 5616 templi,
302 5542 381 5613 iuxta
397 5534 472 5608 quod
486 5532 639 5590 historicus
652 5527 815 5587 iudeorum
828 5523 969 5598 losepbus
