3950 6200
101 278 152 340 333
362 230 364 233 ’
465 275 573 336 raas
604 275 750 336 33333.
770 305 811 320 -
829 277 1047 338 aurosum
1076 278 1121 338 ut
1150 278 1353 338 rsnnuos
1668 280 1729 338 334

101 439 129 500 33
151 434 321 512 aequitem
347 435 381 495 33
407 433 483 494 3333
507 434 670 495 minorem
691 450 882 496 mensuram
936 435 1004 496 lam
1028 435 1157 498 inducit
1175 436 1216 497 33
1240 436 1347 513 culpae
1369 437 1645 498 evacuationem:
1664 439 1730 498 Sed

101 538 178 596 Deus
201 531 354 608 implebit
384 531 436 592 333
471 531 506 592 33
541 531 716 608 supplicio.
742 535 787 593 De
820 531 883 593 hoc
937 535 1147 594 desiderium
1162 533 1378 611 promovendi
1393 533 1428 593 in
1444 533 1574 604 331333,
1585 533 1663 609 quia
1673 535 1731 609 qui

101 631 155 694 lob
170 628 230 707 (31,
245 630 312 689 533
324 627 359 707 6)
377 649 385 688 :
401 645 420 686 ‹
435 628 471 688 si
488 627 658 689 ambulavi
673 629 708 689 in
720 629 881 700 vanitate,
937 629 1028 689 videt
1039 645 1075 690 se
1086 629 1304 691 deformatum
1315 645 1374 707 333
1386 632 1568 707 33333333,
1583 631 1623 690 33
1636 646 1730 691 suam

102 730 131 790 33
142 727 312 789 festinavit
340 727 376 787 in
403 725 479 785 dolo
500 740 557 801 pes
583 742 676 787 meus
693 747 701 785 ι
718 727 884 802 appendat
939 724 1070 787 laborat
1084 727 1377 788 reformationem:
1403 731 1463 788 333
1477 728 1732 789 aemulationem

102 841 148 887 33
161 825 194 885 33
209 826 335 885 3333333
344 826 448 901 justa,
467 824 500 883 et
519 823 603 884 33333
617 825 704 884 lteus
717 823 883 899 simplici·
938 823 1088 884 virorum
1111 823 1286 894 bonorum,
1312 827 1346 885 et
1365 840 1481 885 eorum
1495 840 1632 902 operum
1649 829 1732 886 :sed

101 924 192 985 tatem
214 937 367 981 meam.»
391 923 522 982 Statera
545 920 637 997 justa
664 923 715 981 333
734 920 769 980 33
785 920 885 982 33333
938 921 1128 981 3333333333
1142 921 1285 998 rigidam
1301 921 1337 981 in
1352 924 1562 997 peccatorum
1583 922 1733 998 punitio-

102 1022 219 1091 nostro,
235 1017 369 1094 quando
390 1032 434 1077 ex
455 1033 520 1077 una
539 1019 633 1093 33333
655 1017 809 1094 3333333
832 1016 886 1077 be-
939 1033 1026 1077 nem.
1056 1018 1091 1078 si
1111 1019 1316 1079 conscientia
1343 1018 1455 1079 taliter
1474 1019 1589 1094 egerit,
1613 1018 1731 1079 merito

102 1116 213 1178 nedcia
225 1114 353 1176 Christi
368 1114 464 1175 nobis
477 1115 612 1185 collata,
635 1117 669 1175 33
691 1114 886 1175 333333333-
939 1114 1049 1175 33333
1064 1116 1272 1175 33333333333
1286 1114 1421 1175 tenebit.

100 1230 177 1285 mus,
192 1212 278 1289 quod
299 1227 367 1273 nou
389 1210 550 1272 babemus
563 1211 641 1288 quid
659 1227 821 1288 ponamus
844 1227 887 1272 ex
979 1211 1087 1273 Testis
1109 1212 1173 1273 3333
1186 1213 1311 1274 veritas
1323 1212 1524 1282 infallibilis,
1545 1213 1584 1273 ut
1598 1228 1659 1274 noc
1674 1211 1734 1275 fal·

101 1311 208 1372 altera.
225 1310 265 1370 Et
276 1310 312 1369 in
327 1309 443 1369 eodem
459 1307 744 1387 sequitur(31,1f)
755 1331 764 1369 :
776 1308 885 1379 «Quid
942 1324 1014 1369 sum
1030 1307 1129 1380 dicat,
1146 1325 1208 1370 333
1220 1325 1336 1369 verum
1347 1312 1469 1377 taceat,
1485 1312 1519 1370 33
1530 1310 1653 1381 omnia,
1664 1311 1733 1373 tam

100 1407 223 1479 faciam,
254 1422 330 1468 cum
372 1405 562 1467 surrexerit
596 1405 638 1467 ad
667 1405 887 1483 judicandum
941 1407 1090 1482 peccata,
1107 1422 1206 1483 quam
1223 1406 1492 1467 circumstantias
1509 1406 1732 1482 eomprehen-

102 1505 255 1566 3333331333
273 1518 348 1565 cum
372 1503 553 1580 quaesierit,
577 1502 656 1579 quid
681 1502 887 1580 respondebo
942 1502 1010 1575 333,
1037 1505 1071 1565 33
1093 1519 1152 1565 333
1169 1503 1321 1576 rotundo,
1338 1519 1405 1564 non
1420 1503 1592 1565 dimidiato
1617 1519 1734 1565 33333

101 1603 189 1663 ulit»
203 1599 885 1679 Anatransuuonanet:putamusne),
942 1608 1042 1671 dicat
1059 1608 1230 1685 sicexigit
1244 1609 1379 1671 veritas.
1402 1609 1546 1671 undem
1560 1611 1673 1671 marco
1689 1609 1733 1689 (7,

102 1700 126 1761 si
137 1699 416 1761 examinationem
429 1698 496 1760 mei
511 1696 613 1759 faciat
625 1700 733 1758 Deus?
754 1698 788 1759 33
800 1698 829 1757 33
842 1697 889 1758 vi·
942 1705 1009 1785 33),
1030 1706 1199 1782 legiturin
1214 1706 1347 1783 signum
1369 1707 1469 1784 nujus
1485 1707 1547 1778 rei,
1564 1708 1650 1783 quoq
1665 1710 1734 1768 30.

102 1797 296 1869 citationem,
309 1796 396 1874 quod
411 1811 609 1872 responsum
627 1794 735 1855 dabof
749 1813 767 1854 »
783 1795 888 1856 Sicuti
942 1805 1055 1865 minus
1070 1821 1194 1866 sanans
1209 1805 1359 1877 surdum,
1381 1806 1414 1866 et
1426 1807 1564 1877 mutum,
1581 1807 1737 1867 33333333.

101 1893 226 1971 quando
244 1893 360 1955 visitat
382 1892 562 1968 episcopus
592 1892 783 1968 parochias,
810 1892 889 1953 3333
942 1905 1032 1977 ppos
1045 1917 1127 1964 suos
1149 1906 1188 1964 m
1211 1906 1387 1965 33333333
1403 1906 1478 1975 ejus
1492 1920 1503 1962 :
1519 1904 1552 1965 et
1567 1917 1735 1976 3333333,

102 1991 331 2065 discutiuntur,
365 1990 398 2051 33
422 1988 660 2051 examinantur
687 1989 828 2066 praelati,
857 1991 890 2050 33
944 1999 1059 2075 telepte
1074 2003 1229 2075 unquam
1243 2002 1329 2072 qus,
1349 2002 1441 2061 Tunc
1459 2001 1619 2060 pominus
1634 2000 1737 2061 mittit

104 2088 271 2149 solvuntur
292 2087 415 2162 lingttae
437 2085 644 2147 subditorum
660 2087 774 2147 contra
790 2101 888 2163 pres·
944 2094 1158 2171 digitossuos
1182 2097 1216 2157 in
1238 2096 1331 2157 surdi
1357 2113 1484 2163 aurem,
1508 2097 1639 2174 quando
1666 2113 1734 2158 1101]

102 2184 309 2262 0310303363
329 2186 444 2246 contra
460 2182 613 2245 abbatem
632 2199 728 2245 suum
750 2182 797 2263 (2)
818 2183 888 2243 lin·
944 2194 1051 2254 solum
1062 2195 1217 2271 peccator
1230 2193 1368 2255 verbum
1381 2194 1500 2254 salutis
1523 2194 1660 2255 auribus
1674 2209 1736 2254 ca-

102 2299 168 2358 gum
183 2281 499 2354 m⁰¹1³0h0r¹11113⁸i⁰
510 2281 641 2358 quando
652 2296 793 2357 0138008
806 2280 890 2356 epis·
944 2290 1003 2367 pit,
1023 2290 1079 2351 333
1099 2291 1209 2367 33333
1224 2290 1389 2351 convertit
1400 2290 1435 2350 in
1449 2305 1586 2366 operum
1607 2305 1735 2351 33333-

101 2396 198 2457 00308
225 2394 305 2439 8003
318 2378 475 2456 300010ωο
496 2377 657 2449 visitabit,
675 2377 889 2454 0113003000-
944 2388 1079 2448 tionem.
1094 2388 1196 2464 Sputo
1212 2388 1361 2462 linguam
1375 2388 1457 2447 muti
1470 2387 1588 2462 tangit,
1602 2388 1736 2463 quando

103 2494 159 2554 que
174 2493 258 2553 opus
267 2476 496 2539 testimonium
509 2476 626 2537 contra
636 2492 732 2537 suum
742 2476 889 2536 3333333
944 2486 1101 2563 peccator
1109 2485 1144 2545 in
1157 2483 1367 2546 confessione
1387 2483 1484 2560 plena
1498 2484 1658 2546 confitens
1671 2501 1738 2545 non

103 2573 889 2649 clamabit.ldeoractejudioandnmessetmodo,
945 2582 1058 2644 obviat
1070 2582 1216 2646 veritati,
1233 2584 1409 2644 peccatum
1424 2581 1520 2643 dulce
1533 2584 1594 2649 est,
1621 2593 1653 2643 eq
1679 2583 1739 2642 de.

105 2674 136 2734 33
149 2670 468 2769 illamdiscussionis
481 2670 709 2732 visitationem
721 2686 788 2732 11011
797 2671 892 2732 time·
945 2679 1111 2751 laetabile,
1129 2680 1163 2741 et
1175 2679 1234 2739 illa
1250 2678 1390 2739 dulcedo
1405 2679 1440 2739 iu
1461 2680 1671 2740 confessione
1687 2678 1740 2739 fa-

105 2785 222 2830 33333
946 2779 992 2840 333
1017 2777 1184 2840 bominem
1220 2776 1459 2838 balbutientem
1490 2798 1498 2837 ε
1524 2777 1588 2837 Sed
1630 2777 1738 2837 saliva

137 2866 322 2929 Accusator
340 2866 391 2926 est
411 2865 518 2927 tristis
533 2865 751 2937 conscientia,
769 2864 890 2941 quaein
946 2891 1061 2936 amara
1077 2877 1138 2948 est,
1164 2875 1198 2936 et
1214 2873 1366 2951 opposita
1379 2873 1560 2945 dulcedini,
1576 2874 1739 2951 quinquae

104 2966 226 3025 tantum
248 2962 347 3024 debet
366 2978 441 3024 esse
468 2963 575 3024 tristis
590 2962 631 3023 de
646 2963 843 3034 commissis,
860 2962 893 3024 et
946 2970 1041 3047 prius
1060 2969 1222 3030 diminute
1244 2968 1396 3031 confiteri
1411 2968 1553 3029 faciebat
1567 2969 1742 3029 3333333

105 3060 195 3123 firma
209 3061 252 3123 de
267 3077 334 3123 11011
344 3060 600 3133 committendis,
614 3062 774 3137 (30303001
797 3060 833 3122 in
855 3075 892 3122 ⁸0
947 3069 1071 3130 tionem
1081 3066 1219 3145 peccati,
1232 3065 1364 3143 quando
1374 3066 1598 3127 amaritudine
1611 3067 1739 3134 linitur,

104 3161 157 3230 tsi,
181 3161 220 3221 ui
243 3159 336 3220 nullo
352 3158 448 3220 modo
461 3158 575 3219 divina
591 3159 843 3235 praevarioetur,
860 3161 893 3220 et
948 3165 1077 3227 dulcem
1092 3165 1359 3241 inquinationem
1371 3163 1499 3239 peccati
1516 3163 1648 3239 plenius
1664 3179 1741 3224 oon·

103 3255 269 3318 blanditiis
278 3255 402 3317 diaboli
417 3254 617 3327 deliniatur;
634 3255 892 3332 sicutuinaquae
947 3263 1071 3325 fitetur.

103 3369 170 3415 eum
199 3354 341 3414 mulium
366 3353 505 3426 0010300,
532 3353 566 3413 ei
597 3352 803 3413 conscientia
832 3368 892 3413 sua
987 3360 1107 3420 Tortor
1121 3358 1218 3421 debet
1228 3374 1302 3420 esse
1322 3359 1422 3421 timor
1433 3355 1667 3432 infatigabilis,
1681 3357 1737 3435 qui

104 3466 169 3511 eam
180 3451 369 3521 accusaret,
386 3451 496 3511 tamen
508 3450 679 3511 blanditiis
693 3449 824 3511 Sichem
835 3450 894 3511 de·
948 3473 1012 3518 non
1037 3455 1134 3518 debet
1155 3471 1299 3528 cessare,
1326 3470 1496 3532 quousque
1523 3454 1653 3516 debitor
1674 3470 1740 3515 no-

102 3546 391 3610 13030308000103
411 3550 483 3622 ejus
504 3546 563 3626 (3)·
584 3548 624 3608 Ei
647 3548 732 3623 (3000
754 3548 893 3609 multum
948 3555 1120 3617 vissimum
1136 3553 1354 3631 quadrantem
1369 3552 1495 3613 333333.
1518 3551 1611 3612 Unde
1631 3554 1742 3612 Evan-

104 3646 252 3721 proticiat
276 3644 385 3706 tristis
413 3660 473 3720 pro
502 3645 646 3720 peccatis
675 3645 892 3713 conscientia,
948 3652 1073 3728 galium
1090 3672 1097 3710 ε
1114 3668 1132 3709 ‹
1148 3651 1183 3711 Si
1197 3649 1302 3711 fueris
1316 3646 1363 3727 (5)
1379 3665 1454 3710 333
1470 3647 1738 3720 adversariotno,
1767 3643 1773 3660 ⁸

104 3743 246 3804 ostendit
272 3741 451 3818 Apostolus
479 3741 520 3802 33
549 3741 760 3802 Corinthios:
776 3759 795 3801 3
811 3745 894 3804 Ecce
949 3751 984 3810 in
998 3749 1054 3810 via
1078 3748 1120 3810 da
1135 3763 1271 3824 operam
1291 3746 1428 3806 liberari
1450 3745 1491 3807 ab
1516 3761 1566 3817 3ο,
1589 3761 1631 3805 33
1656 3745 1741 3806 33333

105 3840 187 3900 3333
202 3840 270 3900 333
286 3840 406 3916 33333,
430 3838 611 3899 seeundum
626 3840 729 3898 Deum
745 3840 893 3900 contris·
948 3846 1060 3908 tradat
1083 3847 1117 3907 33
1139 3844 1257 3922 jndici,
1286 3846 1317 3906 et
1338 3842 1444 3919 iudex
1467 3842 1598 3913 tortori,
1617 3845 1650 3903 et
1665 3846 1740 3903 333-

103 3937 247 4008 3333333,
262 3937 424 4012 quantam
440 3935 580 3996 invobis
596 3938 755 4011 operatur
766 3936 896 3997 sollici·
949 3944 1002 4005 tor
1010 3941 1057 4021 (d)
1074 3942 1183 4003 mittat
1197 3943 1229 4002 33
1242 3941 1280 4000 33
1293 3954 1462 4001 33333333
1476 3956 1496 3999 t>
1508 3937 1569 4018 (7).
1586 3940 1742 4000 Timorin

105 4033 261 4104 tudinem,
283 4032 341 4093 sed
356 4032 595 4103 defensionem,
612 4033 668 4092 sed
685 4033 893 4119 indignatio·
950 4054 1085 4101 carcere
1110 4043 1226 4100 tenere
1254 4036 1352 4098 debet
1386 4038 1607 4112 3333333333,
1636 4037 1742 4097 33333

104 4145 185 4203 nem,
223 4130 284 4192 sed
312 4130 478 4201 timorem,
505 4130 563 4191 333
591 4130 805 4204 3333333333,
837 4132 894 4193 333
949 4137 1068 4199 333333
1090 4137 1307 4198 novissimum
1333 4134 1549 4211 quadrantem
1566 4133 1740 4211 (matura,

104 4228 362 4299 emulationem,
378 4227 436 4288 333
448 4227 630 4289 vindictam
647 4225 706 4307 (4).
723 4245 742 4287 3
764 4229 896 4290 (lontri-
949 4235 1016 4315 26),
1039 4234 1127 4296 idest
1147 4232 1365 4294 novissimum
1381 4232 1551 4306 peccatum
1567 4229 1741 4290 confessus

103 4325 185 4392 stari
205 4325 372 4402 siquidem
395 4328 583 4386 3333333333
605 4328 718 4387 Deum
738 4328 896 4402 operatur
951 4332 1062 4402 fuerit,
1080 4331 1113 4392 33
1130 4346 1189 4406 333
1204 4327 1466 4390 satisfactionem
1480 4326 1683 4401 reddiderit,
1709 4329 1742 4389 et

104 4423 282 4498 quamdam
296 4424 561 4485 solticitudinem
585 4422 783 4484 emendandi
809 4423 894 4500 quod
951 4430 1000 4491 sic
1013 4427 1232 4490 laborandum
1247 4428 1308 4495 est,
1325 4426 1363 4486 ut
1381 4423 1422 4484 ab
1448 4424 1653 4496 adversario,
1669 4424 1743 4485 dia-

103 4519 316 4598 3333333333,
344 4535 386 4580 33
409 4519 517 4580 33333
534 4534 709 4595 peccemus
726 4538 734 4575 ε
754 4523 895 4584 sedue—
951 4524 1027 4586 bolo
1049 4523 1189 4593 scilicet,
1220 4519 1352 4598 quando
1381 4519 1508 4580 socium
1551 4519 1742 4596 hujusmodi

104 4619 295 4689 3333333333
304 4635 315 4689 ,·
330 4617 452 4693 333333
466 4617 555 4676 3333
571 4631 607 4677 33
621 4617 772 4690 excusat,
790 4619 896 4694 quise
951 4622 1052 4682 habet
1065 4620 1100 4680 in
1112 4620 1168 4682 via
1183 4634 1244 4679 sua
1260 4616 1425 4695 peccator,
1455 4616 1568 4679 valeat
1592 4616 1740 4678 liberari.

103 4715 251 4783 accusat,
267 4714 391 4791 optime
406 4728 442 4773 se
458 4712 616 4784 defendit,
631 4715 688 4791 qui
703 4730 738 4775 se
752 4731 819 4776 non
838 4717 897 4777 33-
951 4720 1012 4780 vel
1027 4716 1244 4779 adversarius
1265 4714 1433 4793 peccatori
1448 4716 1501 4777 est
1518 4730 1613 4775 sacra
1630 4715 1745 4792 Scrip-

104 4810 230 4873 lendit:
247 4814 314 4873 Sed
338 4812 612 4885 33333333333333
638 4815 754 4873 333333
778 4829 898 4889 pecca·
951 4818 1043 4886 tura,
1074 4815 1245 4876 contraria
1279 4813 1378 4874 malis
1405 4810 1593 4874 actionibus
1620 4811 1744 4888 333333-

102 4908 210 4970 33333
225 4908 390 4970 uilitatem
412 4929 419 4967 :
435 4911 502 4970 Sed
520 4910 693 4981 timorem,
710 4910 767 4986 qui
782 4913 898 4972 caute·
952 4913 1070 4975 cando.

125 5101 179 5183 ,(3)
200 5099 403 5183 0333333333,
418 5105 468 5157 etc.
480 5100 693 5184 'llersio‘Grmea'
705 5102 779 5185 billi
803 5104 845 5160 sic
861 5104 899 5187 le3
952 5121 1018 5179 que.
1036 5108 1077 5164 lto
1091 5105 1230 5164 excessib.
1242 5105 1387 5187 Praelator,
1395 5110 1423 5159 33
1433 5116 1468 5159 ex
1480 5101 1642 5173 Privilegits
1651 5115 1744 5160 exem·

104 5170 898 5315 3333333333333333333333333
953 5175 1512 5322 diuidentitisque
1526 5174 1740 5299 fffttfdd‘·

104 5327 117 5366 r
188 5310 414 5369 nsumdaboi»
452 5286 461 5312 ’
889 5288 897 5314 ’
1003 5319 1019 5375 3
1052 5320 1123 5375 Gen.
1135 5318 1181 5385 at,
1196 5318 1223 5373 3.
1286 5286 1295 5314 ’

139 5389 147 5451 t
169 5386 179 5454 )
200 5385 238 5440 Et
254 5391 353 5440 contra
367 5382 505 5440 abbatem
524 5398 618 5452 suum,
635 5386 807 5442 etcsaeculo
821 5385 897 5444 deci·
991 5319 1033 5458 ili
1054 5390 1154 5445 licor.
1172 5390 1199 5456 7,
1213 5387 1256 5443 ll.

104 5465 151 5508 mo
169 5454 265 5518 tertio.
280 5468 337 5525 quo
349 5452 443 5510 floruit
454 5455 482 5511 S.
494 5454 645 5522 Antonius,
655 5457 733 5527 plura
749 5457 901 5514 33333333
992 5460 1033 5530 35)
1053 5459 1139 5530 vulg,
1155 5459 1223 5515 Cum
1238 5462 1335 5512 33333
1349 5455 1443 5512 vadis.

104 5537 166 5580 333
184 5525 360 5581 3333333333
385 5523 576 5596 jurisdictioni
600 5526 798 5598 episcoporum
813 5526 901 5585 fnisse
992 5531 1021 5600 (6
1054 5529 1139 5600 vulg.
1155 5535 1185 5584 et
1195 5525 1282 5599 judex
1291 5526 1426 5593 exactori,
1441 5531 1469 5582 et
1477 5531 1603 5583 exactor.

103 5592 199 5652 adhuc
214 5593 340 5651 333333
350 5602 394 5651 est
408 5596 585 5667 exploratum
598 5610 633 5653 ex
652 5599 719 5670 Cep.
736 5597 830 5654 333333
846 5599 901 5656 333·
992 5603 1021 5670 (7
1054 5601 1138 5657 3333
1150 5599 1193 5667 m,
1206 5597 1250 5654 58.

253 5742 365 5786 naraon.
387 5744 459 5786 roan
480 5732 526 5788 lll.
1538 5730 1571 5787 27
