3950 6200
699 172 710 209 Ι

237 301 298 362 ece
406 382 408 387 Ι
481 276 483 287 ’
708 303 764 363 an
791 302 929 364 crona
958 302 991 363 s
1018 252 1195 364 eunoun
1223 303 1412 367 canusio
1790 314 1834 377 aa
1914 358 1915 363 .

236 458 419 523 conuertit.
442 461 503 533 Qui
518 461 551 522 et
565 461 701 538 accepta
717 462 908 538 penitencia
930 477 1030 524 man-
1125 464 1251 525 Lectio.
1271 467 1320 525 II.
1343 465 1488 542 Cumque
1512 463 1565 527 die
1585 465 1717 542 quodam
1737 483 1755 529 a
1772 471 1836 534 coda

234 557 323 619 debs
338 557 603 636 sancteecclesie
618 573 756 621 romane
768 560 920 637 usquein
932 560 1031 621 tinem
1085 576 1148 621 sua
1174 577 1273 637 quam
1297 577 1397 638 super
1423 577 1541 623 nucem
1562 565 1702 625 cmstrui
1722 565 1835 631 lecerat.

237 654 376 717 deuotus
391 655 644 733 obtemperauit.
1086 660 1227 719 uocante
1255 674 1331 719 eum
1356 674 1519 736 campana
1543 658 1584 720 ad
1608 660 1716 722 boram
1733 665 1838 738 prandii
1911 650 1912 655 ’

1086 755 1342 817 descendisset:
1380 772 1456 817 cum
1488 755 1645 818 fratribus
1676 760 1780 820 ceteris
1808 778 1839 823 er

386 852 491 914 Deest
505 855 542 913 in
557 853 677 915 codice
691 853 805 915 Lectio
825 856 880 914 VI.
1087 868 1178 913 more
1191 852 1368 914 discubuit.
1384 854 1487 914 Facta
1502 856 1552 916 est
1565 857 1672 916 autern
1684 872 1772 932 super
1782 872 1839 919 eun

1086 949 1133 1011 ibi
1143 965 1261 1011 manus
1272 951 1418 1012 Domini.
1433 952 1466 1012 et
1476 952 1579 1013 totius
1589 952 1729 1028 corporis
1739 954 1840 1017 uiribus

275 1048 402 1108 Lectio.
423 1050 496 1108 VII.
513 1049 593 1109 Post
607 1047 669 1109 lrec
682 1049 792 1110 autem
805 1064 879 1111 curn
893 1049 1032 1124 urgente
1087 1048 1174 1124 cepit
1185 1048 1326 1124 repente
1337 1047 1484 1110 destitui.
1499 1050 1732 1126 crescenteque
1742 1052 1840 1112 senum

238 1141 398 1204 familiari
427 1159 528 1205 causa
557 1145 710 1206 Minister
736 1146 869 1207 Ordinis
896 1161 1031 1208 seruum
1087 1144 1294 1207 infirmitate.
1316 1145 1578 1207 sustentantibus
1592 1162 1666 1207 eum
1679 1146 1841 1210 fratribnsa

235 1239 297 1300 Dei
317 1240 496 1301 Antonium
512 1240 555 1300 ad
576 1241 709 1301 Curiam
730 1240 948 1304 destinasset.
970 1242 1032 1303 tali
1086 1256 1201 1303 mensa
1215 1244 1363 1304 surrexit
1377 1265 1384 1303 :
1400 1242 1592 1305 fatiscentes
1607 1244 1697 1305 artus
1709 1245 1842 1307 sustinere

236 1351 312 1397 eum
327 1336 443 1397 fauore
457 1336 544 1412 apud
559 1337 770 1399 uenerabiles
783 1339 924 1400 ecclesie
937 1338 1033 1417 prin-
1086 1355 1152 1401 non
1167 1340 1363 1416 preualens.
1380 1342 1572 1403 stramentis
1586 1356 1622 1402 se
1635 1341 1740 1403 lectuli
1753 1342 1788 1402 ad
1798 1359 1843 1403 cu·

235 1434 328 1510 cipes
343 1433 482 1496 donauit
495 1433 678 1496 altissimus
695 1457 702 1495 :
719 1437 789 1497 uta
804 1451 932 1497 summo
948 1451 1033 1513 pon·
1085 1436 1216 1499 insdam
1231 1453 1347 1514 preces
1362 1438 1550 1499 inclinauit.

235 1531 325 1592 titlce
346 1533 379 1592 et
396 1532 557 1593 uniuersa
578 1532 799 1594 cardinalium
819 1533 1031 1596 multitudine
1123 1535 1249 1597 Lectio.
1270 1538 1338 1597 III.
1371 1536 1530 1597 Senciens
1553 1536 1657 1612 igitur
1678 1552 1782 1598 seruus
1798 1536 1842 1597 liei

235 1628 469 1690 ardentissima
489 1629 667 1691 deuotione
689 1632 861 1692 audiretur
875 1631 1031 1709 predica·
1084 1631 1252 1693 Antonius
1263 1631 1516 1694 dissolutionem
1532 1633 1586 1693 sui
1600 1635 1743 1710 corporis
1758 1633 1844 1693 imni·

235 1726 282 1787 tio
304 1725 407 1786 illius.
429 1728 555 1803 Nempe
578 1728 668 1789 enim
689 1728 772 1789 talia
795 1730 829 1789 et
852 1729 921 1790 tam
947 1743 1029 1805 pro-
1085 1743 1182 1789 nere.
1200 1730 1376 1790 uocatoad
1396 1745 1432 1791 se
1447 1730 1589 1807 quodam
1608 1729 1649 1791 de
1669 1728 1843 1791 fratribuset

234 1822 339 1884 funda
353 1823 394 1885 de
408 1824 582 1900 scripturis
603 1824 744 1887 facundo
764 1825 936 1887 eructabat
954 1826 1029 1886 elo·
1085 1825 1250 1886 consociis
1265 1826 1335 1886 suis
1349 1826 1502 1902 rogerio:
1518 1827 1605 1889 dixit
1619 1827 1663 1887 ei.
1678 1827 1712 1887 Si
1726 1825 1842 1887 consulis

235 1920 340 1997 quio:
365 1922 401 1982 ut
422 1920 464 1982 ab
490 1922 565 1998 ipso
590 1923 731 1984 Domino
754 1925 846 1998 Papa
870 1923 1031 1984 familiari
1085 1919 1205 1982 frater.
1220 1936 1279 1998 pro
1293 1921 1429 1983 uitando
1445 1920 1586 1984 fratrum
1599 1922 1734 1983 istorum
1744 1936 1844 1996 mana·

235 2017 380 2094 quadam
401 2020 615 2095 prerogatiua
636 2019 740 2081 archa
761 2020 950 2081 testamenti
968 2036 1031 2082 uo-
1085 2017 1174 2079 mine
1187 2018 1273 2079 uado
1287 2018 1431 2094 paduam
1444 2018 1486 2079 ad
1501 2018 1611 2080 locum
1631 2020 1740 2079 sancte
1753 2017 1843 2077 marie

235 2116 379 2176 caretur.
1085 2116 1845 2194 Quemcumsuperpersuasumliaberetioncto

273 2215 399 2275 Lectio.
431 2216 524 2275 Vlll.
557 2216 674 2277 sermo
697 2230 839 2294 namque
863 2215 969 2293 ipsius
994 2214 1030 2277 in
1085 2228 1186 2274 curru
1208 2216 1307 2292 pater
1332 2214 1467 2275 sanctus
1495 2215 1692 2291 imponitur.
1717 2211 1845 2274 fratribus

233 2309 341 2385 gratia
357 2310 428 2371 sale
446 2312 627 2373 conditus:
653 2328 720 2374 non
744 2313 944 2375 mediocrem
968 2328 1032 2374 au·
1084 2310 1150 2371 loci
1173 2326 1352 2389 proposse
1375 2311 1614 2374 renitentibus.
1639 2327 1680 2373 ne
1700 2310 1738 2372 ad
1760 2310 1846 2371 locun

233 2407 402 2469 dientibus
423 2410 566 2485 gratiam
590 2408 792 2473 conferebat.
821 2409 1031 2473 Mirabantur
1085 2408 1227 2470 alterum
1247 2408 1415 2471 ullatenus
1439 2408 1638 2471 deferretur.
1664 2408 1742 2479 Quia
1759 2408 1847 2468 tanen

234 2505 397 2566 maiores.
414 2507 525 2567 uirum
540 2506 725 2583 pubetenus
740 2508 907 2585 ydiotam.
925 2508 1028 2585 spiri·
1083 2506 1311 2568 beatissimum
1320 2505 1498 2568 Antonium
1510 2506 1574 2568 hoc
1583 2505 1671 2569 uelle
1679 2503 1846 2567 comebant.

155 2624 159 2629 ·
232 2602 315 2663 talia
344 2602 552 2678 spiritalibus
576 2604 743 2666 subtiliter
765 2606 1027 2682 comparantem.
1083 2603 1183 2664 inniti
1198 2603 1314 2665 sancto
1328 2605 1513 2664 cesserunt.

237 2697 422 2774 stupebant
436 2701 581 2760 minores
596 2701 723 2777 peccati
739 2716 858 2762 causas
872 2702 906 2762 et
926 2717 1028 2763 occa·
1122 2701 1248 2762 Lectio.
1268 2703 1355 2761 IIII.
1382 2702 1528 2777 Cumque
1549 2699 1616 2760 iam
1635 2696 1848 2777 appropriasset

236 2795 349 2856 siones
364 2796 583 2857 euellentem.
600 2803 633 2859 et
647 2799 808 2859 uirtutum
823 2813 932 2859 mores
948 2814 1030 2860 cau·
1083 2799 1211 2859 civitati
1226 2799 1372 2859 occurrit
1386 2812 1488 2875 super
1502 2796 1550 2876 (t)
1571 2798 1704 2860 uinctus
1722 2796 1772 2873 qui
1784 2793 1849 2855 nisi·

234 2892 302 2952 tius
318 2890 531 2953 inserentem.
548 2894 665 2955 Omnis
682 2894 814 2955 demum
827 2894 1028 2957 conditionis
1082 2895 1174 2957 tandi
1188 2895 1296 2970 gratia
1312 2894 1382 2956 ibat
1395 2895 1435 2956 ad
1452 2896 1562 2956 uirum
1584 2896 1656 2957 Dei.
1680 2897 1774 2966 Quem
1791 2905 1848 2953 cun

235 2987 363 3049 ordinis
378 2989 412 3050 et
425 2990 523 3050 etatis
538 2991 623 3050 uiri.
640 2992 865 3065 congruencia
879 2991 944 3053 sibi
959 2993 1028 3055 uite
1083 2993 1186 3053 nimia
1207 2992 1400 3054 infirmitate
1415 2994 1567 3054 cerneret
1584 2994 1791 3068 aggrauatum
1806 3003 1849 3048 ro·

233 3085 430 3148 documenta
463 3087 653 3164 suscepisse
683 3088 776 3151 letati
810 3090 899 3152 sunt.
927 3090 1027 3151 Nulla
1082 3088 1849 3167 garecepit,utadcellamdiuerteretindomun

232 3199 370 3262 prorsus
381 3184 534 3247 flectebat
546 3202 620 3247 eum
632 3202 850 3263 personarum
862 3189 1026 3265 acceptio.
1082 3187 1233 3249 fratrum.
1253 3188 1356 3248 Erant
1371 3188 1459 3248 enim
1477 3186 1523 3248 ibi
1542 3187 1665 3250 fratres
1683 3201 1776 3264 prope
1790 3184 1848 3244 lde·
1914 3251 1915 3254 Ἴ

233 3281 326 3342 nulla
347 3281 473 3344 fauoris
488 3283 625 3344 humani
645 3283 873 3361 permulcebat
892 3285 1025 3362 opinio.
1082 3286 1266 3347 nasterium
1290 3284 1500 3346 dominarum
1526 3300 1710 3362 pauperum
1731 3296 1850 3345 mmmc-
1887 3279 1915 3346 T

233 3380 290 3440 sed
315 3380 408 3442 iuxta
441 3380 602 3457 prophete
627 3396 766 3442 necem.
794 3382 889 3458 quasi
913 3383 1029 3459 plaus-
1082 3385 1196 3443 rantes
1213 3403 1220 3442 ε
1237 3383 1271 3444 et
1283 3382 1377 3444 iuxta
1395 3382 1672 3444 consuetudinem
1687 3379 1801 3442 ordinis
1810 3375 1850 3437 di·
1914 3425 1915 3428 .

232 3478 321 3538 trum
340 3478 521 3539 triturans.
548 3478 657 3539 rostra
680 3478 808 3540 babens
833 3480 1025 3541 serrancia.
1082 3479 1162 3539 uina
1176 3479 1226 3539 illi
1241 3476 1288 3558 (2)
1304 3478 1587 3541 administrantes.
1914 3533 1915 3538 ,

232 3577 363 3636 montes
385 3575 598 3637 comminuit.
623 3577 656 3637 et
676 3576 780 3639 colles
799 3577 886 3638 sicut
906 3576 1027 3654 pulue·
1121 3577 1247 3638 Lectio.
1267 3580 1301 3638 V.
1322 3576 1497 3653 allegabat
1507 3577 1647 3653 proinde
1660 3577 1760 3638 dictus
1769 3570 1851 3633 frater
1914 3617 1915 3642 t

232 3687 304 3733 rem
318 3676 442 3748 posuit.
1081 3673 1259 3736 tumultum
1294 3689 1450 3749 magnum
1487 3676 1520 3736 et
1555 3674 1772 3737 turbationem
1799 3681 1851 3728 noll

274 3773 402 3832 Lectio.
418 3776 477 3834 IX.
500 3776 596 3834 Anno
612 3773 775 3850 siquidem
790 3774 955 3837 dominice
969 3774 1026 3834 in·
1082 3786 1221 3848 paruam
1237 3770 1308 3832 fore
1320 3771 1355 3832 in
1373 3771 1445 3833 loco
1460 3769 1602 3833 fratrum
1619 3794 1627 3833 ε
1644 3763 1850 3841 maximeque
1914 3777 1915 3870 1

234 3869 450 3929 carnationis.
465 3871 573 3930 Mile.
588 3872 829 3947 Trigesimop0.
844 3871 1028 3933 Indictione
1082 3868 1170 3929 intra
1192 3868 1361 3930 ciuitatem
1382 3867 1483 3945 positi
1505 3868 1708 3929 secularium
1730 3874 1851 3941 expone-

233 3965 411 4025 111111111.
432 3964 486 4027 die
501 3968 625 4028 mensis
648 3967 750 4045 iunij.
768 3967 851 4029 feria
865 3971 926 4030 v1.
943 3968 1026 4030 bea·
1082 3967 1199 4027 rentur
1213 3966 1402 4041 importune
1415 3966 1643 4027 concursioni.
1659 3963 1796 4026 Audiens
1808 3973 1851 4019 ao·

231 4061 382 4123 tissimus
405 4065 503 4140 pater
523 4079 563 4124 ac
586 4063 690 4125 frater
710 4066 873 4127 Antonius
893 4067 1028 4127 natione
1083 4064 1149 4124 tem
1158 4062 1220 4123 hec
1230 4077 1350 4123 seruus
1363 4064 1423 4123 Dei
1432 4062 1616 4124 Antonius.
1634 4060 1779 4138 precibus
1788 4071 1851 4130 sup·

232 4158 403 4237 hyspanus
424 4161 460 4221 in
483 4161 620 4223 multata
644 4161 797 4238 paduana
821 4163 857 4224 in
881 4179 945 4240 qua
969 4179 1030 4242 per
1083 4159 1238 4237 plicantis
1254 4161 1389 4220 annuit.
1407 4161 1441 4221 ct
1459 4160 1547 4221 notis
1567 4159 1643 4221 eius
1662 4158 1852 4235 acquiescens
1914 4157 1915 4238 t

232 4272 308 4317 eum
323 4275 444 4321 nomen
464 4275 560 4321 suum
582 4259 811 4334 magnificanti
825 4259 1026 4322 altissimus.
1083 4257 1123 4318 ad
1138 4257 1247 4319 locum
1263 4256 1410 4318 diuertit.
1428 4254 1853 4333 seruotgitnrnominiln·

232 4358 319 4435 apud
335 4356 452 4418 cellam
466 4358 501 4417 in
516 4357 590 4418 loco
605 4356 745 4418 fratrum
760 4358 850 4417 uiam
870 4358 1029 4419 uniuersa
1082 4354 1174 4416 tenio
1188 4355 1224 4414 in
1238 4354 1323 4418 cella
1338 4370 1413 4415 curn
1427 4353 1586 4415 fratribus
1599 4354 1788 4416 constituto.
1805 4361 1853 4420 ag·
1914 4355 1915 4450 i

232 4458 345 4518 carnis
371 4456 543 4530 ingressus
574 4453 616 4514 ad
643 4454 816 4516 celestium
852 4454 1027 4530 spirituum
1082 4453 1222 4527 grauata
1235 4453 1287 4513 est
1298 4464 1484 4527 supereum
1498 4449 1854 4512 manusDomini.cres

231 4554 425 4615 mansiones
439 4552 582 4613 feliciter
594 4551 857 4626 transmigrauit.
1082 4551 1243 4625 cauteque
1256 4547 1487 4609 uehementius
1506 4548 1701 4609 infirmitate
1719 4561 1781 4607 non
1798 4555 1853 4601 ne-

271 4650 399 4712 Lectio.
417 4653 444 4708 l.
468 4647 531 4709 Hic
545 4665 619 4709 cum
638 4649 788 4725 tempore
807 4648 948 4725 quodam
967 4664 1027 4711 re·
1081 4645 1205 4707 diocri.
1222 4645 1318 4721 signa
1333 4643 1638 4707 dabatanxietatis.
1914 4647 1915 4734 t

231 4748 321 4810 lictis
337 4746 533 4823 populorum
548 4744 666 4816 turbis,
682 4760 747 4822 que
767 4746 808 4806 ad
824 4745 1026 4808 audiendum
1120 4745 1246 4806 Lectio.
1265 4747 1318 4805 Vll
1337 4744 1652 4820 Cumquetemporis
1664 4742 1853 4812 modicospa·
1914 4745 1915 4820 t

230 4848 264 4908 et
283 4843 462 4906 uidendum
479 4857 555 4903 eum
571 4842 716 4918 undique
731 4842 962 4905 confluebant.
984 4844 1026 4905 ad
1082 4841 1134 4902 oio
1149 4841 1349 4919 quieuisset.
1372 4839 1460 4903 facta
1482 4840 1711 4902 confessione.
1727 4853 1783 4900 nec
1800 4846 1853 4894 non
1914 4837 1915 4918 ᾗ

230 4959 383 5020 campum
401 4939 509 5001 sancti
529 4939 614 5017 petri
637 4939 759 5015 qnieiIs
778 4941 887 5015 gratia
902 4956 922 5001 a
937 4942 1027 5001 cini·
1081 4939 1114 4998 et
1134 4940 1269 5014 accepta
1292 4937 1520 4999 absolutione.
1547 4938 1706 5013 hymnum
1729 4933 1853 5011 gloriose

229 5043 300 5102 tate
321 5039 474 5117 paduana
496 5036 705 5098 recessisset.
730 5037 793 5098 soli
815 5039 883 5098 Deo
906 5053 1027 5098 uacare
1082 5034 1224 5110 uirginis
1247 5035 1353 5096 Marte
1377 5035 1513 5096 cantare
1535 5034 1623 5110 cepit
1645 5049 1685 5095 ac
1707 5027 1857 5094 diceret}
1914 5035 1915 5104 3

232 5139 330 5215 cepit,
348 5137 486 5213 cupiens
506 5134 535 5194 si
550 5134 628 5210 quid
648 5133 682 5194 ei
701 5134 850 5211 pulueris
865 5150 909 5195 ex
929 5150 1027 5194 secu·
1081 5131 1228 5206 gloriosa
1256 5130 1396 5192 Domina
1427 5131 1561 5192 excelsa
1582 5134 1644 5192 etc.
1672 5132 1740 5201 Quo
1763 5126 1852 5187 dicto:
1914 5157 1915 5170 .

232 5236 353 5295 larium
374 5232 632 5295 conuersatione
656 5233 692 5292 ut
711 5231 835 5292 assolet
858 5230 1026 5291 ullatenus
1081 5228 1203 5289 erectis
1231 5243 1309 5288 mox
1330 5228 1370 5288 tn
1396 5228 1504 5288 celum
1531 5227 1637 5289 oculis
1659 5224 1854 5295 attonitisque
1914 5267 1915 5292 2

229 5332 434 5394 adhesisset.
462 5328 611 5390 lacrimis
643 5327 832 5390 deuotionis
863 5342 903 5388 ac
931 5342 1025 5388 sacre
1082 5324 1261 5385 luminibus
1293 5325 1328 5388 in
1356 5323 1534 5390 directum.
1569 5323 1733 5403 prolixius
1764 5314 1855 5392 respi·
1914 5319 1915 5322 ’

229 5428 455 5491 meditationis
468 5426 600 5504 capillis
614 5427 801 5500 extergere.
1081 5421 1200 5483 ciebat.
1226 5424 1328 5493 Quem
1350 5438 1426 5483 cum
1446 5422 1549 5484 trater
1567 5421 1622 5499 qui
1644 5435 1721 5482 eum
1741 5417 1857 5479 susten·
1914 5455 1915 5512 }

263 5628 306 5701 (l)
328 5627 514 5699 Rodulpbius,
532 5626 579 5684 fol.
594 5628 640 5696 81,
654 5627 735 5701 legit.
753 5626 838 5683 irater
851 5628 981 5686 Vinctus.
1117 5622 1161 5696 (t)
1179 5623 1251 5680 lllis.
