3950 6200
205 180 262 240 lor

202 343 279 402 tans
303 336 514 402 volutabatur
539 340 574 401 16
600 356 695 417 aquae
714 344 837 403 meatu.
862 344 901 403 nt
915 357 993 403 ecce

203 436 993 515 quidamfraterMinor,indutustunicacandida

203 539 236 597 et
247 537 324 597 fune
337 536 536 606 succinctus,
546 552 619 596 cum
633 552 754 612 magna
767 537 931 598 suavitate
944 552 995 596 ar·

203 635 333 711 raptum
349 647 409 709 per
428 631 601 693 brachium
617 637 712 695 extra
728 633 851 694 flumen
866 634 992 705 eduxit,

203 732 318 792 dicens
335 751 342 789 :
360 733 427 805 Ego
447 745 518 789 6616
544 732 755 801 Franciscus,
776 746 873 808 quem
898 732 996 792 1616-

203 829 297 891 casti.
321 828 381 887 llle
406 828 555 888 1616616
577 827 737 888 liberatus
762 828 863 888 nimis
881 828 996 890 obstu-

202 926 284 1003 puit,
308 925 488 1001 volensque
505 925 624 1001 pedum
636 926 744 1002 ipsius
758 925 903 987 osculari
920 941 996 987 ves-

199 1025 293 1100 tigia,
308 1023 373 1083 huc
399 1024 498 1099 atque
522 1023 602 1083 illuc
626 1024 747 1084 anxius
773 1023 993 1096 discurrebat,

200 1137 354 1199 quaerens
377 1136 396 1181 6
423 1120 523 1182 666116
540 1121 625 1182 :Ubi
654 1123 704 1182 est
728 1121 802 1182 illel
826 1138 890 1198 quo
913 1121 996 1182 abiit

201 1220 353 1281 66661661
367 1234 432 1296 qua
453 1218 508 1279 116
530 1218 701 1281 discessit?
715 1219 787 1280 Viri
806 1221 915 1282 autem
944 1218 995 1278 illi

199 1316 400 1388 tremefacti,
418 1317 515 1392 61661
554 1316 748 1379 6661161661
783 1317 817 1377 16
850 1316 993 1388 terram,

200 1415 352 1477 sublimis
364 1414 422 1474 Dei
441 1414 588 1489 gloriosa
601 1414 798 1475 extollentes
812 1414 993 1489 magnalia,

200 1517 233 1575 61
244 1513 393 1573 11116666
409 1512 527 1573 merita
543 1511 678 1572 humilis
693 1513 781 1572 servi
796 1515 880 1589 ejus.

239 1613 384 1673 1616666
401 1609 534 1685 quidam
549 1609 590 1669 de
600 1612 709 1685 Burgo
719 1610 834 1670 Gelani
850 1624 909 1685 616
925 1624 997 1669 me·

198 1708 308 1770 tendis
332 1706 445 1767 herbis
460 1707 613 1767 exierant
628 1708 669 1767 ad
691 1707 890 1784 campestria
903 1722 996 1782 666-

199 1806 286 1876 dam,
304 1806 337 1865 in
350 1802 468 1880 quibus
481 1806 574 1863 vetus
597 1804 720 1865 latebat
734 1807 864 1881 puteus,
881 1802 994 1863 herbis

73 1946 76 1955 ,
200 1904 235 1963 in
257 1917 385 1962 summo
412 1901 673 1962 61611166111166
695 1901 921 1972 obumbratus,
938 1900 995 1977 qui

199 2000 295 2078 quasi
309 2014 368 2076 per
381 2014 499 2075 passus
512 2002 654 2075 quatuor
666 2014 827 2076 aquarum
844 1997 995 2060 altitudi-

198 2113 275 2159 nem
290 2094 489 2158 continebat.
509 2097 716 2172 segregatim
730 2096 832 2171 igitur
840 2111 899 2172 per
909 2110 996 2155 cam·

199 2211 277 2273 pum
292 2193 556 2254 discurrentibus
569 2194 693 2271 pueris,
712 2209 798 2254 unus
811 2209 855 2254 ex
869 2193 996 2270 impro-

198 2293 271 2354 1166
286 2291 434 2353 decurrit
445 2291 480 2352 in
495 2276 642 2368 puteum.
665 2290 870 2352 absorbente
883 2293 994 2351 autem

197 2390 361 2468 profunda
392 2387 490 2451 16166
519 2404 659 2466 661666,
697 2388 836 2466 66111166
874 2388 993 2449 mentis

198 2504 329 2549 sursum
356 2484 550 2549 recurrebat
566 2485 607 2547 ad
625 2488 661 2546 Β.
683 2486 854 2547 Francisci
870 2484 994 2546 sutfra-

198 2587 301 2661 gium,
325 2584 474 2646 clamans
497 2583 532 2644 in
561 2582 634 2660 ipso
666 2581 762 2660 lapsu
788 2581 931 2643 fideliter
960 2581 994 2643 et

199 2682 341 2744 fidenter
357 2703 364 2742 ε
382 2681 504 2742 Sancte
546 2679 735 2750 Francisce,
770 2678 892 2756 adjuva
926 2693 990 2740 me.

199 2779 320 2841 eaeteri
344 2778 409 2839 buc
431 2779 529 2855 atque
551 2777 632 2837 illuc
652 2792 687 2837 se
710 2778 894 2848 uertentes,
913 2775 992 2837 dum

197 2892 282 2954 puer
306 2876 394 2937 alius
417 2891 483 2935 non
506 2874 723 2950 compareret,
751 2874 907 2944 clamore,
924 2873 993 2934 cir-

199 2975 291 3036 cuitu
320 2975 353 3035 et
385 2972 542 3049 lacrymis
577 2971 791 3048 requirebant
825 2971 988 3032 eumdem.

196 3074 370 3150 Comperto
383 3072 530 3140 tandem,
546 3069 632 3147 quod
648 3070 683 3130 in
698 3070 832 3146 puteum
856 3069 993 3132 cecidis-

196 3172 259 3240 set,
284 3171 481 3233 festinantes
505 3185 580 3231 6616
613 3167 792 3245 gemitibus
820 3168 992 3230 redierunt

195 3269 236 3330 ad
250 3269 408 3345 Burgum,
424 3268 612 3329 indicantes
625 3268 792 3337 61661616,
807 3281 992 3341 exposcen-

196 3368 246 3428 tes
261 3365 435 3426 auxilium.
453 3364 680 3427 Redeuntibus
691 3365 802 3424 autem
815 3362 895 3432 illis,
915 3379 991 3424 cum

196 3463 300 3525 166116
324 3463 495 3525 hominum
514 3462 623 3531 turba,
640 3462 806 3523 demissus
829 3476 915 3522 unus
931 3473 992 3537 per

193 3561 307 3624 funem
317 3562 352 3623 in
363 3563 507 3639 puteum,
521 3576 660 3637 puerum
673 3562 823 3636 respexit
833 3561 869 3621 in
884 3573 992 3637 aqua-⁴

153 3663 158 3666 “
193 3675 268 3721 rum
297 3659 473 3737 superficie
498 3658 710 3731 residentem,
738 3658 824 3718 nihil
854 3673 990 3734 passum

194 3757 326 3834 penitus
351 3753 510 3816 16616616.
541 3757 716 3817 Extractus
739 3771 818 3817 1616
834 3755 874 3816 de
890 3756 990 3833 puteo

193 3869 286 3931 puer,
306 3853 391 3914 dixit
405 3851 577 3924 omnibus,
590 3853 647 3929 qui
658 3851 815 3913 astabant
829 3874 837 3913 ε
852 3853 989 3924 Quando

195 3951 306 4014 subito
320 3949 435 4019 cecidi,
458 3952 493 4010 B.
510 3950 679 4010 Francisoi
698 3951 920 4026 patrocinium
936 3950 991 4010 in-

106 4051 110 4066 *
194 4048 322 4119 166611,
340 4047 396 4124 qni
412 4046 582 4108 corruenti
599 4047 682 4108 mihi
702 4047 814 4108 statim
839 4062 991 4123 616666-

193 4145 319 4209 11611161
337 4144 453 4216 adfuit,
477 4146 510 4205 et
525 4159 661 4204 manum
677 4145 851 4221 porrigens
872 4145 991 4207 1611161

195 4243 425 4322 apprehendit,
450 4257 678 4319 necunquam
705 4242 862 4315 deseruit,
885 4242 991 4304 donec

195 4358 262 4403 una
273 4341 445 4403 vobiscum
458 4341 557 4416 puteo
576 4355 627 4399 me
642 4339 768 4401 eduxit.

227 4429 993 4514 1666616616Β.11616616616661166161661616·

197 4540 291 4600 66616
315 4539 463 4599 11616666
488 4536 588 4596 Curia
616 4535 813 4612 praedicaret
838 4534 992 4596 dominus

122 4663 127 4674 ·
197 4631 833 4712 episcopusOstiensis,quipostmodum
845 4647 992 4692 summus

198 4730 354 4796 Pontifex
379 4728 490 4790 extitit
512 4728 710 4801 Alexander,
739 4728 873 4805 quidam
907 4728 993 4805 lapis

199 4829 405 4910 ponderosus
418 4829 450 4888 61
465 4841 615 4902 magnus,
627 4825 759 4887 incaute
770 4841 870 4902 super
885 4826 995 4902 pulpi-

198 4932 269 4992 tum
283 4925 452 4989 excelsum
476 4925 509 4986 et
528 4923 694 5000 lapideum
718 4919 907 4994 derelictus,
924 4938 995 4999 prae

201 5025 372 5088 nimietate
395 5037 560 5101 pressurae
587 5021 760 5099 impulsus,
778 5035 878 5097 super
898 5021 997 5097 caput

202 5125 374 5202 cujusdam
388 5120 677 5182 ceciditmulieris.
692 5117 998 5193 Existimantesigi·

201 5225 256 5285 161
275 5219 527 5282 circumstantes
545 5215 690 5294 perfecte
709 5216 892 5292 ipsamjam
908 5230 999 5274 mor·

202 5329 305 5394 tuam,
323 5323 355 5383 et
370 5322 470 5396 caput
483 5323 556 5396 eJus
567 5317 714 5380 totaliter
729 5316 995 5393 conquassatum,

203 5419 447 5497 cooperuerunt
466 5431 539 5478 eam
563 5415 676 5496 pallio,
698 5430 762 5491 quo
783 5416 856 5476 6161
877 5413 998 5474 amiota

206 5522 406 5585 6166161666
428 5514 533 5584 finito,
556 5512 998 5587 611666161616111666616-

643 185 698 244 111)
720 184 857 245 OPERA
880 183 913 244 S.
936 182 1157 245 arNclsm
1178 183 1405 245 assistatis

1784 182 1837 241 168

1048 341 1132 403 6166
1146 342 1286 417 lugubre
1310 342 1421 403 funus.
1439 344 1515 418 Ipsa
1532 356 1611 403 1616
1626 356 1663 401 66
1684 342 1722 401 Β.
1740 341 1844 400 Fran-

1048 439 1148 508 cisco,
1176 442 1252 500 ante
1277 442 1371 517 cujus
1396 438 1529 516 jacebat
1556 439 1674 509 altare,
1703 436 1844 497 fideliter

1049 538 1300 609 commendavit,
1328 540 1361 599 et
1388 553 1465 598 ecce
1490 534 1843 613 616116611666116116

1049 634 1287 695 muliercoram
1299 634 1451 694 omnihus
1464 634 1547 694 adeo
1558 632 1705 694 surrexit
1721 631 1844 692 incolu-

1049 732 1125 802 mis,
1145 733 1180 792 ut
1195 731 1318 791 nullius
1335 732 1369 791 in
1385 747 1424 792 ea
1436 731 1583 792 16616616
1595 730 1775 805 vestigium
1788 742 1847 805 ap-

1050 832 1192 906 pareret.
1212 828 1275 890 Sed
1291 832 1324 890 et
1338 828 1425 905 quod
1447 830 1497 889 est
1513 828 1655 905 amplius
1670 828 1844 888 admiran-

1049 927 1138 997 dum,
1169 942 1243 987 cum
1279 941 1338 1003 per
1364 926 1463 1002 longa
1486 930 1642 1002 tempora
1671 924 1845 1001 usquead

1050 1025 1165 1085 horam
1186 1024 1289 1095 illam,
1309 1024 1595 1100 doloremcapitis,
1612 1024 1708 1101 quasi
1732 1023 1846 1084 66611-

1050 1139 1152 1182 66661
1168 1121 1353 1194 habuisset,
1371 1122 1466 1199 plene
1479 1122 1541 1183 fuit
1551 1139 1595 1183 ex
1605 1123 1685 1182 tunc
1699 1120 1742 1181 ab
1755 1120 1847 1181 omni

1049 1219 1156 1280 morbi
1170 1220 1322 1281 molestia
1343 1219 1497 1292 liberata,
1508 1221 1595 1281 61661
1609 1220 1682 1295 1666
1698 1220 1847 1297 postmo-

1049 1318 1126 1378 dum
1142 1317 1338 1380 testabatur.

1089 1415 1181 1491 Apud
1199 1415 1387 1486 cornetum,
1408 1415 1529 1476 cumin
1554 1414 1627 1476 1666
1646 1413 1789 1475 fratrum
1804 1413 1847 1475 ad

1050 1510 1212 1573 fusionem
1228 1528 1410 1589 campanae,
1426 1512 1490 1575 1111
1509 1512 1643 1589 quidam
1663 1512 1847 1573 66616616·

1050 1610 1124 1670 sent
1138 1609 1259 1682 devoti,
1276 1611 1435 1687 puerulus
1447 1610 1579 1687 quidam
1591 1610 1752 1680 octennis,
1768 1612 1849 1670 Bar·

1049 1706 1245 1767 tholomaeus
1259 1708 1548 1780 nomine,xenium
1559 1707 1722 1785 quoddam
1735 1706 1848 1767 116111-

1049 1802 1110 1862 bus
1126 1803 1354 1867 laborantibus
1370 1805 1567 1882 apportavit.
1584 1807 1623 1865 Et
1640 1820 1717 1865 6666
1732 1803 1846 1865 subito

1049 1903 1167 1961 ventus
1189 1901 1378 1972 vehemens,
1408 1916 1569 1962 concussa
1593 1902 1700 1973 dome,
1723 1900 1847 1962 ostium

1049 2000 1164 2074 66116,
1181 2014 1283 2074 grave
1303 1999 1435 2076 quidem
1455 2001 1488 2061 et
1505 2014 1661 2074 magnum
1675 2014 1777 2075 super
1790 1998 1847 2075 ip-

1049 2110 1121 2155 sum
1138 2096 1311 2173 puerulum
1326 2097 1373 2158 116
1398 2096 1509 2157 valido
1529 2096 1669 2173 projecit
1683 2095 1845 2173 impulsu,

1049 2197 1086 2254 ut
1113 2210 1210 2270 quem
1237 2195 1305 2255 tarn
1327 2193 1447 2269 ingens
1469 2194 1597 2270 pondus
1618 2196 1844 2270 oppresserat,

1049 2290 1164 2352 lethali
1203 2291 1395 2352 crederetur
1423 2290 1595 2352 collisione
1628 2294 1808 2368 quassatus
1835 2313 1844 2352 :

1048 2387 1097 2449 sic
1117 2388 1206 2449 enim
1231 2388 1380 2449 totaliter
1408 2388 1542 2465 jacebat
1568 2388 1753 2450 tumulatus
1783 2388 1845 2449 sub

1047 2484 1205 2562 pondere,
1218 2485 1254 2546 ut
1268 2485 1352 2545 nihil
1363 2485 1512 2548 exterius
1523 2487 1710 2562 appareret.
1717 2488 1847 2546 Accur-

1048 2584 1164 2644 rerunt
1196 2598 1310 2644 omnes
1339 2583 1396 2659 qui
1424 2583 1575 2655 aderant,
1603 2585 1640 2644 B.
1663 2583 1846 2644 {francisci

1047 2679 1230 2742 virtuosam
1245 2680 1416 2741 dexteram
1433 2680 1638 2741 invocantes.
1654 2680 1718 2741 Sed
1731 2683 1765 2743 et
1779 2696 1845 2757 pa-

1046 2777 1098 2838 ter
1115 2776 1238 2855 166166,
1263 2778 1319 2855 qui
1345 2778 1585 2854 rigescentibus
1600 2766 1776 2839 'memhris
1807 2792 1845 2839 se

1047 2891 1181 2937 1661616
1205 2891 1272 2937 666
1301 2878 1430 2952 6616161
1454 2892 1522 2952 616
1545 2875 1670 2947 dolore,
1698 2876 1846 2937 1611661

1045 2989 1128 3035 1666
1144 2974 1177 3033 S.
1194 2973 1374 3034 Francisco
1403 2972 1507 3033 fllium
1531 2972 1704 3034 offerebat.
1730 2977 1843 3034 Lera-

1046 3071 1115 3132 tum
1130 3073 1181 3133 est
1201 3070 1343 3148 denique
1364 3067 1530 3133 funestum
1553 3070 1682 3147 pondus
1699 3070 1846 3148 desuper

1046 3185 1196 3246 puerum,
1213 3171 1245 3230 et
1257 3184 1334 3230 ecoe
1349 3185 1446 3246 quem
1464 3167 1643 3230 credebant
1662 3171 1842 3241 mortuum,

1047 3267 1141 3343 quasi
1157 3266 1336 3328 suscitatus
1358 3281 1530 3338 asommo,
1553 3266 1649 3327 16166
1671 3268 1842 3344 66661611,

1046 3364 1172 3425 nullam
1187 3380 1324 3441 prorsus
1345 3364 1378 3424 in
1398 3379 1434 3426 se
1460 3363 1633 3440 proferens
1653 3364 1842 3426 laesionem.

1046 3460 1150 3537 Igitur
1174 3477 1248 3522 cum
1271 3461 1521 3537 quatuordeeim
1550 3463 1639 3522 esset
1661 3478 1841 3535 annorum,

1045 3556 1153 3619 factus
1167 3561 1217 3620 est
1229 3558 1333 3619 frater
1345 3559 1465 3630 Minor,
1477 3559 1531 3620 111
1543 3561 1657 3636 666166
1673 3560 1844 3622 1111616166

1045 3655 1078 3717 61
1091 3655 1236 3717 famosus
1252 3655 1286 3716 iu
1300 3654 1416 3717 ordine
1428 3657 1638 3733 praedicator.

1085 3754 1243 3816 Homines
1253 3753 1293 3814 de
1303 3753 1442 3815 Lentino
1452 3754 1594 3830 lapidem
1608 3757 1843 3831 praegrandem

1044 3851 1259 3914 absciderunt
1289 3850 1329 3912 de
1357 3853 1479 3922 moute,
1514 3852 1571 3928 qui
1599 3853 1843 3929 supponendus

1045 3949 1227 4013 erataltari
1248 3947 1419 4026 cujusdam
1439 3948 1589 4010 66616616
1607 3951 1644 4010 Β.
1666 3952 1843 4014 Francisci

1044 4049 1080 4109 in
1099 4046 1250 4124 proximo
1275 4045 1520 4107 consecrandae.
1542 4047 1623 4107 Cum
1644 4050 1757 4110 autem
1772 4049 1843 4112 fere

1045 4144 1263 4223 quadraginta
1277 4142 1439 4215 homines,
1451 4142 1595 4219 lapidem
1609 4143 1705 4205 illum
1721 4162 1844 4223 super-

1045 4259 1169 4320 ponere
1182 4240 1336 4303 vehiculo
1350 4241 1546 4312 niterentur,
1555 4243 1706 4318 repetitis
1717 4244 1842 4320 saepius

1045 4340 1183 4410 viribus,
1201 4354 1301 4418 super
1315 4338 1490 4416 quemdam
1501 4338 1668 4400 hominem
1680 4339 1769 4417 lapis
1784 4343 1844 4403 ille

1046 4438 1176 4505 cecidit,
1194 4438 1274 4497 etin
1287 4436 1421 4497 modum
1440 4435 1609 4512 sepulchri
1621 4436 1760 4500 obtexit.
1778 4440 1844 4500 Sed

1047 4551 1122 4597 cum
1136 4535 1245 4596 mente
1266 4533 1407 4604 confusi,
1419 4534 1497 4610 quid
1521 4533 1679 4606 facerent,
1704 4537 1845 4611 ignora-

1048 4635 1132 4703 rent,
1141 4634 1248 4707 major
1258 4631 1512 4707 parshominum
1526 4630 1701 4708 desperata
1714 4632 1846 4696 (116666-

1048 4731 1101 4792 611.
1120 4733 1225 4791 Porro
1237 4729 1302 4789 1111
1320 4727 1432 4788 decem
1455 4728 1510 4805 qui
1526 4731 1768 4803 remanserant,
1786 4732 1844 4792 lu-

1049 4827 1145 4904 gubri
1166 4842 1258 4893 voce,
1284 4828 1434 4887 sanctum
1461 4826 1655 4887 invocantes
1679 4829 1844 4891 Francis·

1050 4941 1137 4993 cum,
1153 4940 1194 4985 ne
1209 4925 1244 4984 in
1260 4939 1319 4984 666
1343 4923 1480 4984 66111116
1502 4925 1550 4984 616
1571 4924 1738 4986 horrende
1759 4928 1845 4989 mori

1051 5020 1844 5098 hominempateretur,resumptotandemcorde,

1052 5121 1143 5183 tanta
1166 5118 1325 5179 facilitate
1339 5117 1482 5194 lapidem
1498 5123 1704 5191 amoverunt,
1717 5125 1754 5183 ut
1768 5122 1847 5183 nul-

1053 5220 1104 5279 lus
1126 5216 1291 5278 dubitaret
1308 5217 1464 5277 virtutem
1488 5214 1636 5278 adfuisse
1659 5219 1844 5282 Francisci.

1054 5314 1207 5376 Surrexit
1219 5314 1317 5374 homo
1333 5312 1509 5373 incolumis
1525 5314 1559 5373 16
1572 5314 1725 5374 omnibus
1741 5297 1847 5378 mem-¹

1053 5412 1137 5484 hris3
1147 5411 1285 5487 insuper
1294 5409 1445 5472 etlumen
1459 5411 1854 5488 recuperavitlimpidum

1054 5509 1236 5581 oculorum,
1252 5497 1842 5592 611611666666166161611666161661.
