<?xml version="1.0" encoding="UTF-8"?>
<!DOCTYPE html PUBLIC "-//W3C//DTD XHTML 1.0 Transitional//EN"
    "http://www.w3.org/TR/xhtml1/DTD/xhtml1-transitional.dtd">
<html xmlns="http://www.w3.org/1999/xhtml" xml:lang="en" lang="en">
 <head>
  <title>
</title>
<meta http-equiv="Content-Type" content="text/html;charset=utf-8" />
  <meta name='ocr-system' content='tesseract 3.04.00' />
  <meta name='ocr-capabilities' content='ocr_page ocr_carea ocr_par ocr_line ocrx_word'/>
</head>
<body>
  <div class='ocr_page' id='page_1' title='image "./mediiaevibiblio09bottgoog/mediiaevibiblio09bottgoog_0168.png"; bbox 0 0 3950 6200; ppageno 0'>
   <div class='ocr_carea' id='block_1_1' title="bbox 221 245 1863 312">
    <p class='ocr_par' dir='ltr' id='par_1_1' title="bbox 221 245 1863 312">
     <span class='ocr_line' id='line_1_1' title="bbox 221 245 1863 312; baseline 0.002 -4"><span class='ocrx_word' id='word_1_1' title='bbox 221 247 261 308; x_wconf 80' lang='lat'><strong>67</strong></span> <span class='ocrx_word' id='word_1_2' title='bbox 661 248 716 309; x_wconf 86' lang='lat' dir='ltr'><strong>AD</strong></span> <span class='ocrx_word' id='word_1_3' title='bbox 737 247 875 310; x_wconf 72' lang='lat' dir='ltr'>OPERA</span> <span class='ocrx_word' id='word_1_4' title='bbox 898 247 931 307; x_wconf 71' lang='lat' dir='ltr'><strong>S·</strong></span> <span class='ocrx_word' id='word_1_5' title='bbox 955 245 1174 310; x_wconf 72' lang='lat' dir='ltr'><strong>FRANOESGI</strong></span> <span class='ocrx_word' id='word_1_6' title='bbox 1194 245 1425 311; x_wconf 64' lang='lat' dir='ltr'><strong>assisinis</strong></span> <span class='ocrx_word' id='word_1_7' title='bbox 1823 251 1863 312; x_wconf 83' lang='grc'><strong>68</strong></span> 
     </span>
    </p>
   </div>
   <div class='ocr_carea' id='block_1_2' title="bbox 220 404 1867 777">
    <p class='ocr_par' dir='ltr' id='par_1_2' title="bbox 220 404 1867 777">
     <span class='ocr_line' id='line_1_2' title="bbox 221 404 1867 485; baseline 0.002 -18"><span class='ocrx_word' id='word_1_8' title='bbox 221 404 388 472; x_wconf 78' lang='lat' dir='ltr'><strong>immerito</strong></span> <span class='ocrx_word' id='word_1_9' title='bbox 409 404 615 483; x_wconf 79' lang='lat' dir='ltr'><strong>designatus.</strong></span> <span class='ocrx_word' id='word_1_10' title='bbox 641 406 711 468; x_wconf 84' lang='lat' dir='ltr'><strong>Sub</strong></span> <span class='ocrx_word' id='word_1_11' title='bbox 729 406 902 485; x_wconf 80' lang='lat' dir='ltr'><strong>apertione</strong></span> <span class='ocrx_word' id='word_1_12' title='bbox 922 422 1019 469; x_wconf 87' lang='lat' dir='ltr'><strong>nam·</strong></span> <span class='ocrx_word' id='word_1_13' title='bbox 1071 405 1260 470; x_wconf 79' lang='lat' dir='ltr'><strong>viventibus</strong></span> <span class='ocrx_word' id='word_1_14' title='bbox 1286 407 1500 470; x_wconf 84' lang='lat' dir='ltr'><strong>collationem</strong></span> <span class='ocrx_word' id='word_1_15' title='bbox 1518 406 1561 469; x_wconf 88' lang='lat' dir='ltr'><strong>de</strong></span> <span class='ocrx_word' id='word_1_16' title='bbox 1584 407 1638 469; x_wconf 79' lang='lat' dir='ltr'><strong>bia</strong></span> <span class='ocrx_word' id='word_1_17' title='bbox 1660 406 1766 470; x_wconf 74' lang='lat' dir='ltr'><strong>habui</strong></span> <span class='ocrx_word' id='word_1_18' title='bbox 1789 408 1867 472; x_wconf 76' lang='lat' dir='ltr'><strong>diii-</strong></span> 
     </span>
     <span class='ocr_line' id='line_1_3' title="bbox 222 503 1867 585; baseline 0.003 -21"><span class='ocrx_word' id='word_1_19' title='bbox 222 519 286 583; x_wconf 81' lang='lat' dir='ltr'><strong>qua</strong></span> <span class='ocrx_word' id='word_1_20' title='bbox 307 504 393 566; x_wconf 76' lang='lat' dir='ltr'><strong>sexti</strong></span> <span class='ocrx_word' id='word_1_21' title='bbox 415 504 538 579; x_wconf 83' lang='lat' dir='ltr'><strong>sigilli:</strong></span> <span class='ocrx_word' id='word_1_22' title='bbox 567 507 641 565; x_wconf 84' lang='lat' dir='ltr'><strong>tht</strong></span> <span class='ocrx_word' id='word_1_23' title='bbox 664 504 728 583; x_wconf 88' lang='lat' dir='ltr'><strong>(ait</strong></span> <span class='ocrx_word' id='word_1_24' title='bbox 745 503 909 582; x_wconf 78' lang='lat' dir='ltr'><strong>ioannes)</strong></span> <span class='ocrx_word' id='word_1_25' title='bbox 931 506 1019 566; x_wconf 82' lang='lat' dir='ltr'><strong>utie-</strong></span> <span class='ocrx_word' id='word_1_26' title='bbox 1072 506 1215 579; x_wconf 85' lang='lat' dir='ltr'><strong>gentem,</strong></span> <span class='ocrx_word' id='word_1_27' title='bbox 1243 508 1277 567; x_wconf 91' lang='lat' dir='ltr'><strong>et</strong></span> <span class='ocrx_word' id='word_1_28' title='bbox 1303 507 1447 567; x_wconf 83' lang='lat' dir='ltr'><strong>maxime</strong></span> <span class='ocrx_word' id='word_1_29' title='bbox 1469 520 1546 568; x_wconf 89' lang='lat' dir='ltr'><strong>cum</strong></span> <span class='ocrx_word' id='word_1_30' title='bbox 1568 504 1779 582; x_wconf 80' lang='lat' dir='ltr'><strong>quibusdam,</strong></span> <span class='ocrx_word' id='word_1_31' title='bbox 1808 509 1867 585; x_wconf 86' lang='lat' dir='ltr'><strong>qui</strong></span> 
     </span>
     <span class='ocr_line' id='line_1_4' title="bbox 221 601 1866 679; baseline 0.001 -16"><span class='ocrx_word' id='word_1_32' title='bbox 221 615 305 664; x_wconf 73' lang='lat' dir='ltr'><strong>mon</strong></span> <span class='ocrx_word' id='word_1_33' title='bbox 320 608 481 679; x_wconf 80' lang='lat' dir='ltr'><strong>angelum</strong></span> <span class='ocrx_word' id='word_1_34' title='bbox 502 603 744 663; x_wconf 70' lang='lat' dir='ltr'><strong>ascendentem</strong></span> <span class='ocrx_word' id='word_1_35' title='bbox 759 606 801 663; x_wconf 86' lang='lat' dir='ltr'><strong>ab</strong></span> <span class='ocrx_word' id='word_1_36' title='bbox 821 603 904 663; x_wconf 79' lang='lat' dir='ltr'><strong>ortu</strong></span> <span class='ocrx_word' id='word_1_37' title='bbox 922 605 1015 671; x_wconf 76' lang='lat' dir='ltr'><strong>sotto,</strong></span> <span class='ocrx_word' id='word_1_38' title='bbox 1072 601 1259 662; x_wconf 82' lang='lat' dir='ltr'><strong>sanctitatis</strong></span> <span class='ocrx_word' id='word_1_39' title='bbox 1271 605 1343 679; x_wconf 89' lang='lat' dir='ltr'><strong>ejus</strong></span> <span class='ocrx_word' id='word_1_40' title='bbox 1355 603 1388 664; x_wconf 90' lang='lat' dir='ltr'><strong>et</strong></span> <span class='ocrx_word' id='word_1_41' title='bbox 1402 603 1530 664; x_wconf 88' lang='lat' dir='ltr'><strong>conscii</strong></span> <span class='ocrx_word' id='word_1_42' title='bbox 1543 601 1688 669; x_wconf 87' lang='lat' dir='ltr'><strong>luerunt,</strong></span> <span class='ocrx_word' id='word_1_43' title='bbox 1704 603 1738 663; x_wconf 88' lang='lat' dir='ltr'><strong>et</strong></span> <span class='ocrx_word' id='word_1_44' title='bbox 1755 606 1866 665; x_wconf 84' lang='lat' dir='ltr'><strong>secta-</strong></span> 
     </span>
     <span class='ocr_line' id='line_1_5' title="bbox 220 698 1865 777; baseline 0 -16"><span class='ocrx_word' id='word_1_45' title='bbox 220 700 402 762; x_wconf 77' lang='lat' dir='ltr'><strong>baneotcm</strong></span> <span class='ocrx_word' id='word_1_46' title='bbox 432 703 571 775; x_wconf 75' lang='lat' dir='ltr'><strong>signum</strong></span> <span class='ocrx_word' id='word_1_47' title='bbox 596 702 660 760; x_wconf 87' lang='lat' dir='ltr'><strong>Det</strong></span> <span class='ocrx_word' id='word_1_48' title='bbox 688 701 772 759; x_wconf 82' lang='lat' dir='ltr'><strong>etot.</strong></span> <span class='ocrx_word' id='word_1_49' title='bbox 799 698 1016 777; x_wconf 83' lang='lat' dir='ltr'><strong>(Apoc.,v11,</strong></span> <span class='ocrx_word' id='word_1_50' title='bbox 1072 699 1162 759; x_wconf 87' lang='lat' dir='ltr'><strong>tores</strong></span> <span class='ocrx_word' id='word_1_51' title='bbox 1190 699 1361 776; x_wconf 79' lang='lat' dir='ltr'><strong>praecipui.</strong></span> <span class='ocrx_word' id='word_1_52' title='bbox 1397 698 1522 771; x_wconf 84' lang='lat' dir='ltr'><strong>Quibus</strong></span> <span class='ocrx_word' id='word_1_53' title='bbox 1550 700 1685 776; x_wconf 86' lang='lat' dir='ltr'><strong>propter</strong></span> <span class='ocrx_word' id='word_1_54' title='bbox 1715 700 1865 776; x_wconf 84' lang='lat' dir='ltr'><strong>agnitam</strong></span> 
     </span>
    </p>
   </div>
   <div class='ocr_carea' id='block_1_3' title="bbox 180 794 1038 3308">
    <p class='ocr_par' dir='ltr' id='par_1_3' title="bbox 180 794 1019 2806">
     <span class='ocr_line' id='line_1_6' title="bbox 190 794 1016 874; baseline -0.001 -18"><span class='ocrx_word' id='word_1_55' title='bbox 190 831 195 842; x_wconf 85' lang='lat'><em>·</em></span> <span class='ocrx_word' id='word_1_56' title='bbox 220 813 254 857; x_wconf 79' lang='lat' dir='ltr'><strong>r.</strong></span> <span class='ocrx_word' id='word_1_57' title='bbox 270 795 317 874; x_wconf 74' lang='grc' dir='ltr'><strong>Β.)</strong></span> <span class='ocrx_word' id='word_1_58' title='bbox 332 799 426 857; x_wconf 87' lang='lat' dir='ltr'><strong>Hunc</strong></span> <span class='ocrx_word' id='word_1_59' title='bbox 439 797 496 857; x_wconf 81' lang='lat' dir='ltr'><strong>liei</strong></span> <span class='ocrx_word' id='word_1_60' title='bbox 513 795 664 857; x_wconf 86' lang='lat' dir='ltr'><strong>nuntium</strong></span> <span class='ocrx_word' id='word_1_61' title='bbox 675 794 854 856; x_wconf 72' lang='lat' dir='ltr'><strong>amabilem</strong></span> <span class='ocrx_word' id='word_1_62' title='bbox 872 795 1016 866; x_wconf 84' lang='lat' dir='ltr'><strong>Christo,</strong></span> 
     </span>
     <span class='ocr_line' id='line_1_7' title="bbox 218 892 1016 966; baseline -0.001 -8"><span class='ocrx_word' id='word_1_63' title='bbox 218 893 415 958; x_wconf 71' lang='lat' dir='ltr'><strong>salamiam</strong></span> <span class='ocrx_word' id='word_1_64' title='bbox 442 893 550 966; x_wconf 90' lang='lat' dir='ltr'><strong>nobis,</strong></span> <span class='ocrx_word' id='word_1_65' title='bbox 572 896 606 955; x_wconf 89' lang='lat' dir='ltr'><strong>et</strong></span> <span class='ocrx_word' id='word_1_66' title='bbox 629 892 859 953; x_wconf 76' lang='lat' dir='ltr'><strong>admirabilem</strong></span> <span class='ocrx_word' id='word_1_67' title='bbox 880 893 1016 958; x_wconf 80' lang='lat' dir='ltr'><strong>mundo,</strong></span> 
     </span>
     <span class='ocr_line' id='line_1_8' title="bbox 218 989 1017 1062; baseline -0.008 -6"><span class='ocrx_word' id='word_1_68' title='bbox 218 1007 354 1056; x_wconf 82' lang='lat' dir='ltr'><strong>serrum</strong></span> <span class='ocrx_word' id='word_1_69' title='bbox 372 993 430 1052; x_wconf 80' lang='lat' dir='ltr'><strong>Dei</strong></span> <span class='ocrx_word' id='word_1_70' title='bbox 446 991 662 1053; x_wconf 76' lang='lat' dir='ltr'><strong>Franciscum</strong></span> <span class='ocrx_word' id='word_1_71' title='bbox 677 989 790 1062; x_wconf 85' lang='lat' dir='ltr'><strong>tuisse,</strong></span> <span class='ocrx_word' id='word_1_72' title='bbox 805 989 1017 1056; x_wconf 75' lang='lat' dir='ltr'><strong>indubitabili</strong></span> 
     </span>
     <span class='ocr_line' id='line_1_9' title="bbox 219 1088 1016 1165; baseline -0.001 -15"><span class='ocrx_word' id='word_1_73' title='bbox 219 1088 285 1150; x_wconf 77' lang='lat' dir='ltr'><strong>aaa</strong></span> <span class='ocrx_word' id='word_1_74' title='bbox 309 1089 513 1165; x_wconf 75' lang='lat' dir='ltr'><strong>colligimus,</strong></span> <span class='ocrx_word' id='word_1_75' title='bbox 540 1089 568 1149; x_wconf 86' lang='lat' dir='ltr'><strong>si</strong></span> <span class='ocrx_word' id='word_1_76' title='bbox 596 1088 727 1149; x_wconf 81' lang='lat' dir='ltr'><strong>culmen</strong></span> <span class='ocrx_word' id='word_1_77' title='bbox 754 1088 789 1148; x_wconf 88' lang='lat' dir='ltr'><strong>in</strong></span> <span class='ocrx_word' id='word_1_78' title='bbox 815 1102 855 1149; x_wconf 87' lang='lat' dir='ltr'><strong>eo</strong></span> <span class='ocrx_word' id='word_1_79' title='bbox 883 1088 1016 1149; x_wconf 75' lang='lat' dir='ltr'><strong>eximiae</strong></span> 
     </span>
     <span class='ocr_line' id='line_1_10' title="bbox 220 1185 1017 1262; baseline -0.005 -12"><span class='ocrx_word' id='word_1_80' title='bbox 220 1186 408 1250; x_wconf 77' lang='lat' dir='ltr'><strong>sanctitatis</strong></span> <span class='ocrx_word' id='word_1_81' title='bbox 430 1185 645 1257; x_wconf 78' lang='lat' dir='ltr'><strong>advertimus,</strong></span> <span class='ocrx_word' id='word_1_82' title='bbox 667 1185 843 1262; x_wconf 79' lang='lat' dir='ltr'><strong>quainter</strong></span> <span class='ocrx_word' id='word_1_83' title='bbox 863 1185 1017 1246; x_wconf 86' lang='lat' dir='ltr'><strong>homines</strong></span> 
     </span>
     <span class='ocr_line' id='line_1_11' title="bbox 221 1283 1015 1360; baseline -0.003 -15"><span class='ocrx_word' id='word_1_84' title='bbox 221 1285 340 1346; x_wconf 80' lang='lat' dir='ltr'><strong>uirens</strong></span> <span class='ocrx_word' id='word_1_85' title='bbox 367 1283 518 1345; x_wconf 87' lang='lat' dir='ltr'><strong>imitator</strong></span> <span class='ocrx_word' id='word_1_86' title='bbox 551 1283 616 1344; x_wconf 83' lang='lat' dir='ltr'><strong>tuit</strong></span> <span class='ocrx_word' id='word_1_87' title='bbox 651 1283 807 1360; x_wconf 85' lang='lat' dir='ltr'><strong>puritatis</strong></span> <span class='ocrx_word' id='word_1_88' title='bbox 840 1283 1015 1359; x_wconf 76' lang='lat' dir='ltr'><strong>angelicae,</strong></span> 
     </span>
     <span class='ocr_line' id='line_1_12' title="bbox 221 1379 1018 1459; baseline -0.004 -15"><span class='ocrx_word' id='word_1_89' title='bbox 221 1397 290 1459; x_wconf 78' lang='lat' dir='ltr'><strong>qua</strong></span> <span class='ocrx_word' id='word_1_90' title='bbox 306 1383 341 1443; x_wconf 92' lang='lat' dir='ltr'><strong>et</strong></span> <span class='ocrx_word' id='word_1_91' title='bbox 359 1382 488 1457; x_wconf 86' lang='lat' dir='ltr'><strong>positus</strong></span> <span class='ocrx_word' id='word_1_92' title='bbox 501 1382 554 1442; x_wconf 78' lang='lat' dir='ltr'><strong>est</strong></span> <span class='ocrx_word' id='word_1_93' title='bbox 568 1379 723 1457; x_wconf 77' lang='lat' dir='ltr'><strong>perfectis</strong></span> <span class='ocrx_word' id='word_1_94' title='bbox 738 1380 859 1442; x_wconf 70' lang='lat' dir='ltr'><strong>carisii</strong></span> <span class='ocrx_word' id='word_1_95' title='bbox 874 1381 1018 1441; x_wconf 83' lang='lat' dir='ltr'><strong>sectato·</strong></span> 
     </span>
     <span class='ocr_line' id='line_1_13' title="bbox 218 1476 1019 1555; baseline -0.001 -16"><span class='ocrx_word' id='word_1_96' title='bbox 218 1479 312 1540; x_wconf 72' lang='lat' dir='ltr'><strong>ribam</strong></span> <span class='ocrx_word' id='word_1_97' title='bbox 330 1479 365 1540; x_wconf 88' lang='lat' dir='ltr'><strong>in</strong></span> <span class='ocrx_word' id='word_1_98' title='bbox 386 1478 585 1555; x_wconf 78' lang='lat' dir='ltr'><strong>exemplum.</strong></span> <span class='ocrx_word' id='word_1_99' title='bbox 609 1478 658 1539; x_wconf 81' lang='lat' dir='ltr'><strong>ni</strong></span> <span class='ocrx_word' id='word_1_100' title='bbox 678 1476 914 1555; x_wconf 82' lang='lat' dir='ltr'><strong>quodquidam</strong></span> <span class='ocrx_word' id='word_1_101' title='bbox 932 1477 1019 1538; x_wconf 79' lang='lat' dir='ltr'><strong>tide·</strong></span> 
     </span>
     <span class='ocr_line' id='line_1_14' title="bbox 219 1574 1018 1653; baseline 0 -17"><span class='ocrx_word' id='word_1_102' title='bbox 219 1575 297 1637; x_wconf 85' lang='lat' dir='ltr'><strong>liter</strong></span> <span class='ocrx_word' id='word_1_103' title='bbox 310 1575 520 1638; x_wconf 84' lang='lat' dir='ltr'><strong>sentiendam</strong></span> <span class='ocrx_word' id='word_1_104' title='bbox 532 1577 566 1637; x_wconf 86' lang='lat' dir='ltr'><strong>et</strong></span> <span class='ocrx_word' id='word_1_105' title='bbox 583 1576 649 1653; x_wconf 88' lang='lat' dir='ltr'><strong>pie,</strong></span> <span class='ocrx_word' id='word_1_106' title='bbox 672 1591 737 1636; x_wconf 90' lang='lat' dir='ltr'><strong>non</strong></span> <span class='ocrx_word' id='word_1_107' title='bbox 755 1575 866 1636; x_wconf 85' lang='lat' dir='ltr'><strong>solum</strong></span> <span class='ocrx_word' id='word_1_108' title='bbox 886 1574 1018 1636; x_wconf 87' lang='lat' dir='ltr'><strong>inducit</strong></span> 
     </span>
     <span class='ocr_line' id='line_1_15' title="bbox 220 1671 1018 1750; baseline -0.003 -14"><span class='ocrx_word' id='word_1_109' title='bbox 220 1673 367 1736; x_wconf 75' lang='lat' dir='ltr'><strong>ostiolum</strong></span> <span class='ocrx_word' id='word_1_110' title='bbox 377 1674 465 1750; x_wconf 80' lang='lat' dir='ltr'><strong>quod</strong></span> <span class='ocrx_word' id='word_1_111' title='bbox 481 1673 608 1744; x_wconf 88' lang='lat' dir='ltr'><strong>hahuit,</strong></span> <span class='ocrx_word' id='word_1_112' title='bbox 624 1671 766 1734; x_wconf 74' lang='lat' dir='ltr'><strong>vocandi</strong></span> <span class='ocrx_word' id='word_1_113' title='bbox 786 1672 828 1732; x_wconf 86' lang='lat' dir='ltr'><strong>ad</strong></span> <span class='ocrx_word' id='word_1_114' title='bbox 849 1672 965 1734; x_wconf 88' lang='lat' dir='ltr'><strong>tioium</strong></span> <span class='ocrx_word' id='word_1_115' title='bbox 981 1673 1018 1734; x_wconf 88' lang='lat' dir='ltr'><strong>et</strong></span> 
     </span>
     <span class='ocr_line' id='line_1_16' title="bbox 220 1769 1015 1859; baseline 0 -28"><span class='ocrx_word' id='word_1_116' title='bbox 220 1771 390 1848; x_wconf 85' lang='lat' dir='ltr'><strong>planctum</strong></span> <span class='ocrx_word' id='word_1_117' title='bbox 406 1769 466 1849; x_wconf 89' lang='lat' dir='ltr'><strong>(i).</strong></span> <span class='ocrx_word' id='word_1_118' title='bbox 483 1770 654 1831; x_wconf 81' lang='lat' dir='ltr'><strong>calvitium</strong></span> <span class='ocrx_word' id='word_1_119' title='bbox 675 1771 708 1832; x_wconf 91' lang='lat' dir='ltr'><strong>et</strong></span> <span class='ocrx_word' id='word_1_120' title='bbox 726 1770 896 1846; x_wconf 73' lang='lat' dir='ltr'><strong>cingulum</strong></span> <span class='ocrx_word' id='word_1_121' title='bbox 911 1769 1015 1859; x_wconf 74' lang='lat' dir='ltr'><strong>sacci,</strong></span> 
     </span>
     <span class='ocr_line' id='line_1_17' title="bbox 221 1866 1018 1944; baseline 0 -16"><span class='ocrx_word' id='word_1_122' title='bbox 221 1868 442 1944; x_wconf 88' lang='lat' dir='ltr'><strong>signandique</strong></span> <span class='ocrx_word' id='word_1_123' title='bbox 468 1868 562 1930; x_wconf 85' lang='lat' dir='ltr'><strong>Thau</strong></span> <span class='ocrx_word' id='word_1_124' title='bbox 586 1875 688 1944; x_wconf 86' lang='lat' dir='ltr'><strong>super</strong></span> <span class='ocrx_word' id='word_1_125' title='bbox 712 1866 837 1929; x_wconf 79' lang='lat' dir='ltr'><strong>frontes</strong></span> <span class='ocrx_word' id='word_1_126' title='bbox 866 1867 1018 1940; x_wconf 74' lang='lat' dir='ltr'><strong>virorum</strong></span> 
     </span>
     <span class='ocr_line' id='line_1_18' title="bbox 219 1963 1017 2044; baseline -0.003 -18"><span class='ocrx_word' id='word_1_127' title='bbox 219 1965 423 2042; x_wconf 78' lang='lat' dir='ltr'><strong>gementium</strong></span> <span class='ocrx_word' id='word_1_128' title='bbox 438 1967 472 2025; x_wconf 88' lang='lat' dir='ltr'><strong>et</strong></span> <span class='ocrx_word' id='word_1_129' title='bbox 486 1965 668 2026; x_wconf 90' lang='lat' dir='ltr'><strong>dolentium</strong></span> <span class='ocrx_word' id='word_1_130' title='bbox 681 1963 729 2044; x_wconf 84' lang='lat'><strong>(2)</strong></span> <span class='ocrx_word' id='word_1_131' title='bbox 740 1964 836 2040; x_wconf 90' lang='lat' dir='ltr'><strong>siguo</strong></span> <span class='ocrx_word' id='word_1_132' title='bbox 848 1965 1017 2041; x_wconf 85' lang='lat' dir='ltr'><strong>poeniteu·</strong></span> 
     </span>
     <span class='ocr_line' id='line_1_19' title="bbox 220 2059 1015 2136; baseline -0.006 -11"><span class='ocrx_word' id='word_1_133' title='bbox 220 2062 313 2125; x_wconf 89' lang='lat' dir='ltr'><strong>tialis</strong></span> <span class='ocrx_word' id='word_1_134' title='bbox 337 2062 458 2133; x_wconf 86' lang='lat' dir='ltr'><strong>crucis,</strong></span> <span class='ocrx_word' id='word_1_135' title='bbox 484 2062 517 2123; x_wconf 87' lang='lat' dir='ltr'><strong>et</strong></span> <span class='ocrx_word' id='word_1_136' title='bbox 542 2061 676 2123; x_wconf 86' lang='lat' dir='ltr'><strong>habitus</strong></span> <span class='ocrx_word' id='word_1_137' title='bbox 704 2061 796 2122; x_wconf 91' lang='lat' dir='ltr'><strong>cruci</strong></span> <span class='ocrx_word' id='word_1_138' title='bbox 817 2059 1015 2136; x_wconf 82' lang='lat' dir='ltr'><strong>conformis3</strong></span> 
     </span>
     <span class='ocr_line' id='line_1_20' title="bbox 180 2149 1017 2244; baseline -0.006 -22"><span class='ocrx_word' id='word_1_139' title='bbox 180 2237 184 2244; x_wconf 16' lang='grc' dir='ltr'>ι</span> <span class='ocrx_word' id='word_1_140' title='bbox 219 2159 453 2222; x_wconf 81' lang='lat' dir='ltr'><strong>verumetiam</strong></span> <span class='ocrx_word' id='word_1_141' title='bbox 473 2157 701 2234; x_wconf 77' lang='lat' dir='ltr'><strong>irretlagahili</strong></span> <span class='ocrx_word' id='word_1_142' title='bbox 718 2159 870 2219; x_wconf 89' lang='lat' dir='ltr'><strong>veritatis</strong></span> <span class='ocrx_word' id='word_1_143' title='bbox 893 2149 1017 2219; x_wconf 77' lang='lat' dir='ltr'><strong>testifi-</strong></span> 
     </span>
     <span class='ocr_line' id='line_1_21' title="bbox 220 2254 1017 2332; baseline -0.004 -14"><span class='ocrx_word' id='word_1_144' title='bbox 220 2258 351 2319; x_wconf 81' lang='lat' dir='ltr'><strong>catione</strong></span> <span class='ocrx_word' id='word_1_145' title='bbox 366 2257 540 2319; x_wconf 84' lang='lat' dir='ltr'><strong>confirmat</strong></span> <span class='ocrx_word' id='word_1_146' title='bbox 555 2255 765 2332; x_wconf 80' lang='lat' dir='ltr'><strong>signaculum</strong></span> <span class='ocrx_word' id='word_1_147' title='bbox 783 2254 1017 2317; x_wconf 80' lang='lat' dir='ltr'><strong>similitudinis</strong></span> 
     </span>
     <span class='ocr_line' id='line_1_22' title="bbox 220 2351 1016 2431; baseline -0.006 -13"><span class='ocrx_word' id='word_1_148' title='bbox 220 2351 1016 2431; x_wconf 83' lang='lat' dir='ltr'><strong>Deiriventis,Christividelicetcrucidxi,quod</strong></span> 
     </span>
     <span class='ocr_line' id='line_1_23' title="bbox 221 2450 1018 2528; baseline -0.005 -14"><span class='ocrx_word' id='word_1_149' title='bbox 221 2451 257 2513; x_wconf 90' lang='lat' dir='ltr'><strong>in</strong></span> <span class='ocrx_word' id='word_1_150' title='bbox 277 2466 416 2528; x_wconf 86' lang='lat' dir='ltr'><strong>corpore</strong></span> <span class='ocrx_word' id='word_1_151' title='bbox 431 2451 538 2528; x_wconf 89' lang='lat' dir='ltr'><strong>ipsius</strong></span> <span class='ocrx_word' id='word_1_152' title='bbox 556 2450 621 2512; x_wconf 86' lang='lat' dir='ltr'><strong>tuit</strong></span> <span class='ocrx_word' id='word_1_153' title='bbox 638 2450 849 2526; x_wconf 86' lang='lat' dir='ltr'><strong>impressum,</strong></span> <span class='ocrx_word' id='word_1_154' title='bbox 870 2466 938 2514; x_wconf 87' lang='lat' dir='ltr'><strong>non</strong></span> <span class='ocrx_word' id='word_1_155' title='bbox 956 2466 1018 2528; x_wconf 88' lang='lat' dir='ltr'><strong>per</strong></span> 
     </span>
     <span class='ocr_line' id='line_1_24' title="bbox 220 2547 1016 2623; baseline -0.004 -12"><span class='ocrx_word' id='word_1_156' title='bbox 220 2551 351 2612; x_wconf 84' lang='lat' dir='ltr'><strong>naturae</strong></span> <span class='ocrx_word' id='word_1_157' title='bbox 376 2549 544 2619; x_wconf 80' lang='lat' dir='ltr'><strong>virtutem,</strong></span> <span class='ocrx_word' id='word_1_158' title='bbox 567 2547 621 2609; x_wconf 82' lang='lat' dir='ltr'><strong>vel</strong></span> <span class='ocrx_word' id='word_1_159' title='bbox 645 2547 817 2623; x_wconf 81' lang='lat' dir='ltr'><strong>ingenium</strong></span> <span class='ocrx_word' id='word_1_160' title='bbox 840 2548 935 2619; x_wconf 85' lang='lat' dir='ltr'><strong>artis,</strong></span> <span class='ocrx_word' id='word_1_161' title='bbox 954 2547 1016 2609; x_wconf 87' lang='lat' dir='ltr'><strong>sed</strong></span> 
     </span>
     <span class='ocr_line' id='line_1_25' title="bbox 221 2642 1017 2724; baseline -0.001 -17"><span class='ocrx_word' id='word_1_162' title='bbox 221 2647 333 2724; x_wconf 90' lang='lat' dir='ltr'><strong>potius</strong></span> <span class='ocrx_word' id='word_1_163' title='bbox 351 2661 411 2723; x_wconf 90' lang='lat' dir='ltr'><strong>per</strong></span> <span class='ocrx_word' id='word_1_164' title='bbox 429 2642 659 2707; x_wconf 86' lang='lat' dir='ltr'><strong>admirandam</strong></span> <span class='ocrx_word' id='word_1_165' title='bbox 676 2645 858 2721; x_wconf 86' lang='lat' dir='ltr'><strong>potentiam</strong></span> <span class='ocrx_word' id='word_1_166' title='bbox 877 2645 1017 2721; x_wconf 88' lang='lat' dir='ltr'><strong>spiritus</strong></span> 
     </span>
     <span class='ocr_line' id='line_1_26' title="bbox 222 2743 906 2806; baseline -0.003 0"><span class='ocrx_word' id='word_1_167' title='bbox 222 2744 282 2806; x_wconf 85' lang='lat' dir='ltr'><strong>Dei</strong></span> <span class='ocrx_word' id='word_1_168' title='bbox 296 2743 377 2805; x_wconf 77' lang='lat' dir='ltr'><strong>riri.</strong></span> <span class='ocrx_word' id='word_1_169' title='bbox 902 2743 906 2752; x_wconf 88' lang='lat'>&#39;</span> 
     </span>
    </p>

    <p class='ocr_par' dir='ltr' id='par_1_4' title="bbox 220 2837 1038 3308">
     <span class='ocr_line' id='line_1_27' title="bbox 262 2837 1038 2918; baseline -0.001 -17"><span class='ocrx_word' id='word_1_170' title='bbox 262 2840 312 2901; x_wconf 78' lang='lat' dir='ltr'><strong>Ad</strong></span> <span class='ocrx_word' id='word_1_171' title='bbox 338 2840 438 2917; x_wconf 77' lang='lat' dir='ltr'><strong>hujus</strong></span> <span class='ocrx_word' id='word_1_172' title='bbox 468 2839 536 2899; x_wconf 85' lang='lat' dir='ltr'><strong>tam</strong></span> <span class='ocrx_word' id='word_1_173' title='bbox 566 2837 768 2918; x_wconf 82' lang='lat' dir='ltr'><strong>venerabilis</strong></span> <span class='ocrx_word' id='word_1_174' title='bbox 802 2839 867 2901; x_wconf 85' lang='lat' dir='ltr'><strong>riri</strong></span> <span class='ocrx_word' id='word_1_175' title='bbox 900 2840 1038 2913; x_wconf 74' lang='lat' dir='ltr'><strong>vitam„</strong></span> 
     </span>
     <span class='ocr_line' id='line_1_28' title="bbox 222 2935 1014 3012; baseline -0.005 -12"><span class='ocrx_word' id='word_1_176' title='bbox 222 2937 313 3000; x_wconf 89' lang='lat' dir='ltr'><strong>omni</strong></span> <span class='ocrx_word' id='word_1_177' title='bbox 332 2937 517 2999; x_wconf 88' lang='lat' dir='ltr'><strong>imitatione</strong></span> <span class='ocrx_word' id='word_1_178' title='bbox 529 2935 771 3012; x_wconf 89' lang='lat' dir='ltr'><strong>dignissimam,</strong></span> <span class='ocrx_word' id='word_1_179' title='bbox 794 2936 1014 3009; x_wconf 83' lang='lat' dir='ltr'><strong>scribendam,</strong></span> 
     </span>
     <span class='ocr_line' id='line_1_29' title="bbox 221 3032 1016 3111; baseline -0.001 -16"><span class='ocrx_word' id='word_1_180' title='bbox 221 3034 395 3111; x_wconf 89' lang='lat' dir='ltr'><strong>indignum</strong></span> <span class='ocrx_word' id='word_1_181' title='bbox 410 3036 443 3096; x_wconf 89' lang='lat' dir='ltr'><strong>et</strong></span> <span class='ocrx_word' id='word_1_182' title='bbox 457 3032 713 3095; x_wconf 84' lang='lat' dir='ltr'><strong>insufficientem</strong></span> <span class='ocrx_word' id='word_1_183' title='bbox 733 3049 786 3095; x_wconf 90' lang='lat' dir='ltr'><strong>me</strong></span> <span class='ocrx_word' id='word_1_184' title='bbox 807 3033 965 3106; x_wconf 88' lang='lat' dir='ltr'><strong>sentiens,</strong></span> <span class='ocrx_word' id='word_1_185' title='bbox 982 3033 1016 3094; x_wconf 91' lang='lat' dir='ltr'><strong>id</strong></span> 
     </span>
     <span class='ocr_line' id='line_1_30' title="bbox 220 3131 1016 3204; baseline -0.004 -9"><span class='ocrx_word' id='word_1_186' title='bbox 220 3131 412 3195; x_wconf 83' lang='lat' dir='ltr'><strong>nullatenus</strong></span> <span class='ocrx_word' id='word_1_187' title='bbox 445 3134 671 3204; x_wconf 74' lang='lat' dir='ltr'><strong>attentassem,</strong></span> <span class='ocrx_word' id='word_1_188' title='bbox 698 3132 764 3193; x_wconf 77' lang='lat' dir='ltr'><strong>nisi</strong></span> <span class='ocrx_word' id='word_1_189' title='bbox 796 3146 850 3193; x_wconf 85' lang='lat' dir='ltr'><strong>me</strong></span> <span class='ocrx_word' id='word_1_190' title='bbox 875 3131 1016 3194; x_wconf 77' lang='lat' dir='ltr'><strong>fratrum</strong></span> 
     </span>
     <span class='ocr_line' id='line_1_31' title="bbox 222 3229 1018 3308; baseline -0.004 -15"><span class='ocrx_word' id='word_1_191' title='bbox 222 3229 1018 3308; x_wconf 74' lang='lat' dir='ltr'><strong>terremincitassetaii‘ectua,generalisquoque</strong></span> 
     </span>
    </p>
   </div>
   <div class='ocr_carea' id='block_1_4' title="bbox 1072 796 1871 2435">
    <p class='ocr_par' dir='ltr' id='par_1_5' title="bbox 1072 796 1868 953">
     <span class='ocr_line' id='line_1_32' title="bbox 1072 796 1868 878; baseline 0.004 -22"><span class='ocrx_word' id='word_1_192' title='bbox 1072 796 1257 866; x_wconf 86' lang='lat' dir='ltr'><strong>veritatem,</strong></span> <span class='ocrx_word' id='word_1_193' title='bbox 1271 796 1508 878; x_wconf 77' lang='lat' dir='ltr'><strong>probatamque</strong></span> <span class='ocrx_word' id='word_1_194' title='bbox 1530 796 1700 867; x_wconf 84' lang='lat' dir='ltr'><strong>virtutem,</strong></span> <span class='ocrx_word' id='word_1_195' title='bbox 1714 796 1798 858; x_wconf 86' lang='lat' dir='ltr'><strong>tides</strong></span> <span class='ocrx_word' id='word_1_196' title='bbox 1817 798 1868 859; x_wconf 89' lang='lat' dir='ltr'><strong>est</strong></span> 
     </span>
     <span class='ocr_line' id='line_1_33' title="bbox 1072 892 1512 953; baseline 0 0"><span class='ocrx_word' id='word_1_197' title='bbox 1072 892 1301 953; x_wconf 83' lang='lat' dir='ltr'><strong>indubitabilis</strong></span> <span class='ocrx_word' id='word_1_198' title='bbox 1314 893 1512 953; x_wconf 83' lang='lat' dir='ltr'><strong>adhibenda.</strong></span> 
     </span>
    </p>

    <p class='ocr_par' dir='ltr' id='par_1_6' title="bbox 1072 990 1871 2435">
     <span class='ocr_line' id='line_1_34' title="bbox 1114 990 1868 1069; baseline 0.003 -18"><span class='ocrx_word' id='word_1_199' title='bbox 1114 992 1150 1051; x_wconf 86' lang='lat' dir='ltr'><strong>in</strong></span> <span class='ocrx_word' id='word_1_200' title='bbox 1173 990 1398 1067; x_wconf 78' lang='lat' dir='ltr'><strong>descriptione</strong></span> <span class='ocrx_word' id='word_1_201' title='bbox 1424 997 1537 1052; x_wconf 83' lang='lat' dir='ltr'><strong>autom</strong></span> <span class='ocrx_word' id='word_1_202' title='bbox 1559 1005 1685 1062; x_wconf 88' lang='lat' dir='ltr'><strong>eorum,</strong></span> <span class='ocrx_word' id='word_1_203' title='bbox 1707 1006 1785 1067; x_wconf 72' lang='lat' dir='ltr'><strong>(aa</strong></span> <span class='ocrx_word' id='word_1_204' title='bbox 1807 1005 1868 1069; x_wconf 75' lang='lat' dir='ltr'><strong>per</strong></span> 
     </span>
     <span class='ocr_line' id='line_1_35' title="bbox 1072 1087 1871 1162; baseline 0.001 -13"><span class='ocrx_word' id='word_1_205' title='bbox 1072 1103 1204 1149; x_wconf 74' lang='lat' dir='ltr'><strong>serrum</strong></span> <span class='ocrx_word' id='word_1_206' title='bbox 1229 1101 1326 1149; x_wconf 86' lang='lat' dir='ltr'><strong>snum</strong></span> <span class='ocrx_word' id='word_1_207' title='bbox 1353 1090 1441 1148; x_wconf 81' lang='lat' dir='ltr'><strong>Deus</strong></span> <span class='ocrx_word' id='word_1_208' title='bbox 1466 1087 1642 1162; x_wconf 75' lang='lat' dir='ltr'><strong>digrauter</strong></span> <span class='ocrx_word' id='word_1_209' title='bbox 1659 1087 1785 1159; x_wconf 59' lang='lat' dir='ltr'><strong>efficit,</strong></span> <span class='ocrx_word' id='word_1_210' title='bbox 1808 1104 1871 1150; x_wconf 90' lang='lat' dir='ltr'><strong>cu-</strong></span> 
     </span>
     <span class='ocr_line' id='line_1_36' title="bbox 1072 1184 1869 1261; baseline 0.003 -15"><span class='ocrx_word' id='word_1_211' title='bbox 1072 1185 1198 1246; x_wconf 87' lang='lat' dir='ltr'><strong>riosum</strong></span> <span class='ocrx_word' id='word_1_212' title='bbox 1223 1185 1300 1261; x_wconf 80' lang='lat' dir='ltr'><strong>styli</strong></span> <span class='ocrx_word' id='word_1_213' title='bbox 1333 1187 1488 1246; x_wconf 83' lang='lat' dir='ltr'><strong>ornatum</strong></span> <span class='ocrx_word' id='word_1_214' title='bbox 1522 1184 1758 1260; x_wconf 77' lang='lat' dir='ltr'><strong>negligendam</strong></span> <span class='ocrx_word' id='word_1_215' title='bbox 1790 1201 1869 1248; x_wconf 80' lang='lat' dir='ltr'><strong>esse</strong></span> 
     </span>
     <span class='ocr_line' id='line_1_37' title="bbox 1072 1280 1869 1359; baseline 0.001 -17"><span class='ocrx_word' id='word_1_216' title='bbox 1072 1281 1197 1359; x_wconf 81' lang='lat' dir='ltr'><strong>putavi,</strong></span> <span class='ocrx_word' id='word_1_217' title='bbox 1224 1297 1299 1343; x_wconf 81' lang='lat' dir='ltr'><strong>cum</strong></span> <span class='ocrx_word' id='word_1_218' title='bbox 1319 1280 1460 1356; x_wconf 84' lang='lat' dir='ltr'><strong>legentis</strong></span> <span class='ocrx_word' id='word_1_219' title='bbox 1474 1280 1607 1341; x_wconf 73' lang='lat' dir='ltr'><strong>deuotio</strong></span> <span class='ocrx_word' id='word_1_220' title='bbox 1626 1281 1702 1357; x_wconf 82' lang='lat' dir='ltr'><strong>pina</strong></span> <span class='ocrx_word' id='word_1_221' title='bbox 1719 1281 1869 1359; x_wconf 80' lang='lat' dir='ltr'><strong>simplici</strong></span> 
     </span>
     <span class='ocr_line' id='line_1_38' title="bbox 1072 1377 1869 1455; baseline 0.003 -16"><span class='ocrx_word' id='word_1_222' title='bbox 1072 1393 1235 1448; x_wconf 75' lang='lat' dir='ltr'><strong>sermone,</strong></span> <span class='ocrx_word' id='word_1_223' title='bbox 1261 1391 1360 1455; x_wconf 81' lang='lat' dir='ltr'><strong>quam</strong></span> <span class='ocrx_word' id='word_1_224' title='bbox 1389 1377 1762 1454; x_wconf 77' lang='lat' dir='ltr'><strong>phalerato,1uoflciat</strong></span> <span class='ocrx_word' id='word_1_225' title='bbox 1796 1380 1869 1441; x_wconf 87' lang='lat' dir='ltr'><strong>Nec</strong></span> 
     </span>
     <span class='ocr_line' id='line_1_39' title="bbox 1072 1475 1870 1552; baseline 0.003 -16"><span class='ocrx_word' id='word_1_226' title='bbox 1072 1489 1202 1552; x_wconf 87' lang='lat' dir='ltr'><strong>semper</strong></span> <span class='ocrx_word' id='word_1_227' title='bbox 1216 1475 1389 1538; x_wconf 81' lang='lat' dir='ltr'><strong>historiam</strong></span> <span class='ocrx_word' id='word_1_228' title='bbox 1409 1475 1590 1536; x_wconf 80' lang='lat' dir='ltr'><strong>secandum</strong></span> <span class='ocrx_word' id='word_1_229' title='bbox 1609 1475 1760 1537; x_wconf 76' lang='lat' dir='ltr'><strong>ordinem</strong></span> <span class='ocrx_word' id='word_1_230' title='bbox 1780 1478 1870 1538; x_wconf 87' lang='lat' dir='ltr'><strong>tem·</strong></span> 
     </span>
     <span class='ocr_line' id='line_1_40' title="bbox 1072 1571 1867 1650; baseline 0.001 -17"><span class='ocrx_word' id='word_1_231' title='bbox 1072 1573 1163 1648; x_wconf 88' lang='lat' dir='ltr'><strong>poris</strong></span> <span class='ocrx_word' id='word_1_232' title='bbox 1176 1573 1269 1635; x_wconf 73' lang='lat' dir='ltr'><strong>texui</strong></span> <span class='ocrx_word' id='word_1_233' title='bbox 1284 1574 1418 1650; x_wconf 86' lang='lat' dir='ltr'><strong>propter</strong></span> <span class='ocrx_word' id='word_1_234' title='bbox 1432 1571 1660 1634; x_wconf 80' lang='lat' dir='ltr'><strong>contusionem</strong></span> <span class='ocrx_word' id='word_1_235' title='bbox 1674 1573 1867 1647; x_wconf 71' lang='lat' dir='ltr'><strong>uitandam,</strong></span> 
     </span>
     <span class='ocr_line' id='line_1_41' title="bbox 1073 1675 1868 1755; baseline 0 -16"><span class='ocrx_word' id='word_1_236' title='bbox 1073 1677 1129 1739; x_wconf 88' lang='lat' dir='ltr'><strong>sed</strong></span> <span class='ocrx_word' id='word_1_237' title='bbox 1153 1675 1263 1754; x_wconf 79' lang='lat' dir='ltr'><strong>potius</strong></span> <span class='ocrx_word' id='word_1_238' title='bbox 1287 1678 1437 1740; x_wconf 87' lang='lat' dir='ltr'><strong>ordinem</strong></span> <span class='ocrx_word' id='word_1_239' title='bbox 1466 1689 1602 1738; x_wconf 80' lang='lat' dir='ltr'><strong>servaro</strong></span> <span class='ocrx_word' id='word_1_240' title='bbox 1621 1677 1734 1739; x_wconf 88' lang='lat' dir='ltr'><strong>studui</strong></span> <span class='ocrx_word' id='word_1_241' title='bbox 1756 1679 1868 1755; x_wconf 80' lang='lat' dir='ltr'><strong>magis</strong></span> 
     </span>
     <span class='ocr_line' id='line_1_42' title="bbox 1073 1771 1869 1852; baseline 0 -16"><span class='ocrx_word' id='word_1_242' title='bbox 1073 1777 1158 1852; x_wconf 78' lang='lat' dir='ltr'><strong>apta</strong></span> <span class='ocrx_word' id='word_1_243' title='bbox 1191 1774 1368 1851; x_wconf 69' lang='lat' dir='ltr'><strong>junctura,</strong></span> <span class='ocrx_word' id='word_1_244' title='bbox 1400 1771 1584 1836; x_wconf 80' lang='lat' dir='ltr'><strong>secuudum</strong></span> <span class='ocrx_word' id='word_1_245' title='bbox 1618 1774 1707 1851; x_wconf 80' lang='lat' dir='ltr'><strong>quod</strong></span> <span class='ocrx_word' id='word_1_246' title='bbox 1747 1775 1869 1836; x_wconf 83' lang='lat' dir='ltr'><strong>eodem</strong></span> 
     </span>
     <span class='ocr_line' id='line_1_43' title="bbox 1073 1869 1870 1949; baseline -0.001 -15"><span class='ocrx_word' id='word_1_247' title='bbox 1073 1869 1207 1949; x_wconf 74' lang='lat' dir='ltr'><strong>peram</strong></span> <span class='ocrx_word' id='word_1_248' title='bbox 1226 1869 1375 1949; x_wconf 67' lang='lat' dir='ltr'><strong>temporie</strong></span> <span class='ocrx_word' id='word_1_249' title='bbox 1393 1869 1537 1932; x_wconf 81' lang='lat' dir='ltr'><strong>dirersis</strong></span> <span class='ocrx_word' id='word_1_250' title='bbox 1557 1871 1719 1942; x_wconf 80' lang='lat' dir='ltr'><strong>materiis,</strong></span> <span class='ocrx_word' id='word_1_251' title='bbox 1736 1872 1790 1932; x_wconf 78' lang='lat' dir='ltr'><strong>tel</strong></span> <span class='ocrx_word' id='word_1_252' title='bbox 1814 1872 1870 1933; x_wconf 88' lang='lat' dir='ltr'><strong>di-</strong></span> 
     </span>
     <span class='ocr_line' id='line_1_44' title="bbox 1072 1967 1870 2046; baseline 0.001 -16"><span class='ocrx_word' id='word_1_253' title='bbox 1072 1970 1181 2030; x_wconf 86' lang='lat' dir='ltr'><strong>versis</strong></span> <span class='ocrx_word' id='word_1_254' title='bbox 1202 1971 1332 2046; x_wconf 87' lang='lat' dir='ltr'><strong>patrata</strong></span> <span class='ocrx_word' id='word_1_255' title='bbox 1357 1968 1562 2045; x_wconf 85' lang='lat' dir='ltr'><strong>temporibus</strong></span> <span class='ocrx_word' id='word_1_256' title='bbox 1586 1967 1693 2030; x_wconf 90' lang='lat' dir='ltr'><strong>eidem</strong></span> <span class='ocrx_word' id='word_1_257' title='bbox 1718 1971 1870 2031; x_wconf 75' lang='lat' dir='ltr'><strong>materiae</strong></span> 
     </span>
     <span class='ocr_line' id='line_1_45' title="bbox 1073 2065 1869 2141; baseline -0.001 -13"><span class='ocrx_word' id='word_1_258' title='bbox 1073 2082 1257 2141; x_wconf 87' lang='lat' dir='ltr'><strong>congruere</strong></span> <span class='ocrx_word' id='word_1_259' title='bbox 1271 2065 1479 2127; x_wconf 85' lang='lat' dir='ltr'><strong>ridebantur.</strong></span> <span class='ocrx_word' id='word_1_260' title='bbox 1498 2065 1633 2125; x_wconf 87' lang='lat' dir='ltr'><strong>initium</strong></span> <span class='ocrx_word' id='word_1_261' title='bbox 1655 2067 1766 2126; x_wconf 90' lang='lat' dir='ltr'><strong>autem</strong></span> <span class='ocrx_word' id='word_1_262' title='bbox 1787 2066 1869 2127; x_wconf 81' lang='lat' dir='ltr'><strong>vitae</strong></span> 
     </span>
     <span class='ocr_line' id='line_1_46' title="bbox 1074 2162 1869 2240; baseline -0.001 -16"><span class='ocrx_word' id='word_1_263' title='bbox 1074 2164 1189 2240; x_wconf 89' lang='lat' dir='ltr'><strong>ipsius,</strong></span> <span class='ocrx_word' id='word_1_264' title='bbox 1210 2175 1416 2240; x_wconf 85' lang='lat' dir='ltr'><strong>progressus,</strong></span> <span class='ocrx_word' id='word_1_265' title='bbox 1438 2163 1472 2223; x_wconf 83' lang='lat' dir='ltr'><strong>et</strong></span> <span class='ocrx_word' id='word_1_266' title='bbox 1490 2162 1742 2234; x_wconf 68' lang='lat' dir='ltr'><strong>consummana,</strong></span> <span class='ocrx_word' id='word_1_267' title='bbox 1766 2163 1869 2239; x_wconf 83' lang='lat' dir='ltr'><strong>qrrin-</strong></span> 
     </span>
     <span class='ocr_line' id='line_1_47' title="bbox 1072 2259 1871 2338; baseline -0.001 -16"><span class='ocrx_word' id='word_1_268' title='bbox 1072 2261 1179 2322; x_wconf 89' lang='lat' dir='ltr'><strong>decim</strong></span> <span class='ocrx_word' id='word_1_269' title='bbox 1202 2260 1358 2322; x_wconf 91' lang='lat' dir='ltr'><strong>distincta</strong></span> <span class='ocrx_word' id='word_1_270' title='bbox 1376 2259 1532 2338; x_wconf 89' lang='lat' dir='ltr'><strong>capitulis</strong></span> <span class='ocrx_word' id='word_1_271' title='bbox 1551 2259 1794 2322; x_wconf 89' lang='lat' dir='ltr'><strong>describentur.</strong></span> <span class='ocrx_word' id='word_1_272' title='bbox 1817 2261 1871 2321; x_wconf 84' lang='lat' dir='ltr'><strong>Sit</strong></span> 
     </span>
     <span class='ocr_line' id='line_1_48' title="bbox 1072 2374 1163 2435; baseline -0.011 -16"><span class='ocrx_word' id='word_1_273' title='bbox 1072 2374 1163 2435; x_wconf 83' lang='lat' dir='ltr'><strong>ergo.</strong></span> 
     </span>
    </p>
   </div>
   <div class='ocr_carea' id='block_1_5' title="bbox 1281 2485 1564 2572">
    <p class='ocr_par' dir='ltr' id='par_1_7' title="bbox 1281 2485 1564 2572">
     <span class='ocr_line' id='line_1_49' title="bbox 1281 2485 1564 2572; baseline 0 -2"><span class='ocrx_word' id='word_1_274' title='bbox 1281 2485 1284 2490; x_wconf 83' lang='lat'>&#39;</span> <span class='ocrx_word' id='word_1_275' title='bbox 1379 2507 1564 2572; x_wconf 79' lang='lat' dir='ltr'><strong>menri</strong></span> 
     </span>
    </p>
   </div>
   <div class='ocr_carea' id='block_1_6' title="bbox 1026 2676 1869 2778">
    <p class='ocr_par' dir='ltr' id='par_1_8' title="bbox 1026 2676 1869 2778">
     <span class='ocr_line' id='line_1_50' title="bbox 1026 2676 1869 2778; baseline -0.001 -38"><span class='ocrx_word' id='word_1_276' title='bbox 1026 2771 1030 2778; x_wconf 17' lang='grc' dir='ltr'><strong><em>ι</em></strong></span> <span class='ocrx_word' id='word_1_277' title='bbox 1071 2681 1122 2741; x_wconf 83' lang='lat' dir='ltr'><strong>De</strong></span> <span class='ocrx_word' id='word_1_278' title='bbox 1135 2678 1396 2742; x_wconf 73' lang='lat' dir='ltr'><strong>cooooersatione</strong></span> <span class='ocrx_word' id='word_1_279' title='bbox 1415 2681 1490 2751; x_wconf 65' lang='lat' dir='ltr'><strong>mas</strong></span> <span class='ocrx_word' id='word_1_280' title='bbox 1504 2680 1541 2738; x_wconf 84' lang='lat' dir='ltr'><strong>tn</strong></span> <span class='ocrx_word' id='word_1_281' title='bbox 1560 2676 1678 2739; x_wconf 76' lang='lat' dir='ltr'><strong>babitu</strong></span> <span class='ocrx_word' id='word_1_282' title='bbox 1691 2681 1869 2740; x_wconf 70' lang='lat' dir='ltr'><strong>soeculari.</strong></span> 
     </span>
    </p>
   </div>
   <div class='ocr_carea' id='block_1_7' title="bbox 1071 2845 1870 3314">
    <p class='ocr_par' dir='ltr' id='par_1_9' title="bbox 1071 2845 1870 3314">
     <span class='ocr_line' id='line_1_51' title="bbox 1111 2845 1870 2917; baseline -0.003 -8"><span class='ocrx_word' id='word_1_283' title='bbox 1111 2847 1172 2909; x_wconf 86' lang='lat' dir='ltr'><strong>Vir</strong></span> <span class='ocrx_word' id='word_1_284' title='bbox 1192 2847 1266 2911; x_wconf 81' lang='lat' dir='ltr'><strong>erat</strong></span> <span class='ocrx_word' id='word_1_285' title='bbox 1290 2847 1481 2909; x_wconf 85' lang='lat' dir='ltr'><strong>incivitate</strong></span> <span class='ocrx_word' id='word_1_286' title='bbox 1505 2845 1637 2917; x_wconf 76' lang='lat' dir='ltr'><strong>assisii,</strong></span> <span class='ocrx_word' id='word_1_287' title='bbox 1665 2845 1870 2907; x_wconf 83' lang='lat' dir='ltr'><strong>Franciscua</strong></span> 
     </span>
     <span class='ocr_line' id='line_1_52' title="bbox 1071 2937 1867 3021; baseline 0 -16"><span class='ocrx_word' id='word_1_288' title='bbox 1071 2944 1216 3017; x_wconf 88' lang='lat' dir='ltr'><strong>nomine,</strong></span> <span class='ocrx_word' id='word_1_289' title='bbox 1226 2937 1327 3021; x_wconf 79' lang='lat' dir='ltr'><strong>&#39;cujus</strong></span> <span class='ocrx_word' id='word_1_290' title='bbox 1338 2944 1499 3005; x_wconf 87' lang='lat' dir='ltr'><strong>memoria</strong></span> <span class='ocrx_word' id='word_1_291' title='bbox 1512 2944 1547 3004; x_wconf 90' lang='lat' dir='ltr'><strong>in</strong></span> <span class='ocrx_word' id='word_1_292' title='bbox 1557 2942 1789 3005; x_wconf 87' lang='lat' dir='ltr'><strong>benedictione</strong></span> <span class='ocrx_word' id='word_1_293' title='bbox 1800 2947 1867 3014; x_wconf 88' lang='lat' dir='ltr'><strong>est,</strong></span> 
     </span>
     <span class='ocr_line' id='line_1_53' title="bbox 1071 3039 1870 3121; baseline -0.003 -17"><span class='ocrx_word' id='word_1_294' title='bbox 1071 3058 1132 3121; x_wconf 92' lang='lat' dir='ltr'><strong>pro</strong></span> <span class='ocrx_word' id='word_1_295' title='bbox 1146 3058 1186 3104; x_wconf 91' lang='lat' dir='ltr'><strong>eo</strong></span> <span class='ocrx_word' id='word_1_296' title='bbox 1206 3040 1292 3119; x_wconf 86' lang='lat' dir='ltr'><strong>quod</strong></span> <span class='ocrx_word' id='word_1_297' title='bbox 1308 3041 1467 3103; x_wconf 86' lang='lat' dir='ltr'><strong>Dominus</strong></span> <span class='ocrx_word' id='word_1_298' title='bbox 1482 3040 1590 3117; x_wconf 89' lang='lat' dir='ltr'><strong>ipsum</strong></span> <span class='ocrx_word' id='word_1_299' title='bbox 1607 3040 1642 3101; x_wconf 92' lang='lat' dir='ltr'><strong>in</strong></span> <span class='ocrx_word' id='word_1_300' title='bbox 1657 3039 1870 3103; x_wconf 88' lang='lat' dir='ltr'><strong>benedictio-</strong></span> 
     </span>
     <span class='ocr_line' id='line_1_54' title="bbox 1072 3137 1870 3215; baseline -0.001 -14"><span class='ocrx_word' id='word_1_301' title='bbox 1072 3139 1170 3202; x_wconf 90' lang='lat' dir='ltr'><strong>nibus</strong></span> <span class='ocrx_word' id='word_1_302' title='bbox 1195 3137 1380 3200; x_wconf 90' lang='lat' dir='ltr'><strong>dulcedinis</strong></span> <span class='ocrx_word' id='word_1_303' title='bbox 1411 3137 1556 3213; x_wconf 78' lang='lat' dir='ltr'><strong>benigne</strong></span> <span class='ocrx_word' id='word_1_304' title='bbox 1584 3137 1809 3215; x_wconf 77' lang='lat' dir='ltr'><strong>praeveniens,</strong></span> <span class='ocrx_word' id='word_1_305' title='bbox 1834 3140 1870 3200; x_wconf 88' lang='lat' dir='ltr'><strong>et</strong></span> 
     </span>
     <span class='ocr_line' id='line_1_55' title="bbox 1072 3233 1868 3314; baseline -0.003 -16"><span class='ocrx_word' id='word_1_306' title='bbox 1072 3238 1112 3299; x_wconf 90' lang='lat' dir='ltr'><strong>de</strong></span> <span class='ocrx_word' id='word_1_307' title='bbox 1127 3235 1301 3314; x_wconf 82' lang='lat' dir='ltr'><strong>praesentis</strong></span> <span class='ocrx_word' id='word_1_308' title='bbox 1315 3236 1393 3297; x_wconf 85' lang='lat' dir='ltr'><strong>vitae</strong></span> <span class='ocrx_word' id='word_1_309' title='bbox 1413 3236 1570 3312; x_wconf 89' lang='lat' dir='ltr'><strong>periculis</strong></span> <span class='ocrx_word' id='word_1_310' title='bbox 1592 3233 1772 3297; x_wconf 87' lang='lat' dir='ltr'><strong>clementer</strong></span> <span class='ocrx_word' id='word_1_311' title='bbox 1790 3236 1868 3296; x_wconf 90' lang='lat' dir='ltr'><strong>eri-</strong></span> 
     </span>
    </p>
   </div>
   <div class='ocr_carea' id='block_1_8' title="bbox 220 3322 1877 5351">
    <p class='ocr_par' dir='ltr' id='par_1_10' title="bbox 220 3322 1877 5351">
     <span class='ocr_line' id='line_1_56' title="bbox 222 3322 1872 3411; baseline 0.001 -21"><span class='ocrx_word' id='word_1_312' title='bbox 222 3328 366 3406; x_wconf 86' lang='lat' dir='ltr'><strong>Gapituii</strong></span> <span class='ocrx_word' id='word_1_313' title='bbox 377 3342 521 3390; x_wconf 89' lang='lat' dir='ltr'><strong>concors</strong></span> <span class='ocrx_word' id='word_1_314' title='bbox 535 3326 723 3389; x_wconf 83' lang='lat' dir='ltr'><strong>induxisset</strong></span> <span class='ocrx_word' id='word_1_315' title='bbox 732 3328 906 3400; x_wconf 88' lang='lat' dir='ltr'><strong>instantia,</strong></span> <span class='ocrx_word' id='word_1_316' title='bbox 915 3330 952 3389; x_wconf 90' lang='lat' dir='ltr'><strong>et</strong></span> <span class='ocrx_word' id='word_1_317' title='bbox 963 3322 1021 3399; x_wconf 47' lang='lat' dir='ltr'><strong>eas</strong></span> <span class='ocrx_word' id='word_1_318' title='bbox 1072 3334 1194 3411; x_wconf 87' lang='lat' dir='ltr'><strong>puit,et</strong></span> <span class='ocrx_word' id='word_1_319' title='bbox 1208 3331 1353 3394; x_wconf 84' lang='lat' dir='ltr'><strong>coelestis</strong></span> <span class='ocrx_word' id='word_1_320' title='bbox 1367 3331 1486 3408; x_wconf 74' lang='lat' dir='ltr'><strong>gratiae</strong></span> <span class='ocrx_word' id='word_1_321' title='bbox 1500 3331 1595 3392; x_wconf 86' lang='lat' dir='ltr'><strong>donis</strong></span> <span class='ocrx_word' id='word_1_322' title='bbox 1611 3330 1787 3391; x_wconf 84' lang='lat' dir='ltr'><strong>affluenter</strong></span> <span class='ocrx_word' id='word_1_323' title='bbox 1800 3331 1872 3391; x_wconf 90' lang='lat' dir='ltr'><strong>im-</strong></span> 
     </span>
     <span class='ocr_line' id='line_1_57' title="bbox 223 3424 1870 3508; baseline 0.002 -22"><span class='ocrx_word' id='word_1_324' title='bbox 223 3441 321 3505; x_wconf 85' lang='lat' dir='ltr'><strong>quam</strong></span> <span class='ocrx_word' id='word_1_325' title='bbox 347 3425 387 3487; x_wconf 89' lang='lat' dir='ltr'><strong>ad</strong></span> <span class='ocrx_word' id='word_1_326' title='bbox 412 3428 563 3488; x_wconf 89' lang='lat' dir='ltr'><strong>sanctum</strong></span> <span class='ocrx_word' id='word_1_327' title='bbox 586 3428 714 3503; x_wconf 82' lang='lat' dir='ltr'><strong>patrem</strong></span> <span class='ocrx_word' id='word_1_328' title='bbox 737 3424 863 3487; x_wconf 84' lang='lat' dir='ltr'><strong>habere</strong></span> <span class='ocrx_word' id='word_1_329' title='bbox 887 3426 1014 3496; x_wconf 85' lang='lat' dir='ltr'><strong>teneor,</strong></span> <span class='ocrx_word' id='word_1_330' title='bbox 1072 3431 1183 3508; x_wconf 78' lang='lat' dir='ltr'><strong>plevit.</strong></span> <span class='ocrx_word' id='word_1_331' title='bbox 1204 3430 1333 3491; x_wconf 74' lang='lat' dir='ltr'><strong>illenim</strong></span> <span class='ocrx_word' id='word_1_332' title='bbox 1348 3444 1424 3489; x_wconf 89' lang='lat' dir='ltr'><strong>cum</strong></span> <span class='ocrx_word' id='word_1_333' title='bbox 1445 3429 1535 3489; x_wconf 88' lang='lat' dir='ltr'><strong>inter</strong></span> <span class='ocrx_word' id='word_1_334' title='bbox 1555 3442 1660 3489; x_wconf 81' lang='lat' dir='ltr'><strong>renos</strong></span> <span class='ocrx_word' id='word_1_335' title='bbox 1682 3427 1783 3489; x_wconf 80' lang='lat' dir='ltr'><strong>tuerit</strong></span> <span class='ocrx_word' id='word_1_336' title='bbox 1797 3427 1870 3489; x_wconf 88' lang='lat' dir='ltr'><strong>ho-</strong></span> 
     </span>
     <span class='ocr_line' id='line_1_58' title="bbox 222 3514 1872 3603; baseline 0.002 -20"><span class='ocrx_word' id='word_1_337' title='bbox 222 3523 354 3587; x_wconf 84' lang='lat' dir='ltr'><strong>derotio</strong></span> <span class='ocrx_word' id='word_1_338' title='bbox 369 3523 583 3600; x_wconf 74' lang='lat' dir='ltr'><strong>compulisset</strong></span> <span class='ocrx_word' id='word_1_339' title='bbox 597 3538 605 3583; x_wconf 89' lang='lat'>:</span> <span class='ocrx_word' id='word_1_340' title='bbox 618 3524 744 3600; x_wconf 85' lang='lat' dir='ltr'><strong>utpote,</strong></span> <span class='ocrx_word' id='word_1_341' title='bbox 762 3523 819 3600; x_wconf 80' lang='lat' dir='ltr'><strong>qui</strong></span> <span class='ocrx_word' id='word_1_342' title='bbox 835 3536 897 3599; x_wconf 86' lang='lat' dir='ltr'><strong>per</strong></span> <span class='ocrx_word' id='word_1_343' title='bbox 911 3522 1016 3597; x_wconf 88' lang='lat' dir='ltr'><strong>ipsius</strong></span> <span class='ocrx_word' id='word_1_344' title='bbox 1071 3514 1198 3589; x_wconf 86' lang='lat' dir='ltr'><strong>minum</strong></span> <span class='ocrx_word' id='word_1_345' title='bbox 1213 3526 1301 3587; x_wconf 85' lang='lat' dir='ltr'><strong>illios</strong></span> <span class='ocrx_word' id='word_1_346' title='bbox 1311 3526 1456 3603; x_wconf 81' lang='lat' dir='ltr'><strong>Juveuili</strong></span> <span class='ocrx_word' id='word_1_347' title='bbox 1473 3526 1570 3587; x_wconf 84' lang='lat' dir='ltr'><strong>aetate</strong></span> <span class='ocrx_word' id='word_1_348' title='bbox 1585 3526 1729 3587; x_wconf 87' lang='lat' dir='ltr'><strong>nutritus</strong></span> <span class='ocrx_word' id='word_1_349' title='bbox 1749 3524 1785 3585; x_wconf 91' lang='lat' dir='ltr'><strong>iu</strong></span> <span class='ocrx_word' id='word_1_350' title='bbox 1805 3540 1872 3587; x_wconf 80' lang='lat' dir='ltr'><strong>va-</strong></span> 
     </span>
     <span class='ocr_line' id='line_1_59' title="bbox 220 3618 1872 3702; baseline -0.005 -10"><span class='ocrx_word' id='word_1_351' title='bbox 220 3622 467 3684; x_wconf 67' lang='lat' dir='ltr'><strong>intootllollom</strong></span> <span class='ocrx_word' id='word_1_352' title='bbox 490 3621 524 3683; x_wconf 74' lang='grc' dir='ltr'><strong>θῒ</strong></span> <span class='ocrx_word' id='word_1_353' title='bbox 545 3620 677 3692; x_wconf 65' lang='lat' dir='ltr'><strong>metita,</strong></span> <span class='ocrx_word' id='word_1_354' title='bbox 700 3621 737 3681; x_wconf 74' lang='lat'><strong>¹¹¹</strong></span> <span class='ocrx_word' id='word_1_355' title='bbox 760 3618 883 3697; x_wconf 61' lang='lat' dir='ltr'><strong>anemii</strong></span> <span class='ocrx_word' id='word_1_356' title='bbox 906 3621 1015 3687; x_wconf 74' lang='lat' dir='ltr'><strong>aaa.</strong></span> <span class='ocrx_word' id='word_1_357' title='bbox 1071 3626 1136 3698; x_wconf 88' lang='lat' dir='ltr'><strong>nis,</strong></span> <span class='ocrx_word' id='word_1_358' title='bbox 1159 3625 1192 3687; x_wconf 91' lang='lat' dir='ltr'><strong>et</strong></span> <span class='ocrx_word' id='word_1_359' title='bbox 1214 3625 1288 3702; x_wconf 85' lang='lat' dir='ltr'><strong>post</strong></span> <span class='ocrx_word' id='word_1_360' title='bbox 1305 3623 1485 3701; x_wconf 85' lang='lat' dir='ltr'><strong>aliqualem</strong></span> <span class='ocrx_word' id='word_1_361' title='bbox 1505 3623 1690 3685; x_wconf 86' lang='lat' dir='ltr'><strong>litterarum</strong></span> <span class='ocrx_word' id='word_1_362' title='bbox 1713 3622 1872 3683; x_wconf 86' lang='lat' dir='ltr'><strong>notitiam</strong></span> 
     </span>
     <span class='ocr_line' id='line_1_60' title="bbox 222 3716 1870 3797; baseline -0.001 -16"><span class='ocrx_word' id='word_1_363' title='bbox 222 3721 309 3781; x_wconf 76' lang='lat' dir='ltr'><strong>sicrd</strong></span> <span class='ocrx_word' id='word_1_364' title='bbox 320 3719 449 3793; x_wconf 77' lang='lat' dir='ltr'><strong>receuti</strong></span> <span class='ocrx_word' id='word_1_365' title='bbox 464 3718 625 3779; x_wconf 86' lang='lat' dir='ltr'><strong>momoria</strong></span> <span class='ocrx_word' id='word_1_366' title='bbox 639 3716 748 3789; x_wconf 77' lang='lat' dir='ltr'><strong>torreo,</strong></span> <span class='ocrx_word' id='word_1_367' title='bbox 772 3729 792 3781; x_wconf 79' lang='lat' dir='ltr'><strong>a</strong></span> <span class='ocrx_word' id='word_1_368' title='bbox 807 3717 923 3781; x_wconf 88' lang='lat' dir='ltr'><strong>mortis</strong></span> <span class='ocrx_word' id='word_1_369' title='bbox 938 3716 1016 3777; x_wconf 86' lang='lat' dir='ltr'><strong>tau-</strong></span> <span class='ocrx_word' id='word_1_370' title='bbox 1071 3722 1244 3784; x_wconf 78' lang='lat' dir='ltr'><strong>lucrativis</strong></span> <span class='ocrx_word' id='word_1_371' title='bbox 1258 3721 1497 3782; x_wconf 88' lang='lat' dir='ltr'><strong>mercationum</strong></span> <span class='ocrx_word' id='word_1_372' title='bbox 1511 3720 1688 3797; x_wconf 84' lang='lat' dir='ltr'><strong>deputatus</strong></span> <span class='ocrx_word' id='word_1_373' title='bbox 1708 3720 1870 3796; x_wconf 86' lang='lat' dir='ltr'><strong>negotiis,</strong></span> 
     </span>
     <span class='ocr_line' id='line_1_61' title="bbox 223 3813 1869 3897; baseline -0.001 -19"><span class='ocrx_word' id='word_1_374' title='bbox 223 3815 318 3878; x_wconf 77' lang='lat' dir='ltr'><strong>cibas</strong></span> <span class='ocrx_word' id='word_1_375' title='bbox 334 3817 463 3887; x_wconf 86' lang='lat' dir='ltr'><strong>erutus,</strong></span> <span class='ocrx_word' id='word_1_376' title='bbox 489 3815 518 3875; x_wconf 85' lang='lat' dir='ltr'><strong>ai</strong></span> <span class='ocrx_word' id='word_1_377' title='bbox 540 3815 713 3891; x_wconf 80' lang='lat' dir='ltr'><strong>praeconia</strong></span> <span class='ocrx_word' id='word_1_378' title='bbox 735 3817 809 3891; x_wconf 75' lang='lat' dir='ltr'><strong>eius</strong></span> <span class='ocrx_word' id='word_1_379' title='bbox 833 3813 943 3874; x_wconf 83' lang='lat' dir='ltr'><strong>laudis</strong></span> <span class='ocrx_word' id='word_1_380' title='bbox 965 3814 1019 3875; x_wconf 85' lang='lat' dir='ltr'><strong>ta-</strong></span> <span class='ocrx_word' id='word_1_381' title='bbox 1072 3834 1215 3897; x_wconf 84' lang='lat' dir='ltr'><strong>superno</strong></span> <span class='ocrx_word' id='word_1_382' title='bbox 1242 3821 1354 3881; x_wconf 87' lang='lat' dir='ltr'><strong>tamen</strong></span> <span class='ocrx_word' id='word_1_383' title='bbox 1387 3817 1450 3878; x_wconf 84' lang='lat' dir='ltr'><strong>sibi</strong></span> <span class='ocrx_word' id='word_1_384' title='bbox 1481 3816 1664 3879; x_wconf 78' lang='lat' dir='ltr'><strong>assistente</strong></span> <span class='ocrx_word' id='word_1_385' title='bbox 1696 3815 1869 3892; x_wconf 80' lang='lat' dir='ltr'><strong>praesidio,</strong></span> 
     </span>
     <span class='ocr_line' id='line_1_62' title="bbox 223 3910 1873 3992; baseline 0 -18"><span class='ocrx_word' id='word_1_386' title='bbox 223 3927 335 3984; x_wconf 77' lang='lat' dir='ltr'><strong>cuono,</strong></span> <span class='ocrx_word' id='word_1_387' title='bbox 346 3910 794 3987; x_wconf 79' lang='lat' dir='ltr'><strong>timeomscelorisarguar,</strong></span> <span class='ocrx_word' id='word_1_388' title='bbox 806 3913 843 3972; x_wconf 79' lang='lat' dir='ltr'><strong>nt</strong></span> <span class='ocrx_word' id='word_1_389' title='bbox 854 3910 1015 3986; x_wconf 60' lang='lat' dir='ltr'><strong>ingratus·</strong></span> <span class='ocrx_word' id='word_1_390' title='bbox 1072 3933 1133 3979; x_wconf 86' lang='lat' dir='ltr'><strong>nec</strong></span> <span class='ocrx_word' id='word_1_391' title='bbox 1145 3917 1232 3977; x_wconf 81' lang='lat' dir='ltr'><strong>ieter</strong></span> <span class='ocrx_word' id='word_1_392' title='bbox 1244 3915 1386 3976; x_wconf 81' lang='lat' dir='ltr'><strong>lascivos</strong></span> <span class='ocrx_word' id='word_1_393' title='bbox 1397 3917 1550 3992; x_wconf 81' lang='lat' dir='ltr'><strong>juvenes,</strong></span> <span class='ocrx_word' id='word_1_394' title='bbox 1571 3913 1723 3991; x_wconf 88' lang='lat' dir='ltr'><strong>quamvis</strong></span> <span class='ocrx_word' id='word_1_395' title='bbox 1736 3912 1873 3974; x_wconf 82' lang='lat' dir='ltr'><strong>effusus</strong></span> 
     </span>
     <span class='ocr_line' id='line_1_63' title="bbox 222 4007 1870 4090; baseline 0.001 -19"><span class='ocrx_word' id='word_1_396' title='bbox 222 4009 465 4085; x_wconf 75' lang='lat' dir='ltr'><strong>Ethaecpouea</strong></span> <span class='ocrx_word' id='word_1_397' title='bbox 480 4022 533 4069; x_wconf 89' lang='lat' dir='ltr'><strong>me</strong></span> <span class='ocrx_word' id='word_1_398' title='bbox 547 4007 832 4085; x_wconf 84' lang='lat' dir='ltr'><strong>caueapraecipua</strong></span> <span class='ocrx_word' id='word_1_399' title='bbox 854 4007 1016 4071; x_wconf 60' lang='lat' dir='ltr'><strong>boacas*</strong></span> <span class='ocrx_word' id='word_1_400' title='bbox 1072 4014 1114 4077; x_wconf 80' lang='lat' dir='ltr'><strong>ad</strong></span> <span class='ocrx_word' id='word_1_401' title='bbox 1137 4012 1271 4090; x_wconf 83' lang='lat' dir='ltr'><strong>gaudia,</strong></span> <span class='ocrx_word' id='word_1_402' title='bbox 1295 4014 1371 4089; x_wconf 89' lang='lat' dir='ltr'><strong>post</strong></span> <span class='ocrx_word' id='word_1_403' title='bbox 1394 4011 1507 4072; x_wconf 86' lang='lat' dir='ltr'><strong>camis</strong></span> <span class='ocrx_word' id='word_1_404' title='bbox 1528 4010 1746 4087; x_wconf 86' lang='lat' dir='ltr'><strong>petulantiam</strong></span> <span class='ocrx_word' id='word_1_405' title='bbox 1771 4007 1870 4082; x_wconf 81' lang='lat' dir='ltr'><strong>abiit,</strong></span> 
     </span>
     <span class='ocr_line' id='line_1_64' title="bbox 222 4104 1871 4185; baseline 0.001 -17"><span class='ocrx_word' id='word_1_406' title='bbox 222 4104 376 4168; x_wconf 80' lang='lat' dir='ltr'><strong>mmendi</strong></span> <span class='ocrx_word' id='word_1_407' title='bbox 398 4104 557 4175; x_wconf 82' lang='lat' dir='ltr'><strong>laborem,</strong></span> <span class='ocrx_word' id='word_1_408' title='bbox 580 4106 620 4166; x_wconf 90' lang='lat' dir='ltr'><strong>ut</strong></span> <span class='ocrx_word' id='word_1_409' title='bbox 636 4118 713 4181; x_wconf 79' lang='lat' dir='ltr'><strong>ogo,</strong></span> <span class='ocrx_word' id='word_1_410' title='bbox 736 4105 794 4183; x_wconf 84' lang='lat' dir='ltr'><strong>qui</strong></span> <span class='ocrx_word' id='word_1_411' title='bbox 817 4104 921 4166; x_wconf 80' lang='lat' dir='ltr'><strong>uitam</strong></span> <span class='ocrx_word' id='word_1_412' title='bbox 938 4116 1019 4166; x_wconf 88' lang='lat' dir='ltr'><strong>oor-</strong></span> <span class='ocrx_word' id='word_1_413' title='bbox 1074 4126 1133 4172; x_wconf 84' lang='lat' dir='ltr'><strong>neo</strong></span> <span class='ocrx_word' id='word_1_414' title='bbox 1160 4110 1250 4171; x_wconf 84' lang='lat' dir='ltr'><strong>inter</strong></span> <span class='ocrx_word' id='word_1_415' title='bbox 1277 4109 1414 4185; x_wconf 87' lang='lat' dir='ltr'><strong>cupidos</strong></span> <span class='ocrx_word' id='word_1_416' title='bbox 1437 4110 1650 4178; x_wconf 84' lang='lat' dir='ltr'><strong>mercatores,</strong></span> <span class='ocrx_word' id='word_1_417' title='bbox 1675 4121 1871 4184; x_wconf 77' lang='lat' dir='ltr'><strong>quaequam</strong></span> 
     </span>
     <span class='ocr_line' id='line_1_65' title="bbox 223 4202 1875 4283; baseline 0.001 -19"><span class='ocrx_word' id='word_1_418' title='bbox 223 4204 315 4283; x_wconf 84' lang='lat' dir='ltr'><strong>poris</strong></span> <span class='ocrx_word' id='word_1_419' title='bbox 326 4204 361 4266; x_wconf 90' lang='lat' dir='ltr'><strong>et</strong></span> <span class='ocrx_word' id='word_1_420' title='bbox 372 4203 528 4267; x_wconf 70' lang='lat' dir='ltr'><strong>animoa</strong></span> <span class='ocrx_word' id='word_1_421' title='bbox 543 4204 611 4263; x_wconf 86' lang='lat' dir='ltr'><strong>Deo</strong></span> <span class='ocrx_word' id='word_1_422' title='bbox 623 4202 706 4262; x_wconf 79' lang='lat' dir='ltr'><strong>miii</strong></span> <span class='ocrx_word' id='word_1_423' title='bbox 715 4203 950 4264; x_wconf 76' lang='lat' dir='ltr'><strong>conservatam</strong></span> <span class='ocrx_word' id='word_1_424' title='bbox 963 4216 1020 4264; x_wconf 83' lang='lat' dir='ltr'><strong>re·</strong></span> <span class='ocrx_word' id='word_1_425' title='bbox 1073 4208 1220 4269; x_wconf 79' lang='lat' dir='ltr'><strong>intentus</strong></span> <span class='ocrx_word' id='word_1_426' title='bbox 1234 4205 1275 4269; x_wconf 85' lang='lat' dir='ltr'><strong>ad</strong></span> <span class='ocrx_word' id='word_1_427' title='bbox 1296 4205 1435 4276; x_wconf 89' lang='lat' dir='ltr'><strong>lucrum,</strong></span> <span class='ocrx_word' id='word_1_428' title='bbox 1456 4203 1604 4280; x_wconf 86' lang='lat' dir='ltr'><strong>speravit</strong></span> <span class='ocrx_word' id='word_1_429' title='bbox 1621 4204 1656 4263; x_wconf 83' lang='lat' dir='ltr'><strong>in</strong></span> <span class='ocrx_word' id='word_1_430' title='bbox 1677 4203 1822 4279; x_wconf 88' lang='lat' dir='ltr'><strong>pecunia</strong></span> <span class='ocrx_word' id='word_1_431' title='bbox 1837 4206 1875 4266; x_wconf 85' lang='lat' dir='ltr'><strong>et</strong></span> 
     </span>
     <span class='ocr_line' id='line_1_66' title="bbox 224 4300 1874 4379; baseline -0.001 -15"><span class='ocrx_word' id='word_1_432' title='bbox 224 4312 389 4379; x_wconf 84' lang='lat' dir='ltr'><strong>cognosco</strong></span> <span class='ocrx_word' id='word_1_433' title='bbox 401 4314 462 4378; x_wconf 87' lang='lat' dir='ltr'><strong>per</strong></span> <span class='ocrx_word' id='word_1_434' title='bbox 476 4300 596 4377; x_wconf 82' lang='lat' dir='ltr'><strong>ipsum,</strong></span> <span class='ocrx_word' id='word_1_435' title='bbox 613 4301 647 4362; x_wconf 86' lang='lat' dir='ltr'><strong>et</strong></span> <span class='ocrx_word' id='word_1_436' title='bbox 660 4301 817 4365; x_wconf 70' lang='lat' dir='ltr'><strong>cimicem</strong></span> <span class='ocrx_word' id='word_1_437' title='bbox 831 4302 905 4377; x_wconf 79' lang='lat' dir='ltr'><strong>eius</strong></span> <span class='ocrx_word' id='word_1_438' title='bbox 915 4300 950 4363; x_wconf 94' lang='lat' dir='ltr'><strong>ln</strong></span> <span class='ocrx_word' id='word_1_439' title='bbox 963 4314 1019 4361; x_wconf 86' lang='lat' dir='ltr'><strong>mo</strong></span> <span class='ocrx_word' id='word_1_440' title='bbox 1072 4304 1251 4367; x_wconf 77' lang='lat' dir='ltr'><strong>mesauris.</strong></span> <span class='ocrx_word' id='word_1_441' title='bbox 1267 4303 1379 4364; x_wconf 84' lang='lat' dir='ltr'><strong>iuerat</strong></span> <span class='ocrx_word' id='word_1_442' title='bbox 1389 4316 1533 4379; x_wconf 69' lang='lat' dir='ltr'><strong>numam</strong></span> <span class='ocrx_word' id='word_1_443' title='bbox 1545 4301 1680 4378; x_wconf 82' lang='lat' dir='ltr'><strong>juvenis</strong></span> <span class='ocrx_word' id='word_1_444' title='bbox 1696 4300 1874 4362; x_wconf 77' lang='lat' dir='ltr'><strong>Francisci</strong></span> 
     </span>
     <span class='ocr_line' id='line_1_67' title="bbox 225 4396 1873 4481; baseline -0.001 -20"><span class='ocrx_word' id='word_1_445' title='bbox 225 4400 382 4478; x_wconf 81' lang='lat' dir='ltr'><strong>expertus</strong></span> <span class='ocrx_word' id='word_1_446' title='bbox 394 4398 529 4473; x_wconf 83' lang='lat' dir='ltr'><strong>agnoui,</strong></span> <span class='ocrx_word' id='word_1_447' title='bbox 543 4396 726 4459; x_wconf 78' lang='lat' dir='ltr'><strong>uitaeillius</strong></span> <span class='ocrx_word' id='word_1_448' title='bbox 741 4397 892 4470; x_wconf 79' lang='lat' dir='ltr'><strong>virtutes,</strong></span> <span class='ocrx_word' id='word_1_449' title='bbox 908 4399 1017 4469; x_wconf 82' lang='lat' dir='ltr'><strong>aetus,</strong></span> <span class='ocrx_word' id='word_1_450' title='bbox 1074 4401 1283 4481; x_wconf 77' lang='lat' dir='ltr'><strong>praecordiis,</strong></span> <span class='ocrx_word' id='word_1_451' title='bbox 1314 4399 1474 4460; x_wconf 84' lang='lat' dir='ltr'><strong>divinitus</strong></span> <span class='ocrx_word' id='word_1_452' title='bbox 1506 4399 1615 4460; x_wconf 86' lang='lat' dir='ltr'><strong>indita</strong></span> <span class='ocrx_word' id='word_1_453' title='bbox 1644 4396 1797 4475; x_wconf 83' lang='lat' dir='ltr'><strong>quaedam</strong></span> <span class='ocrx_word' id='word_1_454' title='bbox 1829 4397 1873 4459; x_wconf 89' lang='lat' dir='ltr'><strong>ad</strong></span> 
     </span>
     <span class='ocr_line' id='line_1_68' title="bbox 226 4493 1872 4577; baseline -0.002 -18"><span class='ocrx_word' id='word_1_455' title='bbox 226 4494 385 4567; x_wconf 64' lang='lat' dir='ltr'><strong>muenia,</strong></span> <span class='ocrx_word' id='word_1_456' title='bbox 405 4496 504 4572; x_wconf 82' lang='lat' dir='ltr'><strong>qnasi</strong></span> <span class='ocrx_word' id='word_1_457' title='bbox 518 4493 709 4571; x_wconf 71' lang='lat' dir='ltr'><strong>magmenta</strong></span> <span class='ocrx_word' id='word_1_458' title='bbox 728 4495 878 4572; x_wconf 73' lang='lat' dir='ltr'><strong>quadam</strong></span> <span class='ocrx_word' id='word_1_459' title='bbox 898 4495 1019 4572; x_wconf 82' lang='lat' dir='ltr'><strong>partim</strong></span> <span class='ocrx_word' id='word_1_460' title='bbox 1074 4513 1237 4577; x_wconf 88' lang='lat' dir='ltr'><strong>pauperes</strong></span> <span class='ocrx_word' id='word_1_461' title='bbox 1263 4496 1435 4558; x_wconf 84' lang='lat' dir='ltr'><strong>miseratio</strong></span> <span class='ocrx_word' id='word_1_462' title='bbox 1460 4495 1622 4568; x_wconf 84' lang='lat' dir='ltr'><strong>liberalis,</strong></span> <span class='ocrx_word' id='word_1_463' title='bbox 1655 4510 1730 4572; x_wconf 77' lang='lat' dir='ltr'><strong>que</strong></span> <span class='ocrx_word' id='word_1_464' title='bbox 1754 4509 1872 4557; x_wconf 86' lang='lat' dir='ltr'><strong>secum</strong></span> 
     </span>
     <span class='ocr_line' id='line_1_69' title="bbox 227 4589 1873 4670; baseline -0.001 -16"><span class='ocrx_word' id='word_1_465' title='bbox 227 4593 391 4670; x_wconf 81' lang='lat' dir='ltr'><strong>neglecta,</strong></span> <span class='ocrx_word' id='word_1_466' title='bbox 406 4593 527 4668; x_wconf 84' lang='lat' dir='ltr'><strong>partim</strong></span> <span class='ocrx_word' id='word_1_467' title='bbox 540 4592 703 4669; x_wconf 85' lang='lat' dir='ltr'><strong>dispersa,</strong></span> <span class='ocrx_word' id='word_1_468' title='bbox 720 4606 908 4670; x_wconf 70' lang='lat' dir='ltr'><strong>quamquam</strong></span> <span class='ocrx_word' id='word_1_469' title='bbox 923 4593 1021 4670; x_wconf 81' lang='lat' dir='ltr'><strong>pleae</strong></span> <span class='ocrx_word' id='word_1_470' title='bbox 1075 4596 1116 4658; x_wconf 83' lang='lat' dir='ltr'><strong>ab</strong></span> <span class='ocrx_word' id='word_1_471' title='bbox 1129 4589 1271 4657; x_wconf 78' lang='lat' dir='ltr'><strong>infautia</strong></span> <span class='ocrx_word' id='word_1_472' title='bbox 1285 4608 1451 4665; x_wconf 77' lang='lat' dir='ltr'><strong>crescens,</strong></span> <span class='ocrx_word' id='word_1_473' title='bbox 1468 4594 1560 4655; x_wconf 83' lang='lat' dir='ltr'><strong>tanta</strong></span> <span class='ocrx_word' id='word_1_474' title='bbox 1578 4608 1636 4654; x_wconf 86' lang='lat' dir='ltr'><strong>cor</strong></span> <span class='ocrx_word' id='word_1_475' title='bbox 1649 4591 1756 4668; x_wconf 88' lang='lat' dir='ltr'><strong>ipsius</strong></span> <span class='ocrx_word' id='word_1_476' title='bbox 1766 4591 1873 4653; x_wconf 79' lang='lat' dir='ltr'><strong>beni-</strong></span> 
     </span>
     <span class='ocr_line' id='line_1_70' title="bbox 228 4688 1874 4770; baseline -0.002 -18"><span class='ocrx_word' id='word_1_477' title='bbox 228 4705 295 4752; x_wconf 90' lang='lat' dir='ltr'><strong>non</strong></span> <span class='ocrx_word' id='word_1_478' title='bbox 315 4690 650 4767; x_wconf 73' lang='lat' dir='ltr'><strong>possem-utcumque</strong></span> <span class='ocrx_word' id='word_1_479' title='bbox 664 4689 867 4766; x_wconf 80' lang='lat' dir='ltr'><strong>colligerem,</strong></span> <span class='ocrx_word' id='word_1_480' title='bbox 888 4704 932 4750; x_wconf 82' lang='lat' dir='ltr'><strong>no</strong></span> <span class='ocrx_word' id='word_1_481' title='bbox 946 4704 1020 4750; x_wconf 88' lang='lat' dir='ltr'><strong>mo-</strong></span> <span class='ocrx_word' id='word_1_482' title='bbox 1074 4694 1200 4770; x_wconf 81' lang='lat' dir='ltr'><strong>gnitate</strong></span> <span class='ocrx_word' id='word_1_483' title='bbox 1208 4692 1397 4770; x_wconf 83' lang='lat' dir='ltr'><strong>repleverat</strong></span> <span class='ocrx_word' id='word_1_484' title='bbox 1407 4689 1469 4770; x_wconf 78' lang='lat'><strong>(3),</strong></span> <span class='ocrx_word' id='word_1_485' title='bbox 1483 4693 1520 4752; x_wconf 93' lang='lat' dir='ltr'><strong>ut</strong></span> <span class='ocrx_word' id='word_1_486' title='bbox 1530 4693 1600 4768; x_wconf 87' lang='lat' dir='ltr'><strong>jam</strong></span> <span class='ocrx_word' id='word_1_487' title='bbox 1614 4688 1788 4764; x_wconf 78' lang='lat' dir='ltr'><strong>Evangelii</strong></span> <span class='ocrx_word' id='word_1_488' title='bbox 1804 4703 1874 4750; x_wconf 85' lang='lat' dir='ltr'><strong>noa</strong></span> 
     </span>
     <span class='ocr_line' id='line_1_71' title="bbox 228 4786 1874 4869; baseline -0.001 -19"><span class='ocrx_word' id='word_1_489' title='bbox 228 4786 393 4850; x_wconf 74' lang='lat' dir='ltr'><strong>cientibus</strong></span> <span class='ocrx_word' id='word_1_490' title='bbox 406 4787 462 4859; x_wconf 82' lang='lat' dir='ltr'><strong>iis,</strong></span> <span class='ocrx_word' id='word_1_491' title='bbox 476 4788 537 4865; x_wconf 82' lang='lat' dir='ltr'><strong>qui</strong></span> <span class='ocrx_word' id='word_1_492' title='bbox 550 4800 627 4848; x_wconf 90' lang='lat' dir='ltr'><strong>cum</strong></span> <span class='ocrx_word' id='word_1_493' title='bbox 641 4786 768 4849; x_wconf 81' lang='lat' dir='ltr'><strong>tumulo</strong></span> <span class='ocrx_word' id='word_1_494' title='bbox 782 4787 845 4848; x_wconf 77' lang='lat' dir='ltr'><strong>bei</strong></span> <span class='ocrx_word' id='word_1_495' title='bbox 862 4787 1023 4849; x_wconf 71' lang='lat' dir='ltr'><strong>muriae-</strong></span> <span class='ocrx_word' id='word_1_496' title='bbox 1076 4791 1196 4852; x_wconf 76' lang='lat' dir='ltr'><strong>modus</strong></span> <span class='ocrx_word' id='word_1_497' title='bbox 1210 4790 1356 4860; x_wconf 81' lang='lat' dir='ltr'><strong>auditor,</strong></span> <span class='ocrx_word' id='word_1_498' title='bbox 1374 4788 1464 4849; x_wconf 90' lang='lat' dir='ltr'><strong>omni</strong></span> <span class='ocrx_word' id='word_1_499' title='bbox 1475 4788 1675 4865; x_wconf 86' lang='lat' dir='ltr'><strong>proponeret</strong></span> <span class='ocrx_word' id='word_1_500' title='bbox 1688 4802 1724 4847; x_wconf 89' lang='lat' dir='ltr'><strong>se</strong></span> <span class='ocrx_word' id='word_1_501' title='bbox 1742 4786 1874 4869; x_wconf 79' lang='lat' dir='ltr'><strong>petenti</strong></span> 
     </span>
     <span class='ocr_line' id='line_1_72' title="bbox 228 4883 1875 4962; baseline -0.002 -14"><span class='ocrx_word' id='word_1_502' title='bbox 228 4889 316 4959; x_wconf 86' lang='lat' dir='ltr'><strong>rant,</strong></span> <span class='ocrx_word' id='word_1_503' title='bbox 337 4884 537 4962; x_wconf 87' lang='lat' dir='ltr'><strong>deperirent.</strong></span> <span class='ocrx_word' id='word_1_504' title='bbox 558 4886 601 4947; x_wconf 90' lang='lat' dir='ltr'><strong>Ut</strong></span> <span class='ocrx_word' id='word_1_505' title='bbox 623 4885 726 4960; x_wconf 87' lang='lat' dir='ltr'><strong>igitur</strong></span> <span class='ocrx_word' id='word_1_506' title='bbox 744 4885 821 4946; x_wconf 85' lang='lat' dir='ltr'><strong>vitae</strong></span> <span class='ocrx_word' id='word_1_507' title='bbox 842 4884 948 4960; x_wconf 84' lang='lat' dir='ltr'><strong>ipsius</strong></span> <span class='ocrx_word' id='word_1_508' title='bbox 961 4898 1023 4945; x_wconf 75' lang='lat' dir='ltr'><strong>ro-</strong></span> <span class='ocrx_word' id='word_1_509' title='bbox 1076 4888 1234 4959; x_wconf 86' lang='lat' dir='ltr'><strong>tribuere,</strong></span> <span class='ocrx_word' id='word_1_510' title='bbox 1249 4886 1433 4947; x_wconf 79' lang='lat' dir='ltr'><strong>maximesi</strong></span> <span class='ocrx_word' id='word_1_511' title='bbox 1444 4884 1595 4946; x_wconf 83' lang='lat' dir='ltr'><strong>divinam</strong></span> <span class='ocrx_word' id='word_1_512' title='bbox 1606 4883 1769 4958; x_wconf 84' lang='lat' dir='ltr'><strong>allegaret</strong></span> <span class='ocrx_word' id='word_1_513' title='bbox 1782 4898 1875 4945; x_wconf 88' lang='lat' dir='ltr'><strong>amo-</strong></span> 
     </span>
     <span class='ocr_line' id='line_1_73' title="bbox 229 4980 1874 5059; baseline -0.004 -12"><span class='ocrx_word' id='word_1_514' title='bbox 229 4984 324 5056; x_wconf 82' lang='lat' dir='ltr'><strong>ritas,</strong></span> <span class='ocrx_word' id='word_1_515' title='bbox 356 4982 398 5044; x_wconf 89' lang='lat' dir='ltr'><strong>ad</strong></span> <span class='ocrx_word' id='word_1_516' title='bbox 426 4984 576 5059; x_wconf 84' lang='lat' dir='ltr'><strong>posteros</strong></span> <span class='ocrx_word' id='word_1_517' title='bbox 600 4980 870 5052; x_wconf 72' lang='lat' dir='ltr'><strong>mansmlttenda,</strong></span> <span class='ocrx_word' id='word_1_518' title='bbox 896 4982 1022 5043; x_wconf 85' lang='lat' dir='ltr'><strong>certius</strong></span> <span class='ocrx_word' id='word_1_519' title='bbox 1076 4980 1874 5058; x_wconf 84' lang='lat' dir='ltr'><strong>rem.Cumautemsemelnegotiationisintentus</strong></span> 
     </span>
     <span class='ocr_line' id='line_1_74' title="bbox 229 5076 1875 5156; baseline -0.004 -12"><span class='ocrx_word' id='word_1_520' title='bbox 229 5081 312 5144; x_wconf 83' lang='lat' dir='ltr'><strong>milii</strong></span> <span class='ocrx_word' id='word_1_521' title='bbox 338 5081 507 5143; x_wconf 63' lang='lat' dir='ltr'><strong>condam</strong></span> <span class='ocrx_word' id='word_1_522' title='bbox 536 5080 575 5141; x_wconf 84' lang='lat' dir='ltr'><strong>et</strong></span> <span class='ocrx_word' id='word_1_523' title='bbox 598 5078 737 5149; x_wconf 87' lang='lat' dir='ltr'><strong>clarius,</strong></span> <span class='ocrx_word' id='word_1_524' title='bbox 760 5076 880 5139; x_wconf 79' lang='lat' dir='ltr'><strong>adiens</strong></span> <span class='ocrx_word' id='word_1_525' title='bbox 912 5078 1021 5140; x_wconf 87' lang='lat' dir='ltr'><strong>locum</strong></span> <span class='ocrx_word' id='word_1_526' title='bbox 1077 5081 1282 5151; x_wconf 74' lang='lat' dir='ltr'><strong>tumultibus,</strong></span> <span class='ocrx_word' id='word_1_527' title='bbox 1299 5094 1478 5156; x_wconf 86' lang='lat' dir='ltr'><strong>pauperem</strong></span> <span class='ocrx_word' id='word_1_528' title='bbox 1487 5078 1665 5155; x_wconf 72' lang='lat' dir='ltr'><strong>qrromdam</strong></span> <span class='ocrx_word' id='word_1_529' title='bbox 1681 5090 1875 5152; x_wconf 84' lang='lat' dir='ltr'><strong>praemere</strong></span> 
     </span>
     <span class='ocr_line' id='line_1_75' title="bbox 229 5175 1874 5256; baseline -0.002 -16"><span class='ocrx_word' id='word_1_530' title='bbox 229 5178 382 5256; x_wconf 70' lang='lat' dir='ltr'><strong>originis,</strong></span> <span class='ocrx_word' id='word_1_531' title='bbox 402 5175 683 5247; x_wconf 72' lang='lat' dir='ltr'><strong>conuersationis,</strong></span> <span class='ocrx_word' id='word_1_532' title='bbox 711 5178 746 5237; x_wconf 87' lang='lat' dir='ltr'><strong>ot</strong></span> <span class='ocrx_word' id='word_1_533' title='bbox 769 5175 931 5239; x_wconf 74' lang='lat' dir='ltr'><strong>mansius</strong></span> <span class='ocrx_word' id='word_1_534' title='bbox 957 5176 1021 5237; x_wconf 81' lang='lat' dir='ltr'><strong>riri</strong></span> <span class='ocrx_word' id='word_1_535' title='bbox 1076 5179 1136 5240; x_wconf 83' lang='lat' dir='ltr'><strong>Dei</strong></span> <span class='ocrx_word' id='word_1_536' title='bbox 1156 5180 1319 5255; x_wconf 85' lang='lat' dir='ltr'><strong>petentem</strong></span> <span class='ocrx_word' id='word_1_537' title='bbox 1333 5177 1591 5253; x_wconf 85' lang='lat' dir='ltr'><strong>eleemosynam,</strong></span> <span class='ocrx_word' id='word_1_538' title='bbox 1607 5176 1874 5252; x_wconf 84' lang='lat' dir='ltr'><strong>praetermorem</strong></span> 
     </span>
     <span class='ocr_line' id='line_1_76' title="bbox 231 5270 1877 5351; baseline -0.002 -13"><span class='ocrx_word' id='word_1_539' title='bbox 231 5276 441 5347; x_wconf 67' lang='lat' dir='ltr'><strong>cancticum</strong></span> <span class='ocrx_word' id='word_1_540' title='bbox 457 5270 678 5335; x_wconf 71' lang='lat' dir='ltr'><strong>camiliar-ibus</strong></span> <span class='ocrx_word' id='word_1_541' title='bbox 693 5274 766 5351; x_wconf 72' lang='lat' dir='ltr'><strong>elus</strong></span> <span class='ocrx_word' id='word_1_542' title='bbox 777 5271 890 5339; x_wconf 75' lang='lat' dir='ltr'><strong>atheo</strong></span> <span class='ocrx_word' id='word_1_543' title='bbox 901 5286 1023 5350; x_wconf 62' lang='lat' dir='ltr'><strong>superi-</strong></span> <span class='ocrx_word' id='word_1_544' title='bbox 1078 5275 1223 5347; x_wconf 85' lang='lat' dir='ltr'><strong>solitum,</strong></span> <span class='ocrx_word' id='word_1_545' title='bbox 1240 5286 1382 5336; x_wconf 77' lang='lat' dir='ltr'><strong>vacuum</strong></span> <span class='ocrx_word' id='word_1_546' title='bbox 1399 5273 1590 5351; x_wconf 81' lang='lat' dir='ltr'><strong>repulisset,</strong></span> <span class='ocrx_word' id='word_1_547' title='bbox 1608 5270 1725 5334; x_wconf 78' lang='lat' dir='ltr'><strong>statim</strong></span> <span class='ocrx_word' id='word_1_548' title='bbox 1746 5271 1791 5332; x_wconf 88' lang='lat' dir='ltr'><strong>ad</strong></span> <span class='ocrx_word' id='word_1_549' title='bbox 1816 5286 1877 5334; x_wconf 84' lang='lat' dir='ltr'><strong>cor</strong></span> 
     </span>
    </p>
   </div>
   <div class='ocr_carea' id='block_1_9' title="bbox 266 5476 913 5549">
    <p class='ocr_par' dir='ltr' id='par_1_11' title="bbox 266 5476 913 5549">
     <span class='ocr_line' id='line_1_77' title="bbox 266 5476 913 5549; baseline -0.005 -14"><span class='ocrx_word' id='word_1_550' title='bbox 266 5477 307 5549; x_wconf 79' lang='lat' dir='ltr'><strong>(ll</strong></span> <span class='ocrx_word' id='word_1_551' title='bbox 322 5476 453 5535; x_wconf 83' lang='lat' dir='ltr'><strong>Ollicium</strong></span> <span class='ocrx_word' id='word_1_552' title='bbox 464 5476 491 5534; x_wconf 87' lang='lat' dir='ltr'><strong>S.</strong></span> <span class='ocrx_word' id='word_1_553' title='bbox 509 5476 663 5545; x_wconf 84' lang='lat' dir='ltr'><strong>Francisci,</strong></span> <span class='ocrx_word' id='word_1_554' title='bbox 678 5478 729 5547; x_wconf 83' lang='lat' dir='ltr'><strong>ia,</strong></span> <span class='ocrx_word' id='word_1_555' title='bbox 743 5491 811 5547; x_wconf 80' lang='lat' dir='ltr'><strong>xxii,</strong></span> <span class='ocrx_word' id='word_1_556' title='bbox 829 5492 855 5535; x_wconf 79' lang='lat' dir='ltr'><strong>r.</strong></span> <span class='ocrx_word' id='word_1_557' title='bbox 871 5476 913 5534; x_wconf 72' lang='lat' dir='ltr'><strong>lt.</strong></span> 
     </span>
    </p>
   </div>
   <div class='ocr_carea' id='block_1_10' title="bbox 268 5476 1318 5621">
    <p class='ocr_par' dir='ltr' id='par_1_12' title="bbox 268 5476 1318 5621">
     <span class='ocr_line' id='line_1_78' title="bbox 268 5476 1318 5621; baseline -0.073 -11"><span class='ocrx_word' id='word_1_558' title='bbox 268 5549 310 5621; x_wconf 74' lang='lat'><strong>(2)</strong></span> <span class='ocrx_word' id='word_1_559' title='bbox 324 5548 438 5615; x_wconf 67' lang='lat' dir='ltr'><strong>meoli,</strong></span> <span class='ocrx_word' id='word_1_560' title='bbox 452 5562 490 5615; x_wconf 87' lang='lat' dir='ltr'><strong>lx,</strong></span> <span class='ocrx_word' id='word_1_561' title='bbox 508 5561 534 5603; x_wconf 81' lang='lat' dir='ltr'><strong>v,</strong></span> <span class='ocrx_word' id='word_1_562' title='bbox 548 5547 573 5603; x_wconf 69' lang='lat' dir='ltr'><strong>lp,</strong></span> <span class='ocrx_word' id='word_1_563' title='bbox 1081 5518 1084 5527; x_wconf 93' lang='lat'><em>·</em></span> <span class='ocrx_word' id='word_1_564' title='bbox 1113 5476 1154 5550; x_wconf 77' lang='grc'><strong>(3)</strong></span> <span class='ocrx_word' id='word_1_565' title='bbox 1171 5478 1264 5543; x_wconf 67' lang='lat' dir='ltr'><strong>Lucae,</strong></span> <span class='ocrx_word' id='word_1_566' title='bbox 1281 5492 1318 5533; x_wconf 74' lang='lat' dir='ltr'><strong>m.</strong></span> 
     </span>
    </p>
   </div>
   <div class='ocr_carea' id='block_1_11' title="bbox 0 0 1990 6196">
    <p class='ocr_par' dir='ltr' id='par_1_13' title="bbox 0 0 1990 6196">
     <span class='ocr_line' id='line_1_79' title="bbox 0 0 1990 6196; baseline 0 0"><span class='ocrx_word' id='word_1_567' title='bbox 0 0 1990 6196; x_wconf 95' lang='lat' dir='ltr'><strong> </strong></span> 
     </span>
    </p>
   </div>
  </div>
 </body>
</html>
