3950 6200
523 259 632 323 PARS
662 249 868 321 PRIMA.'-
887 256 1107 320 EXPOSITIO
1136 257 1181 320 IN
1210 258 1413 322 PSALMOS.

1246 419 1387 480 SERMO
1409 418 1548 480 CLXXI.

144 262 228 324 1017
1715 260 1793 326 1018

143 420 200 482 rel
224 419 374 498 impleat
400 423 466 482 Per
489 421 609 483 αθθῖθε
629 426 776 492 bonum,
799 416 942 496 quitari

144 518 237 587 sunt,
253 519 287 579 et
306 519 477 626 vorantes,
498 517 653 628 signator
671 517 742 578 iera
761 515 941 593 rapacitas.
999 550 1039 605 lte
1064 549 1167 621 triplici
1197 549 1243 607 die
1268 564 1334 608 cum
1358 550 1418 608 suis
1446 550 1584 623 vesperis,
1610 551 1720 609 scilicet
1746 551 1794 611 die

143 616 196 676 11³
211 613 313 676 flssbflt
332 615 457 678 8811θῖ18
472 613 688 691 opprobrium
707 636 714 674 ²
736 614 816 674 0⁰¹⁰
833 612 944 674 essent
1033 636 1142 707 mundi,
1162 637 1209 695 die
1224 639 1299 709 vite,
1318 638 1365 696 die
1380 637 1514 711 justitie3
1536 638 1670 697 demotis
1688 641 1793 699 nostris

139 711 239 788 Justi,
262 711 503 788 reputabantur
526 727 546 772 a
577 711 673 772 malis
697 710 830 788 injusti;
856 709 943 771 uude
1035 725 1178 796 operibus,

142 808 299 886 seqnitur
321 806 432 888 (Ibid''
457 813 488 881 4'
512 806 748 888 11)²‘Tigri⁵
768 808 878 918 ‘wrm’
903 821 943 868 ΘΟ
999 861 1123 922 Omnes
1145 835 1219 923 dies
1246 864 1359 923 nostri
1381 863 1580 937 defecerunt
1616 865 1651 925 et
1673 867 1711 925 ira
1736 868 1794 927 tro

143 906 234 983 quod
253 922 321 968 non
344 906 483 968 baberet
506 906 665 983 praedam,
689 906 722 967 et
745 904 848 967 catuli
866 903 942 964 leo·
1584 910 1592 936 ’

143 1019 225 1064 num
241 1001 290 1082 (1)
306 1002 460 1080 dissipati
473 1005 560 1065 sunt.
577 1021 595 1063 s
611 1003 763 1065 Praedam
777 1001 868 1073 iacit,
885 1000 942 1079 qui
1039 958 1101 1020 tua
1114 960 1311 1033 defecimm·
1329 963 1422 1020 Anni
1435 960 1548 1021 *witti
1562 963 1651 1022 Sicut
1660 977 1794 1024 aranea

142 1100 259 1161 aliena
283 1099 369 1162 bona
394 1100 459 1161 sibi
478 1101 583 1178 rapit,
605 1100 692 1178 qued
716 1099 797 1162 iacit
820 1100 941 1173 malus,
1038 1055 1309 1117 meditabuntur.
1327 1053 1661 1138 (psal'89’9et10‘)

141 1196 332 1259 attribuens
354 1197 419 1258 sibi
442 1197 529 1275 quod
549 1213 616 1260 non
636 1198 687 1259 est
709 1213 830 1258 suum:
856 1196 942 1274 quod
1037 1197 1115 1258 Dies
1128 1197 1234 1260 nostri
1257 1196 1459 1270 deiecerunt,
1478 1198 1556 1275 quia
1570 1203 1735 1262 venerunt
1749 1201 1791 1262 ad

142 1295 393 1371 improperatur
407 1296 546 1357 sanctis.
998 1309 1188 1370 vesperam;
1207 1295 1293 1356 unde
1315 1294 1474 1356 debemus
1493 1295 1605 1358 dicere
1626 1314 1701 1358 oum
1717 1296 1791 1359 dis-

183 1393 336 1453 Tertium
356 1392 572 1469 opprobrium
595 1393 731 1455 notatur
752 1392 802 1453 sio
821 1413 829 1452 r
851 1393 943 1458 duod
998 1390 1147 1467 cipulis:
1176 1395 1282 1453 Mane
1309 1395 1496 1466 nobiscum,
1524 1394 1674 1465 Domine,
1708 1410 1793 1470 θειο-

141 1490 451 1564 exprobraverant
479 1491 783 1552 comminationem
814 1489 943 1552 Gbrtstt
997 1491 1094 1549 niam
1115 1490 1383 1564 advesperascit,
1404 1489 1438 1551 et
1457 1491 1623 1552 inclinate
1645 1492 1792 1565 estjam

143 1588 206 1648 tui.
229 1587 529 1648 commutationem
551 1586 632 1648 iacit
653 1587 816 1648 cbristus.
841 1587 940 1646 Com·
997 1587 1071 1647 dies
1086 1584 1210 1664 (Lucae,
1231 1584 1363 1666 2129)
1387 1587 1427 1660 Et
1442 1602 1547 1664 quare
1561 1587 1699 1650 veniunt
1720 1589 1792 1653 dies

141 1683 287 1745 mantio
303 1682 425 1745 Christi
445 1686 506 1756 est,
530 1699 605 1744 oum
621 1682 702 1744 facit
715 1682 756 1743 de
775 1680 868 1743 ebrio
883 1696 942 1741 so·
998 1682 1102 1744 nostri
1115 1682 1157 1744 ad
1170 1685 1363 1760 vesperamt
1378 1683 1462 1756 Quia
1475 1684 1617 1747 mundus
1628 1687 1678 1748 θεῖ
1689 1701 1793 1764 prope

139 1779 267 1853 briam,
284 1780 325 1841 de
340 1781 513 1842 luxurioso
532 1781 671 1842 castum.
689 1782 768 1841 Haec
782 1779 833 1840 est
852 1793 944 1839 com·
998 1794 1172 1856 vesperam
1188 1796 1295 1841 suam.
1319 1781 1411 1843 Unde
1426 1782 1620 1855 notandum,
1637 1783 1723 1860 quod
1743 1785 1795 1847 est

140 1878 287 1940 mumiio
302 1877 449 1940 dexterae
461 1877 600 1940 excelsi.
615 1876 678 1939 Job
696 1875 760 1955 (12,
774 1874 808 1956 4)
824 1898 831 1936 :
846 1893 865 1937 e
880 1874 943 1949 Qui
998 1875 1069 1937 dies
1084 1877 1211 1951 mundi,
1228 1879 1261 1939 et
1273 1879 1323 1940 est
1337 1878 1409 1940 dies
1421 1878 1577 1941 humanae
1590 1880 1679 1954 vitae,
1695 1883 1728 1943 et
1741 1882 1794 1944 est

141 1975 318 2037 deridetur
336 1974 378 2037 ab
397 1976 593 2047 amicosne,
610 1972 788 2050 sicuteg0;
808 1991 827 2035 a
847 1973 943 2035 etsie
998 1973 1071 2034 dies
1095 1975 1248 2052 justitiae.
1276 1976 1355 2038 Dies
1381 1976 1508 2049 mundi,
1533 1980 1630 2055 cujus
1649 1979 1721 2056 jam
1742 1982 1794 2042 est

144 2072 322 2136 deridetur
336 2073 404 2146 ille,
426 2072 482 2151 qui
505 2073 554 2135 sic
576 2073 798 2135 commutatur
816 2093 824 2131 :
842 2071 943 2133 invo-
998 2086 1149 2148 vespera,
1167 2073 1303 2135 notatur
1318 2073 1355 2134 in
1374 2074 1555 2150 Evangelio
1575 2073 1720 2153 (Mattb,
1739 2077 1793 2147 24,

144 2169 238 2232 cabit
252 2173 369 2245 Deum,
391 2171 425 2232 et
445 2169 604 2232 exaudiet
618 2185 704 2230 eum.
728 2169 793 2231 Ubi
812 2171 942 2245 Grego-
997 2166 1050 2247 32)
1067 2189 1074 2228 :
1091 2186 1109 2228 θ
1124 2167 1173 2229 nb
1194 2169 1314 2231 arbore
1335 2172 1446 2231 autem
1470 2170 1525 2232 ilci
1549 2169 1667 2233 discite
1686 2187 1792 2248 para-

142 2268 219 2329 rius
236 2265 288 2346 (2)
309 2267 411 2329 dicit:
433 2283 452 2328 a
473 2268 557 2340 Quia
580 2267 676 2329 illum
697 2266 778 2329 facit
796 2265 944 2327 bumana
998 2266 1127 2339 bolam;
1143 2281 1218 2327 cum
1229 2269 1300 2344 jam
1312 2282 1426 2328 ramus
1438 2270 1511 2345 ejus
1524 2269 1621 2330 tener
1633 2268 1743 2337 fuerit,
1760 2270 1794 2333 et

142 2364 274 2427 derisio
296 2367 363 2428 Deo
383 2365 583 2442 proximum,
606 2380 702 2442 quem
725 2363 766 2425 ab
788 2363 943 2424 humanis
998 2363 1079 2425 lolia
1103 2366 1194 2437 nata,
1222 2364 1443 2440 cognoscetis,
1471 2365 1550 2443 quia
1576 2365 1612 2427 in
1641 2368 1793 2443 proximo

143 2461 369 2540 pravitatibus
397 2463 476 2525 ritae
502 2463 695 2524 innocentia
721 2466 834 2523 servat
856 2461 944 2521 alie·
999 2462 1042 2523 sit
1053 2459 1100 2540 (3)
1118 2462 1227 2522 aestas.
1242 2478 1261 2520 s
1277 2461 1421 2523 Mundus
1438 2460 1552 2523 arbori
1566 2465 1790 2539 comparatur,

143 2575 272 2635 nnms3
298 2559 396 2633 unde,
428 2560 600 2621 deridetur
621 2560 704 2636 justi
732 2559 941 2635 simplicitas
999 2553 1498 2634 cujusiructusrninaest:ad
1516 2557 1793 2621 bocenimcres-
1898 2609 1900 2614 .

143 2655 943 2736 quiaesapientibusmundisirnpliciiatisvirtus
999 2654 1055 2726 cit,
1086 2653 1122 2714 ut
1143 2653 1269 2715 cadat:
1297 2653 1339 2715 ad
1367 2654 1431 2715 boc
1460 2654 1635 2729 germinat,
1659 2656 1696 2717 ut
1721 2658 1794 2733 ejus

143 2755 285 2818 fatuitas
305 2754 466 2830 creditum
488 2756 522 2816 et
541 2751 629 2833 (Job,
646 2755 695 2824 12,
713 2752 759 2833 5),
778 2770 796 2814 θ
815 2753 944 2832 lampas
1000 2750 1127 2812 fructus
1142 2749 1190 2829 (4)
1206 2750 1357 2812 cladibus
1372 2753 1557 2826 consumat,
1572 2753 1610 2813 ut
1622 2751 1703 2815 dicit
1717 2756 1795 2814 Gre-

144 2853 337 2930 contempta
363 2852 451 2929 apud
475 2851 696 2927 cogitationes
720 2850 860 2912 divitum
883 2866 946 2928 pa·
999 2849 1114 2923 gorius
1130 2845 1178 2927 (5)
1202 2869 1210 2907 ε
1236 2848 1346 2909 Ruina
1373 2849 1501 2911 corruit
1524 2849 1739 2926 prosperitas,
1762 2851 1796 2914 et

143 2951 222 3012 rata
236 2949 278 3010 ad
295 2951 424 3026 tempus
437 2950 608 3011 statutum.
623 2966 641 3008 ε
656 2951 697 3011 Et
710 2948 838 3025 lampas
854 2948 943 3009 dici·
999 2945 1068 3006 rita
1082 2944 1194 3021 longa,
1211 2946 1244 3007 et
1258 2945 1314 3022 qui
1332 2947 1469 3023 majoris
1489 2946 1704 3009 sublimitatis
1719 2946 1792 3021 ruit,

143 3050 213 3121 tur,
239 3048 273 3110 et
296 3048 483 3125 contempta
504 3068 511 3107 :
535 3048 675 3124 lampas,
699 3045 779 3123 quia
801 3046 944 3108 interius
999 3058 1098 3120 quam
1113 3042 1211 3104 rnodo
1226 3042 1294 3104 sit:
1319 3042 1406 3104 sicut
1420 3044 1469 3104 sol
1486 3045 1602 3106 contra
1621 3044 1794 3108 meridiem

145 3145 254 3219 lucet;
271 3145 470 3222 contempta,
487 3144 565 3222 quia
579 3144 667 3220 apud
683 3145 809 3205 mentes
824 3159 946 3204 carna·
999 3138 1192 3212 ferventior,
1216 3155 1291 3200 curn
1315 3140 1356 3200 ad
1378 3156 1552 3216 vesperam
1567 3141 1683 3213 tendit,
1704 3143 1794 3218 tepi-

144 3239 230 3301 lium
246 3237 375 3316 abjecta
390 3239 613 3300 existimatur.
636 3237 700 3299 Sed
716 3237 790 3315 ipsa
810 3238 861 3298 esi
879 3253 943 3313 pa·

145 3337 220 3399 rata
237 3337 278 3398 ad
300 3337 431 3413 tempus
446 3337 617 3397 statutum.
638 3335 840 3412 contemptae
855 3333 943 3394 larn-

148 3434 246 3513 padis
260 3435 391 3510 tempus
410 3434 462 3495 est
475 3432 617 3495 extremi
629 3430 750 3509 judicii
766 3431 944 3509 praedesti·

146 3531 228 3593 nata
244 3530 326 3602 dies,
344 3529 476 3607 quando
488 3531 599 3607 justus
614 3527 765 3606 quisque,
783 3528 840 3605 qui
855 3543 945 3589 nunc

148 3627 345 3704 despicitur,
375 3627 497 3704 quanto
523 3625 700 3703 splendore
723 3623 860 3701 fulgeat,
886 3626 946 3686 de-

146 3723 400 3787 monstrabitur.
429 3726 533 3796 Quam
556 3739 638 3785 vero
662 3723 707 3785 sit
730 3723 850 3784 nociva
873 3723 946 3784 baeo

146 3822 285 3892 derisi0,
303 3822 336 3883 et
350 3820 392 3882 ab
408 3836 448 3881 ea
463 3821 507 3883 sit
521 3820 765 3893 abstinendum,
782 3820 865 3881 dicit
883 3822 946 3880 Eo-

147 3918 359 3981 clesiasticus
372 3916 437 3998 (28,
453 3918 506 3996 21)
524 3939 532 3977 r
549 3935 567 3977 θ
582 3917 721 3994 Flagelli
742 3918 841 3995 plaga
859 3917 947 3978 livo-

147 4033 222 4079 rem
236 4016 339 4077 taoit:
360 4016 458 4092 plaga
474 4016 584 4076 autem
600 4015 726 4091 linguae
743 4015 947 4076 comminuet

148 4130 239 4177 ossa.
254 4131 274 4174 a
289 4112 392 4189 Plaga
407 4112 495 4174 enim
511 4113 635 4189 linguae
649 4112 783 4190 repellit
794 4112 945 4173 homines

147 4210 282 4273 abonis
297 4209 474 4281 inchoatis,
492 4210 525 4271 et
543 4209 585 4270 ad
605 4225 742 4285 pravam
759 4224 945 4271 conversa·

149 4309 275 4372 tionem
291 4307 430 4378 inducit,
446 4309 479 4368 ei
490 4308 537 4368 ita
549 4306 747 4369 comminuit
759 4321 846 4378 ossa,
861 4306 947 4369 idest

149 4420 266 4468 omnes
292 4405 445 4476 virtutae,
469 4420 542 4480 quae
567 4403 674 4480 ipsam
698 4403 844 4464 animam
866 4419 945 4463 sus-

151 4503 294 4565 tentant.
321 4501 427 4576 Plaga
452 4502 563 4562 autem
592 4501 717 4576 linguae
744 4501 947 4561 comminuet

150 4615 239 4662 ossa.
269 4602 334 4660 Per
360 4597 551 4676 hujusmodi
573 4599 661 4658 enim
686 4597 887 4660 derisionem
911 4597 947 4658 in

149 4697 266 4759 multis
282 4712 369 4761 ossa.
385 4695 473 4757 idest
487 4694 646 4757 fortitudo
661 4695 822 4757 virtutum
837 4695 948 4756 conte·

150 4796 250 4870 ritur,
267 4794 300 4857 et
315 4807 335 4855 a
349 4793 447 4856 bonis
462 4792 618 4870 operibus
634 4793 861 4854 retrahuntur.

202 5439 229 5508 1)
249 5436 335 5509 Vulg.
349 5452 356 5493 :
371 5435 472 5520 leonis.
497 5504 503 5518 ⁹
807 5507 822 5537 „

188 5510 232 5655 a
251 5504 770 5652 narrentanas⁰·

999 3235 1084 3296 dior.
1103 3237 1169 3296 Sex
1190 3235 1261 3297 dies
1280 3234 1359 3297 iecit
1380 3239 1468 3297 Deus
1488 3252 1563 3297 curn
1581 3253 1732 3314 vespera,
1760 3241 1795 3301 et

1000 3332 1173 3410 septimam
1189 3333 1261 3393 sine
1281 3347 1431 3410 vespera.
1453 3335 1519 3394 Sex
1538 3332 1610 3394 dies
1625 3334 1704 3396 iecit
1718 3350 1794 3396 cum

999 3444 1152 3506 vespera,
1169 3431 1247 3506 quia
1262 3428 1420 3507 quidquid
1441 3418 1576 3506 propter
1594 3434 1794 3507 praesentem

999 3526 1101 3587 vitam
1122 3526 1169 3597 tlt,
1185 3542 1359 3603 vesperam
1383 3526 1528 3598 habebit,
1553 3527 1608 3588 rel
1630 3527 1794 3591 absorbe-

999 3623 1090 3688 bitur
1110 3639 1130 3684 θ
1151 3623 1315 3699 tenebris3
1337 3624 1423 3700 quod
1445 3626 1556 3685 autem
1578 3626 1614 3686 iit
1636 3641 1695 3703 pro
1716 3642 1795 3704 sep-

1000 3722 1092 3793 tima,
1110 3720 1238 3783 scilicet
1259 3736 1318 3798 pro
1334 3721 1402 3783 vita
1417 3722 1598 3798 spirituali,
1614 3723 1719 3785 totum
1734 3739 1794 3785 oa-

1000 3819 1051 3880 ret
1064 3833 1221 3894 vespera;
1245 3818 1333 3879 unde
1352 3818 1388 3878 in
1407 3819 1607 3896 Apocalypsi
1628 3818 1693 3900 (21,
1712 3819 1792 3900 23);

1000 3915 1157 3978 «Civitas
1177 3931 1244 3978 non
1264 3916 1339 3992 eget
1358 3915 1440 3989 sole,
1458 3932 1565 3995 neque
1581 3918 1672 3992 luna,
1688 3920 1725 3980 ut
1742 3919 1797 3981 lu-

1001 4015 1098 4075 ceant
1116 4013 1152 4074 in
1176 4020 1238 4087 ea,
1253 4029 1329 4074 nam
1349 4013 1486 4076 claritas
1510 4014 1570 4075 Dei
1594 4014 1798 4080 illuminarit

1001 4126 1086 4182 eam,
1103 4113 1137 4173 θῖ
1150 4110 1288 4173 lucerna
1307 4113 1381 4188 ejus
1401 4113 1451 4173 est
1469 4114 1596 4187 agnus.
1613 4113 1691 4173 »st
1710 4112 1797 4176 bene

1000 4208 1137 4269 lucerna
1152 4207 1285 4279 dicitur,
1307 4208 1343 4268 iu
1365 4224 1430 4285 qua
1445 4207 1506 4268 sub
1525 4208 1612 4284 pelle
1626 4209 1798 4273 invenitur

1001 4304 1182 4379 luminare;
1211 4305 1289 4382 quia
1321 4305 1469 4365 humana
1502 4320 1604 4366 carne
1637 4305 1796 4371 divinitas

1002 4402 1089 4463 tecta
1103 4403 1154 4463 θεῖ
1167 4401 1208 4462 ad
1224 4403 1415 4462 sanctorum
1430 4401 1721 4464 illuminationem.

1042 4500 1126 4559 Sunt
1149 4498 1220 4559 dies
1243 4497 1495 4560 vitaehumanae
1517 4500 1557 4560 de
1577 4499 1697 4577 quibus
1717 4501 1798 4566 dicit
1830 4520 1832 4523 ·

1000 4595 1062 4659 Job
1092 4593 1135 4673 (4,
1165 4597 1204 4656 19
1224 4597 1257 4657 θῖ
1279 4593 1350 4674 20)ε
1378 4612 1396 4656 ‹
1421 4596 1483 4667 Qui
1507 4596 1661 4661 habitant
1682 4599 1798 4663 domos

1001 4693 1122 4765 luteas
1138 4692 1194 4770 qui
1209 4695 1379 4754 terrenum
1394 4692 1519 4756 babent
1533 4694 1795 4771 tundamentum,

1002 4791 1240 4851 consumentur
1258 4790 1382 4851 reluta
1403 4791 1503 4863 tinea,
1521 4790 1561 4851 de
1576 4807 1675 4852 mane
1693 4808 1798 4871 usque

1002 4886 1043 4948 ad
1074 4902 1248 4964 vesperam
1277 4886 1499 4948 succidentur.
1528 4903 1547 4947 s
1577 4889 1647 4949 Nos
1669 4905 1796 4965 sumus,

1002 4984 1060 5061 qui
1081 4983 1242 5045 babemus
1266 4984 1381 5044 domos
1400 4983 1520 5053 luteas,
1544 4984 1673 5048 seilicet
1697 4988 1799 5051 corda

1004 5085 1128 5153 nostra,
1145 5098 1220 5159 quae
1244 5082 1321 5142 sunt
1343 5083 1513 5142 terrenum
1532 5079 1795 5148 fundamentum.

1002 5179 1106 5241 Tinea
1128 5178 1168 5240 de
1194 5181 1287 5239 veste
1310 5178 1471 5249 nascitur,
1501 5180 1534 5239 et
1558 5177 1696 5241 oriendo
1724 5197 1798 5244 earn

1003 5274 1196 5351 corrumpit.
1220 5273 1330 5336 Vestis
1349 5274 1482 5349 animae,
1503 5289 1592 5347 caro,
1616 5276 1704 5340 unde
1725 5295 1799 5342 nas·

1041 5431 1082 5503 (i)
1104 5435 1136 5491 in
1151 5430 1230 5499 edit,
1247 5438 1278 5487 ut
1292 5397 1470 5504 quecunque
1485 5433 1700 5505 germinaverit.

1040 5503 1079 5575 (5)
1100 5502 1205 5560 llomil.
1223 5505 1233 5560 i
1249 5503 1279 5558 iu
1294 5504 1406 5576 Evang.
