<?xml version="1.0" encoding="UTF-8"?>
<!DOCTYPE html PUBLIC "-//W3C//DTD XHTML 1.0 Transitional//EN"
    "http://www.w3.org/TR/xhtml1/DTD/xhtml1-transitional.dtd">
<html xmlns="http://www.w3.org/1999/xhtml" xml:lang="en" lang="en">
 <head>
  <title>
</title>
<meta http-equiv="Content-Type" content="text/html;charset=utf-8" />
  <meta name='ocr-system' content='tesseract 3.04.00' />
  <meta name='ocr-capabilities' content='ocr_page ocr_carea ocr_par ocr_line ocrx_word'/>
</head>
<body>
  <div class='ocr_page' id='page_1' title='image "./mediiaevibiblio09bottgoog_0213.png"; bbox 0 0 3950 6200; ppageno 0'>
   <div class='ocr_carea' id='block_1_1' title="bbox 50 242 1755 395">
    <p class='ocr_par' dir='ltr' id='par_1_1' title="bbox 50 242 1755 395">
     <span class='ocr_line' id='line_1_1' title="bbox 50 242 1755 395; baseline 0.008 -42"><span class='ocrx_word' id='word_1_1' title='bbox 50 242 52 265; x_wconf 13' lang='grc' dir='ltr'>ἱ</span> <span class='ocrx_word' id='word_1_2' title='bbox 123 294 168 356; x_wconf 80' lang='lat' dir='ltr'>ier</span> <span class='ocrx_word' id='word_1_3' title='bbox 677 297 1001 359; x_wconf 78' lang='lat' dir='ltr'>rnouneounua.</span> <span class='ocrx_word' id='word_1_4' title='bbox 1023 327 1064 344; x_wconf 89' lang='lat'><em>-</em></span> <span class='ocrx_word' id='word_1_5' title='bbox 1085 296 1193 360; x_wconf 75' lang='lat' dir='ltr'>vira.</span> <span class='ocrx_word' id='word_1_6' title='bbox 1599 390 1601 395; x_wconf 65' lang='lat'>,</span> <span class='ocrx_word' id='word_1_7' title='bbox 1695 304 1755 367; x_wconf 83' lang='lat'>158</span> 
     </span>
    </p>
   </div>
   <div class='ocr_carea' id='block_1_2' title="bbox 51 454 1758 2187">
    <p class='ocr_par' dir='ltr' id='par_1_2' title="bbox 51 454 1758 1902">
     <span class='ocr_line' id='line_1_2' title="bbox 154 454 1758 540; baseline 0.006 -25"><span class='ocrx_word' id='word_1_8' title='bbox 154 456 247 516; x_wconf 83' lang='lat' dir='ltr'>Porro</span> <span class='ocrx_word' id='word_1_9' title='bbox 262 454 499 520; x_wconf 83' lang='lat' dir='ltr'>sicutririste</span> <span class='ocrx_word' id='word_1_10' title='bbox 512 454 629 521; x_wconf 83' lang='lat' dir='ltr'>beatus</span> <span class='ocrx_word' id='word_1_11' title='bbox 651 457 812 520; x_wconf 88' lang='lat' dir='ltr'>mirandis</span> <span class='ocrx_word' id='word_1_12' title='bbox 829 459 903 520; x_wconf 83' lang='lat' dir='ltr'>vir·</span> <span class='ocrx_word' id='word_1_13' title='bbox 960 459 1085 522; x_wconf 85' lang='lat' dir='ltr'>arcitus</span> <span class='ocrx_word' id='word_1_14' title='bbox 1099 460 1240 522; x_wconf 89' lang='lat' dir='ltr'>Domino</span> <span class='ocrx_word' id='word_1_15' title='bbox 1261 459 1432 539; x_wconf 82' lang='lat' dir='ltr'>militaret.</span> <span class='ocrx_word' id='word_1_16' title='bbox 1456 461 1521 524; x_wconf 86' lang='lat' dir='ltr'>Sed</span> <span class='ocrx_word' id='word_1_17' title='bbox 1542 463 1611 524; x_wconf 88' lang='lat' dir='ltr'>eta</span> <span class='ocrx_word' id='word_1_18' title='bbox 1628 461 1758 540; x_wconf 89' lang='lat' dir='ltr'>princi·</span> 
     </span>
     <span class='ocr_line' id='line_1_3' title="bbox 129 551 1758 637; baseline 0.004 -22"><span class='ocrx_word' id='word_1_19' title='bbox 129 555 211 615; x_wconf 84' lang='lat' dir='ltr'>ntum</span> <span class='ocrx_word' id='word_1_20' title='bbox 232 551 342 629; x_wconf 88' lang='lat' dir='ltr'>signis</span> <span class='ocrx_word' id='word_1_21' title='bbox 370 555 408 615; x_wconf 94' lang='lat' dir='ltr'>in</span> <span class='ocrx_word' id='word_1_22' title='bbox 432 556 503 617; x_wconf 87' lang='lat' dir='ltr'>vita</span> <span class='ocrx_word' id='word_1_23' title='bbox 528 555 713 627; x_wconf 79' lang='lat' dir='ltr'><strong>claruerat,</strong></span> <span class='ocrx_word' id='word_1_24' title='bbox 739 556 787 616; x_wconf 91' lang='lat' dir='ltr'>sic</span> <span class='ocrx_word' id='word_1_25' title='bbox 809 571 830 616; x_wconf 90' lang='lat' dir='ltr'>a</span> <span class='ocrx_word' id='word_1_26' title='bbox 851 555 905 616; x_wconf 91' lang='lat' dir='ltr'>die</span> <span class='ocrx_word' id='word_1_27' title='bbox 960 557 1015 633; x_wconf 93' lang='lat' dir='ltr'>pio</span> <span class='ocrx_word' id='word_1_28' title='bbox 1028 557 1189 635; x_wconf 87' lang='lat' dir='ltr'>temporis</span> <span class='ocrx_word' id='word_1_29' title='bbox 1200 573 1264 635; x_wconf 87' lang='lat' dir='ltr'>quo</span> <span class='ocrx_word' id='word_1_30' title='bbox 1274 558 1440 621; x_wconf 82' lang='lat' dir='ltr'>Crucidxo</span> <span class='ocrx_word' id='word_1_31' title='bbox 1453 559 1598 621; x_wconf 85' lang='lat' dir='ltr'>militare</span> <span class='ocrx_word' id='word_1_32' title='bbox 1609 561 1758 637; x_wconf 88' lang='lat' dir='ltr'>coeperat</span> 
     </span>
     <span class='ocr_line' id='line_1_4' title="bbox 131 650 1754 733; baseline 0.003 -20"><span class='ocrx_word' id='word_1_33' title='bbox 131 650 266 713; x_wconf 80' lang='lat' dir='ltr'>hansitus</span> <span class='ocrx_word' id='word_1_34' title='bbox 279 651 335 712; x_wconf 89' lang='lat' dir='ltr'>sui</span> <span class='ocrx_word' id='word_1_35' title='bbox 351 653 507 730; x_wconf 87' lang='lat' dir='ltr'>usquein</span> <span class='ocrx_word' id='word_1_36' title='bbox 519 669 668 731; x_wconf 82' lang='lat' dir='ltr'>praesens</span> <span class='ocrx_word' id='word_1_37' title='bbox 680 652 904 729; x_wconf 83' lang='lat' dir='ltr'>perdiversas</span> <span class='ocrx_word' id='word_1_38' title='bbox 959 653 1094 715; x_wconf 77' lang='lat' dir='ltr'>diversa</span> <span class='ocrx_word' id='word_1_39' title='bbox 1116 654 1205 715; x_wconf 87' lang='lat' dir='ltr'>circa</span> <span class='ocrx_word' id='word_1_40' title='bbox 1224 670 1299 715; x_wconf 90' lang='lat' dir='ltr'>eum</span> <span class='ocrx_word' id='word_1_41' title='bbox 1324 655 1433 716; x_wconf 92' lang='lat' dir='ltr'>crucis</span> <span class='ocrx_word' id='word_1_42' title='bbox 1449 655 1633 732; x_wconf 88' lang='lat' dir='ltr'>perfulsere</span> <span class='ocrx_word' id='word_1_43' title='bbox 1657 671 1754 733; x_wconf 90' lang='lat' dir='ltr'>mys-</span> 
     </span>
     <span class='ocr_line' id='line_1_5' title="bbox 133 748 1757 827; baseline 0.002 -17"><span class='ocrx_word' id='word_1_44' title='bbox 133 748 222 810; x_wconf 89' lang='lat' dir='ltr'>nundi</span> <span class='ocrx_word' id='word_1_45' title='bbox 242 750 357 825; x_wconf 86' lang='lat' dir='ltr'>partes</span> <span class='ocrx_word' id='word_1_46' title='bbox 372 750 546 825; x_wconf 86' lang='lat' dir='ltr'>praeclaris</span> <span class='ocrx_word' id='word_1_47' title='bbox 566 750 806 813; x_wconf 82' lang='lat' dir='ltr'>miraculorum</span> <span class='ocrx_word' id='word_1_48' title='bbox 823 765 905 827; x_wconf 91' lang='lat' dir='ltr'>pro·</span> <span class='ocrx_word' id='word_1_49' title='bbox 958 750 1055 821; x_wconf 89' lang='lat' dir='ltr'>teria,</span> <span class='ocrx_word' id='word_1_50' title='bbox 1072 751 1159 812; x_wconf 90' lang='lat' dir='ltr'>sicut</span> <span class='ocrx_word' id='word_1_51' title='bbox 1177 750 1255 812; x_wconf 78' lang='lat' dir='ltr'>ritae</span> <span class='ocrx_word' id='word_1_52' title='bbox 1279 752 1385 827; x_wconf 90' lang='lat' dir='ltr'>ipsius</span> <span class='ocrx_word' id='word_1_53' title='bbox 1400 752 1626 813; x_wconf 83' lang='lat' dir='ltr'>consideranti</span> <span class='ocrx_word' id='word_1_54' title='bbox 1640 752 1757 814; x_wconf 90' lang='lat' dir='ltr'>decur-</span> 
     </span>
     <span class='ocr_line' id='line_1_6' title="bbox 133 845 1755 927; baseline 0.003 -20"><span class='ocrx_word' id='word_1_55' title='bbox 133 846 219 921; x_wconf 81' lang='lat' dir='ltr'>ligiis,</span> <span class='ocrx_word' id='word_1_56' title='bbox 239 845 354 906; x_wconf 76' lang='lat' dir='ltr'>divina</span> <span class='ocrx_word' id='word_1_57' title='bbox 379 861 416 907; x_wconf 88' lang='lat' dir='ltr'>se</span> <span class='ocrx_word' id='word_1_58' title='bbox 438 847 586 923; x_wconf 88' lang='lat' dir='ltr'>potentia</span> <span class='ocrx_word' id='word_1_59' title='bbox 606 847 904 923; x_wconf 70' lang='lat' dir='ltr'>glorificantem·</span> <span class='ocrx_word' id='word_1_60' title='bbox 959 863 1033 907; x_wconf 88' lang='lat' dir='ltr'>sum</span> <span class='ocrx_word' id='word_1_61' title='bbox 1048 847 1172 908; x_wconf 86' lang='lat' dir='ltr'>clarius</span> <span class='ocrx_word' id='word_1_62' title='bbox 1183 847 1374 920; x_wconf 86' lang='lat' dir='ltr'>innotescit,</span> <span class='ocrx_word' id='word_1_63' title='bbox 1387 849 1531 926; x_wconf 80' lang='lat' dir='ltr'>qualiter</span> <span class='ocrx_word' id='word_1_64' title='bbox 1543 850 1755 927; x_wconf 80' lang='lat' dir='ltr'>apparitione</span> 
     </span>
     <span class='ocr_line' id='line_1_7' title="bbox 132 942 1753 1022; baseline 0.003 -19"><span class='ocrx_word' id='word_1_65' title='bbox 132 943 231 1004; x_wconf 81' lang='lat' dir='ltr'>rescat.</span> <span class='ocrx_word' id='word_1_66' title='bbox 265 944 354 1004; x_wconf 90' lang='lat' dir='ltr'>Nam</span> <span class='ocrx_word' id='word_1_67' title='bbox 389 943 489 1005; x_wconf 86' lang='lat' dir='ltr'>caecis</span> <span class='ocrx_word' id='word_1_68' title='bbox 524 946 557 1005; x_wconf 89' lang='lat' dir='ltr'>et</span> <span class='ocrx_word' id='word_1_69' title='bbox 592 945 714 1017; x_wconf 88' lang='lat' dir='ltr'>surdis,</span> <span class='ocrx_word' id='word_1_70' title='bbox 743 946 842 1006; x_wconf 90' lang='lat' dir='ltr'>mutis</span> <span class='ocrx_word' id='word_1_71' title='bbox 872 944 904 1005; x_wconf 91' lang='lat' dir='ltr'>et</span> <span class='ocrx_word' id='word_1_72' title='bbox 958 942 1070 1005; x_wconf 89' lang='lat' dir='ltr'>crucis</span> <span class='ocrx_word' id='word_1_73' title='bbox 1084 945 1266 1007; x_wconf 84' lang='lat' dir='ltr'>Dominicae</span> <span class='ocrx_word' id='word_1_74' title='bbox 1288 945 1484 1021; x_wconf 80' lang='lat' dir='ltr'>septiformi,</span> <span class='ocrx_word' id='word_1_75' title='bbox 1504 950 1573 1008; x_wconf 91' lang='lat' dir='ltr'>tam</span> <span class='ocrx_word' id='word_1_76' title='bbox 1593 948 1753 1022; x_wconf 89' lang='lat' dir='ltr'>cogitatu,</span> 
     </span>
     <span class='ocr_line' id='line_1_8' title="bbox 132 1039 1754 1118; baseline 0.002 -16"><span class='ocrx_word' id='word_1_77' title='bbox 132 1040 250 1109; x_wconf 86' lang='lat' dir='ltr'>claudis,</span> <span class='ocrx_word' id='word_1_78' title='bbox 274 1039 469 1118; x_wconf 81' lang='lat' dir='ltr'>hydropicis</span> <span class='ocrx_word' id='word_1_79' title='bbox 491 1042 525 1102; x_wconf 90' lang='lat' dir='ltr'>et</span> <span class='ocrx_word' id='word_1_80' title='bbox 544 1041 751 1118; x_wconf 83' lang='lat' dir='ltr'>paralyticis,</span> <span class='ocrx_word' id='word_1_81' title='bbox 776 1041 903 1102; x_wconf 83' lang='lat' dir='ltr'>daemo—</span> <span class='ocrx_word' id='word_1_82' title='bbox 960 1056 1059 1118; x_wconf 86' lang='lat' dir='ltr'>quam</span> <span class='ocrx_word' id='word_1_83' title='bbox 1073 1041 1196 1104; x_wconf 84' lang='lat' dir='ltr'>affectu</span> <span class='ocrx_word' id='word_1_84' title='bbox 1211 1042 1244 1104; x_wconf 85' lang='lat' dir='ltr'>et</span> <span class='ocrx_word' id='word_1_85' title='bbox 1260 1044 1347 1115; x_wconf 89' lang='lat' dir='ltr'>actu,</span> <span class='ocrx_word' id='word_1_86' title='bbox 1364 1044 1453 1105; x_wconf 90' lang='lat' dir='ltr'>totus</span> <span class='ocrx_word' id='word_1_87' title='bbox 1466 1043 1529 1105; x_wconf 91' lang='lat' dir='ltr'>fuit</span> <span class='ocrx_word' id='word_1_88' title='bbox 1543 1044 1578 1105; x_wconf 92' lang='lat' dir='ltr'>in</span> <span class='ocrx_word' id='word_1_89' title='bbox 1593 1044 1754 1106; x_wconf 81' lang='lat' dir='ltr'>crucifixi</span> 
     </span>
     <span class='ocr_line' id='line_1_9' title="bbox 130 1136 1756 1217; baseline 0.003 -18"><span class='ocrx_word' id='word_1_90' title='bbox 130 1138 218 1199; x_wconf 83' lang='lat' dir='ltr'>aiacis</span> <span class='ocrx_word' id='word_1_91' title='bbox 243 1138 276 1199; x_wconf 90' lang='lat' dir='ltr'>et</span> <span class='ocrx_word' id='word_1_92' title='bbox 303 1136 458 1213; x_wconf 87' lang='lat' dir='ltr'>leprosis,</span> <span class='ocrx_word' id='word_1_93' title='bbox 488 1137 661 1214; x_wconf 89' lang='lat' dir='ltr'>naufragis</span> <span class='ocrx_word' id='word_1_94' title='bbox 690 1139 723 1201; x_wconf 88' lang='lat' dir='ltr'>et</span> <span class='ocrx_word' id='word_1_95' title='bbox 750 1138 902 1215; x_wconf 77' lang='lat' dir='ltr'>captivis,</span> <span class='ocrx_word' id='word_1_96' title='bbox 958 1138 1114 1214; x_wconf 87' lang='lat' dir='ltr'>effigiem,</span> <span class='ocrx_word' id='word_1_97' title='bbox 1141 1155 1201 1216; x_wconf 90' lang='lat' dir='ltr'>per</span> <span class='ocrx_word' id='word_1_98' title='bbox 1224 1139 1330 1217; x_wconf 88' lang='lat' dir='ltr'>ipsius</span> <span class='ocrx_word' id='word_1_99' title='bbox 1366 1141 1558 1203; x_wconf 87' lang='lat' dir='ltr'>ecstaticum</span> <span class='ocrx_word' id='word_1_100' title='bbox 1590 1142 1756 1204; x_wconf 88' lang='lat' dir='ltr'>transfor-</span> 
     </span>
     <span class='ocr_line' id='line_1_10' title="bbox 129 1235 1753 1316; baseline 0.004 -20"><span class='ocrx_word' id='word_1_101' title='bbox 129 1235 217 1312; x_wconf 84' lang='lat' dir='ltr'>ipsius</span> <span class='ocrx_word' id='word_1_102' title='bbox 236 1235 365 1297; x_wconf 88' lang='lat' dir='ltr'>meritis</span> <span class='ocrx_word' id='word_1_103' title='bbox 389 1236 537 1298; x_wconf 89' lang='lat' dir='ltr'>remedia</span> <span class='ocrx_word' id='word_1_104' title='bbox 552 1235 779 1308; x_wconf 87' lang='lat' dir='ltr'>conferuntur,</span> <span class='ocrx_word' id='word_1_105' title='bbox 796 1236 905 1297; x_wconf 87' lang='lat' dir='ltr'>omni·</span> <span class='ocrx_word' id='word_1_106' title='bbox 959 1239 1069 1298; x_wconf 90' lang='lat' dir='ltr'>matus</span> <span class='ocrx_word' id='word_1_107' title='bbox 1093 1252 1252 1299; x_wconf 88' lang='lat' dir='ltr'>amorem.</span> <span class='ocrx_word' id='word_1_108' title='bbox 1280 1238 1386 1315; x_wconf 85' lang='lat' dir='ltr'>Digne</span> <span class='ocrx_word' id='word_1_109' title='bbox 1401 1238 1504 1313; x_wconf 84' lang='lat' dir='ltr'>igitur</span> <span class='ocrx_word' id='word_1_110' title='bbox 1516 1240 1635 1300; x_wconf 86' lang='lat' dir='ltr'>summi</span> <span class='ocrx_word' id='word_1_111' title='bbox 1651 1240 1753 1316; x_wconf 88' lang='lat' dir='ltr'>Regis</span> 
     </span>
     <span class='ocr_line' id='line_1_11' title="bbox 129 1331 1756 1410; baseline 0.004 -18"><span class='ocrx_word' id='word_1_112' title='bbox 129 1331 235 1409; x_wconf 85' lang='lat' dir='ltr'>busque</span> <span class='ocrx_word' id='word_1_113' title='bbox 255 1332 391 1405; x_wconf 87' lang='lat' dir='ltr'>morbis,</span> <span class='ocrx_word' id='word_1_114' title='bbox 413 1333 671 1395; x_wconf 87' lang='lat' dir='ltr'>necessitatibus</span> <span class='ocrx_word' id='word_1_115' title='bbox 695 1333 727 1396; x_wconf 91' lang='lat' dir='ltr'>et</span> <span class='ocrx_word' id='word_1_116' title='bbox 744 1333 904 1410; x_wconf 87' lang='lat' dir='ltr'>periculis</span> <span class='ocrx_word' id='word_1_117' title='bbox 959 1333 1137 1396; x_wconf 91' lang='lat' dir='ltr'>clementia</span> <span class='ocrx_word' id='word_1_118' title='bbox 1147 1335 1218 1395; x_wconf 90' lang='lat' dir='ltr'>suis</span> <span class='ocrx_word' id='word_1_119' title='bbox 1230 1335 1434 1397; x_wconf 87' lang='lat' dir='ltr'>amatoribus</span> <span class='ocrx_word' id='word_1_120' title='bbox 1445 1336 1533 1397; x_wconf 90' lang='lat' dir='ltr'>ultra</span> <span class='ocrx_word' id='word_1_121' title='bbox 1546 1351 1676 1399; x_wconf 88' lang='lat' dir='ltr'>omnem</span> <span class='ocrx_word' id='word_1_122' title='bbox 1689 1353 1756 1399; x_wconf 80' lang='lat' dir='ltr'>aes-</span> 
     </span>
     <span class='ocr_line' id='line_1_12' title="bbox 130 1428 1754 1508; baseline 0.004 -18"><span class='ocrx_word' id='word_1_123' title='bbox 130 1428 314 1490; x_wconf 81' lang='lat' dir='ltr'>subvenitur.</span> <span class='ocrx_word' id='word_1_124' title='bbox 339 1429 402 1491; x_wconf 88' lang='lat' dir='ltr'>Sed</span> <span class='ocrx_word' id='word_1_125' title='bbox 422 1432 457 1492; x_wconf 86' lang='lat' dir='ltr'>et</span> <span class='ocrx_word' id='word_1_126' title='bbox 470 1431 581 1493; x_wconf 88' lang='lat' dir='ltr'>multis</span> <span class='ocrx_word' id='word_1_127' title='bbox 604 1432 744 1494; x_wconf 85' lang='lat' dir='ltr'>mortuis</span> <span class='ocrx_word' id='word_1_128' title='bbox 764 1429 904 1497; x_wconf 84' lang='lat' dir='ltr'>mirifice</span> <span class='ocrx_word' id='word_1_129' title='bbox 957 1432 1165 1493; x_wconf 85' lang='lat' dir='ltr'>limationem</span> <span class='ocrx_word' id='word_1_130' title='bbox 1195 1432 1367 1494; x_wconf 88' lang='lat' dir='ltr'>hominurn</span> <span class='ocrx_word' id='word_1_131' title='bbox 1387 1433 1667 1508; x_wconf 86' lang='lat' dir='ltr'>condescendens,</span> <span class='ocrx_word' id='word_1_132' title='bbox 1685 1450 1754 1497; x_wconf 83' lang='lat' dir='ltr'>suae</span> 
     </span>
     <span class='ocr_line' id='line_1_13' title="bbox 129 1527 1755 1606; baseline 0.005 -21"><span class='ocrx_word' id='word_1_133' title='bbox 129 1541 177 1603; x_wconf 89' lang='lat' dir='ltr'>per</span> <span class='ocrx_word' id='word_1_134' title='bbox 200 1527 303 1602; x_wconf 89' lang='lat' dir='ltr'>ipsum</span> <span class='ocrx_word' id='word_1_135' title='bbox 326 1528 509 1600; x_wconf 83' lang='lat' dir='ltr'>suscitatis,</span> <span class='ocrx_word' id='word_1_136' title='bbox 530 1528 709 1591; x_wconf 87' lang='lat' dir='ltr'>innotescit</span> <span class='ocrx_word' id='word_1_137' title='bbox 737 1527 901 1601; x_wconf 86' lang='lat' dir='ltr'>fidelihus,</span> <span class='ocrx_word' id='word_1_138' title='bbox 958 1529 1069 1592; x_wconf 88' lang='lat' dir='ltr'>crucis</span> <span class='ocrx_word' id='word_1_139' title='bbox 1083 1530 1246 1591; x_wconf 81' lang='lat' dir='ltr'>vexillum</span> <span class='ocrx_word' id='word_1_140' title='bbox 1262 1530 1368 1606; x_wconf 91' lang='lat' dir='ltr'>ipsius</span> <span class='ocrx_word' id='word_1_141' title='bbox 1393 1531 1526 1606; x_wconf 89' lang='lat' dir='ltr'>corpori</span> <span class='ocrx_word' id='word_1_142' title='bbox 1540 1531 1755 1594; x_wconf 89' lang='lat' dir='ltr'>deferendum</span> 
     </span>
     <span class='ocr_line' id='line_1_14' title="bbox 129 1622 1755 1704; baseline 0.006 -22"><span class='ocrx_word' id='word_1_143' title='bbox 129 1622 293 1685; x_wconf 85' lang='lat' dir='ltr'>mirificans</span> <span class='ocrx_word' id='word_1_144' title='bbox 325 1626 477 1687; x_wconf 88' lang='lat' dir='ltr'>sanctum</span> <span class='ocrx_word' id='word_1_145' title='bbox 512 1642 620 1697; x_wconf 87' lang='lat' dir='ltr'>suurn,</span> <span class='ocrx_word' id='word_1_146' title='bbox 655 1625 904 1703; x_wconf 86' lang='lat' dir='ltr'>magnificentia</span> <span class='ocrx_word' id='word_1_147' title='bbox 958 1626 1158 1703; x_wconf 85' lang='lat' dir='ltr'>impressit:</span> <span class='ocrx_word' id='word_1_148' title='bbox 1185 1628 1223 1689; x_wconf 88' lang='lat' dir='ltr'>ut</span> <span class='ocrx_word' id='word_1_149' title='bbox 1249 1627 1307 1704; x_wconf 92' lang='lat' dir='ltr'>qui</span> <span class='ocrx_word' id='word_1_150' title='bbox 1326 1626 1478 1689; x_wconf 90' lang='lat' dir='ltr'>mirando</span> <span class='ocrx_word' id='word_1_151' title='bbox 1501 1627 1613 1701; x_wconf 84' lang='lat' dir='ltr'>fuerat</span> <span class='ocrx_word' id='word_1_152' title='bbox 1643 1630 1755 1691; x_wconf 86' lang='lat' dir='ltr'>crucis</span> 
     </span>
     <span class='ocr_line' id='line_1_15' title="bbox 51 1720 1757 1801; baseline 0.005 -21"><span class='ocrx_word' id='word_1_153' title='bbox 51 1794 54 1795; x_wconf 16' lang='lat'><em>⁷</em></span> <span class='ocrx_word' id='word_1_154' title='bbox 129 1720 243 1781; x_wconf 71' lang='lat' dir='ltr'>virtutis</span> <span class='ocrx_word' id='word_1_155' title='bbox 266 1721 441 1794; x_wconf 75' lang='lat' dir='ltr'>altissimi,</span> <span class='ocrx_word' id='word_1_156' title='bbox 463 1722 516 1784; x_wconf 92' lang='lat' dir='ltr'>cui</span> <span class='ocrx_word' id='word_1_157' title='bbox 541 1727 594 1785; x_wconf 88' lang='lat' dir='ltr'>est</span> <span class='ocrx_word' id='word_1_158' title='bbox 613 1724 720 1784; x_wconf 91' lang='lat' dir='ltr'>honor</span> <span class='ocrx_word' id='word_1_159' title='bbox 739 1726 774 1785; x_wconf 89' lang='lat' dir='ltr'>et</span> <span class='ocrx_word' id='word_1_160' title='bbox 795 1723 904 1800; x_wconf 90' lang='lat' dir='ltr'>gloria</span> <span class='ocrx_word' id='word_1_161' title='bbox 952 1721 1073 1785; x_wconf 81' lang='lat' dir='ltr'>‘amore</span> <span class='ocrx_word' id='word_1_162' title='bbox 1109 1725 1310 1801; x_wconf 86' lang='lat' dir='ltr'>praeventus,</span> <span class='ocrx_word' id='word_1_163' title='bbox 1349 1720 1501 1786; x_wconf 84' lang='lat' dir='ltr'>mirando</span> <span class='ocrx_word' id='word_1_164' title='bbox 1530 1726 1631 1787; x_wconf 88' lang='lat' dir='ltr'>etiam</span> <span class='ocrx_word' id='word_1_165' title='bbox 1659 1726 1757 1789; x_wconf 88' lang='lat' dir='ltr'>deret</span> 
     </span>
     <span class='ocr_line' id='line_1_16' title="bbox 62 1802 1754 1902; baseline 0.004 -24"><span class='ocrx_word' id='word_1_166' title='bbox 62 1802 64 1851; x_wconf 44' lang='grc' dir='ltr'><strong><em>ἶ</em></strong></span> <span class='ocrx_word' id='word_1_167' title='bbox 128 1817 310 1893; x_wconf 78' lang='lat' dir='ltr'>pertundite</span> <span class='ocrx_word' id='word_1_168' title='bbox 322 1819 446 1881; x_wconf 87' lang='lat' dir='ltr'>saecula</span> <span class='ocrx_word' id='word_1_169' title='bbox 459 1820 668 1884; x_wconf 73' lang='lat' dir='ltr'>saeculorum.</span> <span class='ocrx_word' id='word_1_170' title='bbox 682 1824 788 1883; x_wconf 81' lang='lat' dir='ltr'>Amen</span> <span class='ocrx_word' id='word_1_171' title='bbox 800 1819 862 1900; x_wconf 86' lang='lat'><strong>(1).</strong></span> <span class='ocrx_word' id='word_1_172' title='bbox 959 1821 1069 1882; x_wconf 89' lang='lat' dir='ltr'>crucis</span> <span class='ocrx_word' id='word_1_173' title='bbox 1081 1821 1208 1883; x_wconf 85' lang='lat' dir='ltr'>honore</span> <span class='ocrx_word' id='word_1_174' title='bbox 1226 1821 1399 1883; x_wconf 86' lang='lat' dir='ltr'>mirificus.</span> <span class='ocrx_word' id='word_1_175' title='bbox 1415 1822 1464 1885; x_wconf 82' lang='lat' dir='ltr'>Ad</span> <span class='ocrx_word' id='word_1_176' title='bbox 1481 1822 1581 1899; x_wconf 89' lang='lat' dir='ltr'>hujus</span> <span class='ocrx_word' id='word_1_177' title='bbox 1600 1824 1754 1902; x_wconf 87' lang='lat' dir='ltr'>stupendi</span> 
     </span>
    </p>

    <p class='ocr_par' dir='ltr' id='par_1_3' title="bbox 419 1917 1753 2187">
     <span class='ocr_line' id='line_1_17' title="bbox 958 1917 1753 1995; baseline 0.006 -16"><span class='ocrx_word' id='word_1_178' title='bbox 958 1918 1114 1980; x_wconf 81' lang='lat' dir='ltr'>miraculi</span> <span class='ocrx_word' id='word_1_179' title='bbox 1132 1917 1400 1995; x_wconf 79' lang='lat' dir='ltr'>irrefragabilem</span> <span class='ocrx_word' id='word_1_180' title='bbox 1413 1920 1615 1993; x_wconf 81' lang='lat' dir='ltr'>firmitatem,</span> <span class='ocrx_word' id='word_1_181' title='bbox 1628 1937 1753 1984; x_wconf 81' lang='lat' dir='ltr'>noneo-</span> 
     </span>
     <span class='ocr_line' id='line_1_18' title="bbox 957 2012 1751 2092; baseline 0.008 -19"><span class='ocrx_word' id='word_1_182' title='bbox 957 2012 1027 2077; x_wconf 88' lang='lat' dir='ltr'>lum</span> <span class='ocrx_word' id='word_1_183' title='bbox 1051 2013 1235 2076; x_wconf 84' lang='lat' dir='ltr'>videntium</span> <span class='ocrx_word' id='word_1_184' title='bbox 1259 2015 1293 2076; x_wconf 92' lang='lat' dir='ltr'>et</span> <span class='ocrx_word' id='word_1_185' title='bbox 1319 2015 1528 2092; x_wconf 88' lang='lat' dir='ltr'>palpantium</span> <span class='ocrx_word' id='word_1_186' title='bbox 1548 2017 1751 2090; x_wconf 90' lang='lat' dir='ltr'>testimonia,</span> 
     </span>
     <span class='ocr_line' id='line_1_19' title="bbox 419 2102 1752 2187; baseline 0.005 -17"><span class='ocrx_word' id='word_1_187' title='bbox 419 2102 595 2151; x_wconf 78' lang='lat' dir='ltr'>mcmmur</span> <span class='ocrx_word' id='word_1_188' title='bbox 957 2126 1161 2187; x_wconf 88' lang='lat' dir='ltr'>peromnem</span> <span class='ocrx_word' id='word_1_189' title='bbox 1183 2111 1316 2173; x_wconf 92' lang='lat' dir='ltr'>modum</span> <span class='ocrx_word' id='word_1_190' title='bbox 1331 2113 1752 2187; x_wconf 81' lang='lat' dir='ltr'>credibilia,rerumetiam</span> 
     </span>
    </p>
   </div>
   <div class='ocr_carea' id='block_1_3' title="bbox 205 2209 1754 2378">
    <p class='ocr_par' dir='ltr' id='par_1_4' title="bbox 205 2209 1754 2378">
     <span class='ocr_line' id='line_1_20' title="bbox 205 2209 1753 2310; baseline -0.023 -16"><span class='ocrx_word' id='word_1_191' title='bbox 205 2238 418 2310; x_wconf 74' lang='lat' dir='ltr'><strong>QUAEDAM</strong></span> <span class='ocrx_word' id='word_1_192' title='bbox 453 2241 511 2300; x_wconf 72' lang='lat' dir='ltr'>DE</span> <span class='ocrx_word' id='word_1_193' title='bbox 546 2240 812 2302; x_wconf 64' lang='lat' dir='ltr'><strong>MIRACULIS</strong></span> <span class='ocrx_word' id='word_1_194' title='bbox 957 2209 1185 2284; x_wconf 90' lang='lat' dir='ltr'>apparitiones</span> <span class='ocrx_word' id='word_1_195' title='bbox 1200 2209 1381 2281; x_wconf 90' lang='lat' dir='ltr'>mirabiles,</span> <span class='ocrx_word' id='word_1_196' title='bbox 1399 2211 1586 2273; x_wconf 81' lang='lat' dir='ltr'>etrirtutes</span> <span class='ocrx_word' id='word_1_197' title='bbox 1601 2212 1675 2288; x_wconf 86' lang='lat' dir='ltr'>post</span> <span class='ocrx_word' id='word_1_198' title='bbox 1696 2212 1753 2288; x_wconf 84' lang='lat' dir='ltr'>ip.</span> 
     </span>
     <span class='ocr_line' id='line_1_21' title="bbox 957 2305 1754 2378; baseline 0.004 -12"><span class='ocrx_word' id='word_1_199' title='bbox 957 2305 1028 2366; x_wconf 90' lang='lat' dir='ltr'>sius</span> <span class='ocrx_word' id='word_1_200' title='bbox 1044 2305 1170 2367; x_wconf 90' lang='lat' dir='ltr'>obitum</span> <span class='ocrx_word' id='word_1_201' title='bbox 1195 2308 1422 2378; x_wconf 89' lang='lat' dir='ltr'>coruscantes,</span> <span class='ocrx_word' id='word_1_202' title='bbox 1450 2308 1491 2368; x_wconf 93' lang='lat' dir='ltr'>ad</span> <span class='ocrx_word' id='word_1_203' title='bbox 1516 2324 1612 2370; x_wconf 89' lang='lat' dir='ltr'>omne</span> <span class='ocrx_word' id='word_1_204' title='bbox 1634 2310 1754 2372; x_wconf 89' lang='lat' dir='ltr'>mentis</span> 
     </span>
    </p>
   </div>
   <div class='ocr_carea' id='block_1_4' title="bbox 41 2372 1755 3267">
    <p class='ocr_par' dir='ltr' id='par_1_5' title="bbox 282 2372 1754 2480">
     <span class='ocr_line' id='line_1_22' title="bbox 282 2372 1754 2480; baseline 0.005 -17"><span class='ocrx_word' id='word_1_205' title='bbox 282 2387 385 2479; x_wconf 48' lang='lat' dir='ltr'>‚¹9³¹ss</span> <span class='ocrx_word' id='word_1_206' title='bbox 396 2392 573 2452; x_wconf 78' lang='lat' dir='ltr'>postmortem</span> <span class='ocrx_word' id='word_1_207' title='bbox 585 2372 704 2439; x_wconf 66' lang='lat' dir='ltr'>aalaidis.</span> <span class='ocrx_word' id='word_1_208' title='bbox 957 2401 1171 2479; x_wconf 75' lang='lat' dir='ltr'>adligandum</span> <span class='ocrx_word' id='word_1_209' title='bbox 1195 2403 1346 2464; x_wconf 86' lang='lat' dir='ltr'>nubilum</span> <span class='ocrx_word' id='word_1_210' title='bbox 1366 2404 1604 2480; x_wconf 79' lang='lat' dir='ltr'>suflragantur.</span> <span class='ocrx_word' id='word_1_211' title='bbox 1632 2406 1754 2471; x_wconf 84' lang='lat' dir='ltr'>Felicis</span> 
     </span>
    </p>

    <p class='ocr_par' dir='ltr' id='par_1_6' title="bbox 488 2501 1754 2580">
     <span class='ocr_line' id='line_1_23' title="bbox 488 2501 1754 2580; baseline 0.008 -23"><span class='ocrx_word' id='word_1_212' title='bbox 488 2523 526 2539; x_wconf 90' lang='lat'><em>-</em></span> <span class='ocrx_word' id='word_1_213' title='bbox 956 2515 1100 2577; x_wconf 87' lang='lat' dir='ltr'>namque</span> <span class='ocrx_word' id='word_1_214' title='bbox 1120 2501 1365 2563; x_wconf 89' lang='lat' dir='ltr'>recordationis</span> <span class='ocrx_word' id='word_1_215' title='bbox 1389 2502 1543 2563; x_wconf 87' lang='lat' dir='ltr'>dominus</span> <span class='ocrx_word' id='word_1_216' title='bbox 1572 2504 1754 2580; x_wconf 81' lang='lat' dir='ltr'>Gregorius</span> 
     </span>
    </p>

    <p class='ocr_par' dir='ltr' id='par_1_7' title="bbox 191 2597 1753 2776">
     <span class='ocr_line' id='line_1_24' title="bbox 191 2597 1752 2699; baseline 0.003 -40"><span class='ocrx_word' id='word_1_217' title='bbox 191 2625 240 2682; x_wconf 65' lang='lat' dir='ltr'>De</span> <span class='ocrx_word' id='word_1_218' title='bbox 256 2622 388 2683; x_wconf 52' lang='lat' dir='ltr'>„gryme</span> <span class='ocrx_word' id='word_1_219' title='bbox 404 2635 590 2684; x_wconf 57' lang='lat' dir='ltr'>sacrorum</span> <span class='ocrx_word' id='word_1_220' title='bbox 605 2623 821 2699; x_wconf 47' lang='lat' dir='ltr'>mmmm,</span> <span class='ocrx_word' id='word_1_221' title='bbox 957 2599 1013 2670; x_wconf 84' lang='lat' dir='ltr'>IX,</span> <span class='ocrx_word' id='word_1_222' title='bbox 1040 2598 1082 2660; x_wconf 88' lang='lat' dir='ltr'>de</span> <span class='ocrx_word' id='word_1_223' title='bbox 1102 2614 1166 2675; x_wconf 91' lang='lat' dir='ltr'>quo</span> <span class='ocrx_word' id='word_1_224' title='bbox 1190 2597 1243 2659; x_wconf 82' lang='lat' dir='ltr'>vir</span> <span class='ocrx_word' id='word_1_225' title='bbox 1266 2600 1403 2660; x_wconf 87' lang='lat' dir='ltr'>sauctus</span> <span class='ocrx_word' id='word_1_226' title='bbox 1418 2600 1645 2676; x_wconf 88' lang='lat' dir='ltr'>prophetando</span> <span class='ocrx_word' id='word_1_227' title='bbox 1660 2618 1752 2678; x_wconf 87' lang='lat' dir='ltr'>prae-</span> 
     </span>
     <span class='ocr_line' id='line_1_25' title="bbox 957 2695 1753 2776; baseline 0.009 -20"><span class='ocrx_word' id='word_1_228' title='bbox 957 2695 1101 2768; x_wconf 81' lang='lat' dir='ltr'>dixerat,</span> <span class='ocrx_word' id='word_1_229' title='bbox 1117 2695 1205 2773; x_wconf 85' lang='lat' dir='ltr'>quod</span> <span class='ocrx_word' id='word_1_230' title='bbox 1219 2695 1260 2756; x_wconf 91' lang='lat' dir='ltr'>ad</span> <span class='ocrx_word' id='word_1_231' title='bbox 1286 2695 1481 2772; x_wconf 83' lang='lat' dir='ltr'>dignitatem</span> <span class='ocrx_word' id='word_1_232' title='bbox 1500 2697 1586 2760; x_wconf 90' lang='lat' dir='ltr'>foret</span> <span class='ocrx_word' id='word_1_233' title='bbox 1607 2701 1753 2776; x_wconf 86' lang='lat' dir='ltr'>Aposto-</span> 
     </span>
    </p>

    <p class='ocr_par' dir='ltr' id='par_1_8' title="bbox 41 2792 1755 3267">
     <span class='ocr_line' id='line_1_26' title="bbox 153 2792 1752 2876; baseline 0.005 -25.411"><span class='ocrx_word' id='word_1_234' title='bbox 153 2797 198 2858; x_wconf 83' lang='lat' dir='ltr'>sd</span> <span class='ocrx_word' id='word_1_235' title='bbox 213 2798 447 2875; x_wconf 88' lang='lat' dir='ltr'>omnipotentis</span> <span class='ocrx_word' id='word_1_236' title='bbox 459 2798 518 2859; x_wconf 87' lang='lat' dir='ltr'>Dei</span> <span class='ocrx_word' id='word_1_237' title='bbox 531 2799 703 2870; x_wconf 89' lang='lat' dir='ltr'>honorem,</span> <span class='ocrx_word' id='word_1_238' title='bbox 714 2800 747 2860; x_wconf 89' lang='lat' dir='ltr'>et</span> <span class='ocrx_word' id='word_1_239' title='bbox 760 2799 902 2876; x_wconf 86' lang='lat' dir='ltr'>gloriam</span> <span class='ocrx_word' id='word_1_240' title='bbox 957 2792 1058 2855; x_wconf 90' lang='lat' dir='ltr'>licam</span> <span class='ocrx_word' id='word_1_241' title='bbox 1073 2792 1315 2866; x_wconf 86' lang='lat' dir='ltr'>sublimandus,</span> <span class='ocrx_word' id='word_1_242' title='bbox 1327 2795 1506 2871; x_wconf 86' lang='lat' dir='ltr'>antequam</span> <span class='ocrx_word' id='word_1_243' title='bbox 1517 2797 1628 2858; x_wconf 89' lang='lat' dir='ltr'>crucis</span> <span class='ocrx_word' id='word_1_244' title='bbox 1642 2798 1752 2874; x_wconf 90' lang='lat' dir='ltr'>signi·</span> 
     </span>
     <span class='ocr_line' id='line_1_27' title="bbox 117 2889 1753 2972; baseline 0.008 -17.379"><span class='ocrx_word' id='word_1_245' title='bbox 117 2890 199 2955; x_wconf 87' lang='lat' dir='ltr'>beati</span> <span class='ocrx_word' id='word_1_246' title='bbox 218 2896 320 2971; x_wconf 89' lang='lat' dir='ltr'>patris</span> <span class='ocrx_word' id='word_1_247' title='bbox 334 2896 518 2957; x_wconf 83' lang='lat' dir='ltr'>Francisci.</span> <span class='ocrx_word' id='word_1_248' title='bbox 536 2896 614 2958; x_wconf 88' lang='lat' dir='ltr'>Post</span> <span class='ocrx_word' id='word_1_249' title='bbox 625 2896 902 2972; x_wconf 85' lang='lat' dir='ltr'>glorificationem</span> <span class='ocrx_word' id='word_1_250' title='bbox 958 2889 1065 2953; x_wconf 89' lang='lat' dir='ltr'>ferum</span> <span class='ocrx_word' id='word_1_251' title='bbox 1074 2892 1227 2967; x_wconf 76' lang='lat' dir='ltr'>catalogo</span> <span class='ocrx_word' id='word_1_252' title='bbox 1238 2892 1430 2953; x_wconf 73' lang='lat' dir='ltr'>sanctorum</span> <span class='ocrx_word' id='word_1_253' title='bbox 1438 2892 1653 2967; x_wconf 44' lang='lat' dir='ltr'>adscribet&amp;</span> <span class='ocrx_word' id='word_1_254' title='bbox 1662 2912 1753 2957; x_wconf 70' lang='lat' dir='ltr'><strong>scru-</strong></span> 
     </span>
     <span class='ocr_line' id='line_1_28' title="bbox 41 2989 1755 3071; baseline 0.005 -24"><span class='ocrx_word' id='word_1_255' title='bbox 41 2995 42 3036; x_wconf 60' lang='lat' dir='ltr'>i</span> <span class='ocrx_word' id='word_1_256' title='bbox 117 2989 218 3067; x_wconf 83' lang='lat' dir='ltr'>ipsius</span> <span class='ocrx_word' id='word_1_257' title='bbox 231 2992 264 3053; x_wconf 88' lang='lat' dir='ltr'>in</span> <span class='ocrx_word' id='word_1_258' title='bbox 280 2993 386 3065; x_wconf 89' lang='lat' dir='ltr'>coelis,</span> <span class='ocrx_word' id='word_1_259' title='bbox 404 2993 517 3070; x_wconf 85' lang='lat' dir='ltr'>aliqua</span> <span class='ocrx_word' id='word_1_260' title='bbox 529 3009 572 3054; x_wconf 82' lang='lat' dir='ltr'>ex</span> <span class='ocrx_word' id='word_1_261' title='bbox 587 2993 779 3071; x_wconf 86' lang='lat' dir='ltr'>approbatis</span> <span class='ocrx_word' id='word_1_262' title='bbox 792 2995 902 3071; x_wconf 87' lang='lat' dir='ltr'>scrip·</span> <span class='ocrx_word' id='word_1_263' title='bbox 958 2989 1074 3065; x_wconf 89' lang='lat' dir='ltr'>pulum</span> <span class='ocrx_word' id='word_1_264' title='bbox 1096 2989 1272 3066; x_wconf 89' lang='lat' dir='ltr'>quemdam</span> <span class='ocrx_word' id='word_1_265' title='bbox 1296 2989 1513 3051; x_wconf 87' lang='lat' dir='ltr'>dubitationis</span> <span class='ocrx_word' id='word_1_266' title='bbox 1530 2991 1565 3052; x_wconf 91' lang='lat' dir='ltr'>in</span> <span class='ocrx_word' id='word_1_267' title='bbox 1581 2994 1680 3054; x_wconf 92' lang='lat' dir='ltr'>corde</span> <span class='ocrx_word' id='word_1_268' title='bbox 1694 3010 1755 3069; x_wconf 91' lang='lat' dir='ltr'>ge-</span> 
     </span>
     <span class='ocr_line' id='line_1_29' title="bbox 41 3086 1752 3169; baseline 0.002 -18"><span class='ocrx_word' id='word_1_269' title='bbox 41 3116 42 3121; x_wconf 44' lang='lat'><em>*</em></span> <span class='ocrx_word' id='word_1_270' title='bbox 114 3089 205 3151; x_wconf 87' lang='lat' dir='ltr'>turus</span> <span class='ocrx_word' id='word_1_271' title='bbox 231 3091 406 3160; x_wconf 88' lang='lat' dir='ltr'>miracula,</span> <span class='ocrx_word' id='word_1_272' title='bbox 436 3089 565 3153; x_wconf 92' lang='lat' dir='ltr'>abillo</span> <span class='ocrx_word' id='word_1_273' title='bbox 595 3092 903 3169; x_wconf 86' lang='lat' dir='ltr'>praecipuecensni</span> <span class='ocrx_word' id='word_1_274' title='bbox 958 3086 1053 3150; x_wconf 90' lang='lat' dir='ltr'>rebat</span> <span class='ocrx_word' id='word_1_275' title='bbox 1075 3087 1116 3149; x_wconf 90' lang='lat' dir='ltr'>de</span> <span class='ocrx_word' id='word_1_276' title='bbox 1130 3086 1269 3150; x_wconf 84' lang='lat' dir='ltr'>vulnere</span> <span class='ocrx_word' id='word_1_277' title='bbox 1281 3087 1426 3150; x_wconf 89' lang='lat' dir='ltr'>laterali.</span> <span class='ocrx_word' id='word_1_278' title='bbox 1443 3089 1547 3151; x_wconf 89' lang='lat' dir='ltr'>Nocte</span> <span class='ocrx_word' id='word_1_279' title='bbox 1570 3106 1651 3152; x_wconf 85' lang='lat' dir='ltr'>vero</span> <span class='ocrx_word' id='word_1_280' title='bbox 1665 3109 1752 3169; x_wconf 87' lang='lat' dir='ltr'>qua-</span> 
     </span>
     <span class='ocr_line' id='line_1_30' title="bbox 41 3184 1755 3267; baseline 0.004 -21"><span class='ocrx_word' id='word_1_281' title='bbox 41 3186 42 3233; x_wconf 73' lang='lat' dir='ltr'>t</span> <span class='ocrx_word' id='word_1_282' title='bbox 113 3189 304 3248; x_wconf 87' lang='lat' dir='ltr'>sumendum</span> <span class='ocrx_word' id='word_1_283' title='bbox 321 3189 393 3250; x_wconf 89' lang='lat' dir='ltr'>fore</span> <span class='ocrx_word' id='word_1_284' title='bbox 414 3188 557 3262; x_wconf 88' lang='lat' dir='ltr'>initium,</span> <span class='ocrx_word' id='word_1_285' title='bbox 570 3189 605 3250; x_wconf 90' lang='lat' dir='ltr'>in</span> <span class='ocrx_word' id='word_1_286' title='bbox 620 3205 685 3267; x_wconf 92' lang='lat' dir='ltr'>quo</span> <span class='ocrx_word' id='word_1_287' title='bbox 697 3190 806 3251; x_wconf 90' lang='lat' dir='ltr'>crucis</span> <span class='ocrx_word' id='word_1_288' title='bbox 821 3193 901 3253; x_wconf 88' lang='lat' dir='ltr'>Jesu</span> <span class='ocrx_word' id='word_1_289' title='bbox 959 3185 1047 3257; x_wconf 89' lang='lat' dir='ltr'>dam,</span> <span class='ocrx_word' id='word_1_290' title='bbox 1062 3185 1236 3261; x_wconf 85' lang='lat' dir='ltr'>sicutipse</span> <span class='ocrx_word' id='word_1_291' title='bbox 1252 3184 1335 3246; x_wconf 83' lang='lat' dir='ltr'>felix</span> <span class='ocrx_word' id='word_1_292' title='bbox 1349 3185 1489 3247; x_wconf 89' lang='lat' dir='ltr'>antistes</span> <span class='ocrx_word' id='word_1_293' title='bbox 1501 3186 1667 3251; x_wconf 87' lang='lat' dir='ltr'>referebat</span> <span class='ocrx_word' id='word_1_294' title='bbox 1680 3206 1755 3251; x_wconf 89' lang='lat' dir='ltr'>cum</span> 
     </span>
    </p>
   </div>
   <div class='ocr_carea' id='block_1_5' title="bbox 41 3281 1883 3364">
    <p class='ocr_par' dir='ltr' id='par_1_9' title="bbox 41 3281 1883 3364">
     <span class='ocr_line' id='line_1_31' title="bbox 41 3281 1883 3364; baseline 0.003 -23"><span class='ocrx_word' id='word_1_295' title='bbox 41 3338 42 3341; x_wconf 74' lang='grc'>,</span> <span class='ocrx_word' id='word_1_296' title='bbox 112 3284 217 3346; x_wconf 76' lang='lat' dir='ltr'>virtus</span> <span class='ocrx_word' id='word_1_297' title='bbox 226 3286 423 3357; x_wconf 87' lang='lat' dir='ltr'>ostenditur,</span> <span class='ocrx_word' id='word_1_298' title='bbox 445 3287 479 3347; x_wconf 90' lang='lat' dir='ltr'>et</span> <span class='ocrx_word' id='word_1_299' title='bbox 490 3286 598 3360; x_wconf 87' lang='lat' dir='ltr'>gloria</span> <span class='ocrx_word' id='word_1_300' title='bbox 613 3287 803 3348; x_wconf 80' lang='lat' dir='ltr'>innovatur.</span> <span class='ocrx_word' id='word_1_301' title='bbox 829 3289 902 3349; x_wconf 92' lang='lat' dir='ltr'>No·</span> <span class='ocrx_word' id='word_1_302' title='bbox 959 3282 1127 3359; x_wconf 80' lang='lat' dir='ltr'>lacrymis,</span> <span class='ocrx_word' id='word_1_303' title='bbox 1144 3281 1261 3343; x_wconf 86' lang='lat' dir='ltr'>heatus</span> <span class='ocrx_word' id='word_1_304' title='bbox 1276 3282 1307 3342; x_wconf 93' lang='lat' dir='ltr'>ei</span> <span class='ocrx_word' id='word_1_305' title='bbox 1323 3283 1522 3344; x_wconf 86' lang='lat' dir='ltr'>Franciscus</span> <span class='ocrx_word' id='word_1_306' title='bbox 1536 3284 1678 3360; x_wconf 87' lang='lat' dir='ltr'>quadam</span> <span class='ocrx_word' id='word_1_307' title='bbox 1697 3286 1754 3347; x_wconf 87' lang='lat' dir='ltr'>fa·</span> <span class='ocrx_word' id='word_1_308' title='bbox 1820 3347 1828 3364; x_wconf 52' lang='lat'><em>„</em></span> <span class='ocrx_word' id='word_1_309' title='bbox 1879 3287 1883 3300; x_wconf 93' lang='lat'>&#39;</span> 
     </span>
    </p>
   </div>
   <div class='ocr_carea' id='block_1_6' title="bbox 41 3379 1872 5120">
    <p class='ocr_par' dir='ltr' id='par_1_10' title="bbox 41 3379 1872 5120">
     <span class='ocr_line' id='line_1_32' title="bbox 41 3379 1751 3460; baseline 0.008 -18"><span class='ocrx_word' id='word_1_310' title='bbox 41 3394 42 3399; x_wconf 71' lang='grc'>’</span> <span class='ocrx_word' id='word_1_311' title='bbox 112 3395 173 3444; x_wconf 75' lang='lat' dir='ltr'>ins</span> <span class='ocrx_word' id='word_1_312' title='bbox 198 3383 299 3459; x_wconf 86' lang='lat' dir='ltr'>igitur</span> <span class='ocrx_word' id='word_1_313' title='bbox 319 3384 419 3445; x_wconf 91' lang='lat' dir='ltr'>homo</span> <span class='ocrx_word' id='word_1_314' title='bbox 443 3383 642 3445; x_wconf 80' lang='lat' dir='ltr'>Franciscus</span> <span class='ocrx_word' id='word_1_315' title='bbox 664 3400 751 3446; x_wconf 87' lang='lat' dir='ltr'>novo</span> <span class='ocrx_word' id='word_1_316' title='bbox 777 3388 811 3447; x_wconf 89' lang='lat' dir='ltr'>et</span> <span class='ocrx_word' id='word_1_317' title='bbox 832 3386 904 3447; x_wconf 89' lang='lat' dir='ltr'>stu·</span> <span class='ocrx_word' id='word_1_318' title='bbox 959 3380 1023 3441; x_wconf 74' lang='lat'>0101</span> <span class='ocrx_word' id='word_1_319' title='bbox 1045 3380 1211 3456; x_wconf 70' lang='lat' dir='ltr'>lllfaetensa</span> <span class='ocrx_word' id='word_1_320' title='bbox 1236 3379 1360 3441; x_wconf 62' lang='lat' dir='ltr'>duritia</span> <span class='ocrx_word' id='word_1_321' title='bbox 1375 3379 1410 3440; x_wconf 75' lang='lat' dir='ltr'>in</span> <span class='ocrx_word' id='word_1_322' title='bbox 1434 3381 1560 3440; x_wconf 72' lang='lat' dir='ltr'>SOfflfliS</span> <span class='ocrx_word' id='word_1_323' title='bbox 1584 3385 1751 3460; x_wconf 87' lang='lat' dir='ltr'>apparuit,</span> 
     </span>
     <span class='ocr_line' id='line_1_33' title="bbox 41 3477 1750 3560; baseline 0.002 -20"><span class='ocrx_word' id='word_1_324' title='bbox 41 3480 42 3509; x_wconf 71' lang='lat'><em>³</em></span> <span class='ocrx_word' id='word_1_325' title='bbox 113 3480 218 3553; x_wconf 87' lang='lat' dir='ltr'>pendo</span> <span class='ocrx_word' id='word_1_326' title='bbox 237 3481 399 3542; x_wconf 88' lang='lat' dir='ltr'>miraculo</span> <span class='ocrx_word' id='word_1_327' title='bbox 415 3481 547 3554; x_wconf 89' lang='lat' dir='ltr'>claruit,</span> <span class='ocrx_word' id='word_1_328' title='bbox 563 3498 639 3543; x_wconf 92' lang='lat' dir='ltr'>cum</span> <span class='ocrx_word' id='word_1_329' title='bbox 661 3482 823 3557; x_wconf 81' lang='lat' dir='ltr'>singulari</span> <span class='ocrx_word' id='word_1_330' title='bbox 838 3485 904 3560; x_wconf 89' lang='lat' dir='ltr'>pri·</span> <span class='ocrx_word' id='word_1_331' title='bbox 959 3479 992 3539; x_wconf 90' lang='lat' dir='ltr'>et</span> <span class='ocrx_word' id='word_1_332' title='bbox 1006 3477 1252 3538; x_wconf 88' lang='lat' dir='ltr'>haesitationem</span> <span class='ocrx_word' id='word_1_333' title='bbox 1273 3478 1385 3538; x_wconf 89' lang='lat' dir='ltr'>cordis</span> <span class='ocrx_word' id='word_1_334' title='bbox 1398 3477 1505 3554; x_wconf 90' lang='lat' dir='ltr'>ipsius</span> <span class='ocrx_word' id='word_1_335' title='bbox 1533 3478 1750 3557; x_wconf 89' lang='lat' dir='ltr'>redarguens,</span> 
     </span>
     <span class='ocr_line' id='line_1_34' title="bbox 112 3574 1751 3666; baseline 0.004 -30.709"><span class='ocrx_word' id='word_1_336' title='bbox 112 3576 231 3653; x_wconf 79' lang='lat' dir='ltr'>rilegio</span> <span class='ocrx_word' id='word_1_337' title='bbox 242 3580 419 3641; x_wconf 84' lang='lat' dir='ltr'>retroactis</span> <span class='ocrx_word' id='word_1_338' title='bbox 429 3579 814 3653; x_wconf 87' lang='lat' dir='ltr'>saeculisnonconceeso,</span> <span class='ocrx_word' id='word_1_339' title='bbox 825 3580 904 3642; x_wconf 89' lang='lat' dir='ltr'>insi·</span> <span class='ocrx_word' id='word_1_340' title='bbox 959 3575 1103 3637; x_wconf 78' lang='lat' dir='ltr'>elevavit</span> <span class='ocrx_word' id='word_1_341' title='bbox 1116 3574 1291 3666; x_wconf 87' lang='lat' dir='ltr'>brachium</span> <span class='ocrx_word' id='word_1_342' title='bbox 1304 3574 1469 3648; x_wconf 81' lang='lat' dir='ltr'>dextrum,</span> <span class='ocrx_word' id='word_1_343' title='bbox 1483 3575 1751 3656; x_wconf 81' lang='lat' dir='ltr'>detexitvulnus,</span> 
     </span>
     <span class='ocr_line' id='line_1_35' title="bbox 114 3671 1753 3753; baseline 0.004 -20"><span class='ocrx_word' id='word_1_344' title='bbox 114 3674 221 3747; x_wconf 90' lang='lat' dir='ltr'>gnitus</span> <span class='ocrx_word' id='word_1_345' title='bbox 229 3676 395 3753; x_wconf 89' lang='lat' dir='ltr'>apparuit,</span> <span class='ocrx_word' id='word_1_346' title='bbox 408 3675 513 3737; x_wconf 87' lang='lat' dir='ltr'>sacris</span> <span class='ocrx_word' id='word_1_347' title='bbox 523 3675 682 3738; x_wconf 74' lang='lat' dir='ltr'>videlicet</span> <span class='ocrx_word' id='word_1_348' title='bbox 694 3677 903 3753; x_wconf 77' lang='lat' dir='ltr'>stigmatibus</span> <span class='ocrx_word' id='word_1_349' title='bbox 958 3672 1169 3749; x_wconf 84' lang='lat' dir='ltr'>phialamque</span> <span class='ocrx_word' id='word_1_350' title='bbox 1182 3672 1334 3749; x_wconf 85' lang='lat' dir='ltr'>poposcit</span> <span class='ocrx_word' id='word_1_351' title='bbox 1345 3671 1387 3732; x_wconf 86' lang='lat' dir='ltr'>ab</span> <span class='ocrx_word' id='word_1_352' title='bbox 1401 3673 1486 3749; x_wconf 85' lang='lat' dir='ltr'>ipso,</span> <span class='ocrx_word' id='word_1_353' title='bbox 1503 3676 1540 3735; x_wconf 93' lang='lat' dir='ltr'>ut</span> <span class='ocrx_word' id='word_1_354' title='bbox 1561 3678 1753 3740; x_wconf 88' lang='lat' dir='ltr'>scaturien-</span> 
     </span>
     <span class='ocr_line' id='line_1_36' title="bbox 115 3768 1754 3850; baseline 0.006 -21.525"><span class='ocrx_word' id='word_1_355' title='bbox 115 3768 294 3845; x_wconf 82' lang='lat' dir='ltr'>decoratuss,</span> <span class='ocrx_word' id='word_1_356' title='bbox 312 3774 344 3835; x_wconf 92' lang='lat' dir='ltr'>et</span> <span class='ocrx_word' id='word_1_357' title='bbox 355 3772 581 3848; x_wconf 81' lang='lat' dir='ltr'>configuratus</span> <span class='ocrx_word' id='word_1_358' title='bbox 590 3773 626 3833; x_wconf 93' lang='lat' dir='ltr'>in</span> <span class='ocrx_word' id='word_1_359' title='bbox 637 3788 777 3850; x_wconf 90' lang='lat' dir='ltr'>corpore</span> <span class='ocrx_word' id='word_1_360' title='bbox 787 3774 903 3836; x_wconf 89' lang='lat' dir='ltr'>mortis</span> <span class='ocrx_word' id='word_1_361' title='bbox 958 3769 1024 3830; x_wconf 89' lang='lat' dir='ltr'>tem</span> <span class='ocrx_word' id='word_1_362' title='bbox 1039 3769 1203 3845; x_wconf 89' lang='lat' dir='ltr'>reciperet</span> <span class='ocrx_word' id='word_1_363' title='bbox 1213 3770 1424 3845; x_wconf 87' lang='lat' dir='ltr'>sanguinem,</span> <span class='ocrx_word' id='word_1_364' title='bbox 1442 3770 1498 3846; x_wconf 86' lang='lat' dir='ltr'>qui</span> <span class='ocrx_word' id='word_1_365' title='bbox 1510 3786 1553 3832; x_wconf 83' lang='lat' dir='ltr'>ex</span> <span class='ocrx_word' id='word_1_366' title='bbox 1567 3771 1672 3835; x_wconf 88' lang='lat' dir='ltr'>latere</span> <span class='ocrx_word' id='word_1_367' title='bbox 1694 3777 1754 3839; x_wconf 85' lang='lat' dir='ltr'>de-</span> 
     </span>
     <span class='ocr_line' id='line_1_37' title="bbox 41 3865 1754 3957; baseline 0.007 -31"><span class='ocrx_word' id='word_1_368' title='bbox 41 3928 42 3957; x_wconf 21' lang='lat'>,</span> <span class='ocrx_word' id='word_1_369' title='bbox 115 3865 210 3945; x_wconf 89' lang='lat' dir='ltr'>hujus</span> <span class='ocrx_word' id='word_1_370' title='bbox 219 3871 351 3947; x_wconf 89' lang='lat' dir='ltr'>corpori</span> <span class='ocrx_word' id='word_1_371' title='bbox 358 3869 528 3931; x_wconf 74' lang='lat' dir='ltr'>crucifixi.</span> <span class='ocrx_word' id='word_1_372' title='bbox 538 3872 585 3932; x_wconf 86' lang='lat' dir='ltr'>De</span> <span class='ocrx_word' id='word_1_373' title='bbox 595 3886 660 3947; x_wconf 87' lang='lat' dir='ltr'>quo</span> <span class='ocrx_word' id='word_1_374' title='bbox 670 3870 828 3948; x_wconf 83' lang='lat' dir='ltr'>quidquid</span> <span class='ocrx_word' id='word_1_375' title='bbox 838 3872 905 3932; x_wconf 89' lang='lat' dir='ltr'>hu-</span> <span class='ocrx_word' id='word_1_376' title='bbox 958 3866 1092 3927; x_wconf 79' lang='lat' dir='ltr'>fluebat</span> <span class='ocrx_word' id='word_1_377' title='bbox 1107 3865 1231 3927; x_wconf 88' lang='lat' dir='ltr'>Obtulit</span> <span class='ocrx_word' id='word_1_378' title='bbox 1245 3867 1280 3927; x_wconf 93' lang='lat' dir='ltr'>in</span> <span class='ocrx_word' id='word_1_379' title='bbox 1295 3866 1424 3929; x_wconf 79' lang='lat' dir='ltr'>visione</span> <span class='ocrx_word' id='word_1_380' title='bbox 1436 3884 1584 3930; x_wconf 89' lang='lat' dir='ltr'>summus</span> <span class='ocrx_word' id='word_1_381' title='bbox 1599 3874 1754 3938; x_wconf 78' lang='lat' dir='ltr'>Pontifex</span> 
     </span>
     <span class='ocr_line' id='line_1_38' title="bbox 41 3963 1754 4042; baseline 0.005 -16"><span class='ocrx_word' id='word_1_382' title='bbox 41 4006 42 4039; x_wconf 77' lang='lat'>,</span> <span class='ocrx_word' id='word_1_383' title='bbox 117 3966 336 4042; x_wconf 84' lang='lat' dir='ltr'>manalingua</span> <span class='ocrx_word' id='word_1_384' title='bbox 351 3966 492 4038; x_wconf 88' lang='lat' dir='ltr'>dicatur,</span> <span class='ocrx_word' id='word_1_385' title='bbox 507 3966 617 4027; x_wconf 89' lang='lat' dir='ltr'>minus</span> <span class='ocrx_word' id='word_1_386' title='bbox 633 3966 904 4029; x_wconf 89' lang='lat' dir='ltr'>eritlaudecon-</span> <span class='ocrx_word' id='word_1_387' title='bbox 958 3963 1105 4040; x_wconf 86' lang='lat' dir='ltr'>phialam</span> <span class='ocrx_word' id='word_1_388' title='bbox 1127 3963 1340 4040; x_wconf 88' lang='lat' dir='ltr'>postulatam,</span> <span class='ocrx_word' id='word_1_389' title='bbox 1365 3981 1439 4042; x_wconf 86' lang='lat' dir='ltr'>quae</span> <span class='ocrx_word' id='word_1_390' title='bbox 1460 3979 1564 4042; x_wconf 86' lang='lat' dir='ltr'>usque</span> <span class='ocrx_word' id='word_1_391' title='bbox 1592 3970 1634 4029; x_wconf 91' lang='lat' dir='ltr'>ad</span> <span class='ocrx_word' id='word_1_392' title='bbox 1660 3989 1754 4034; x_wconf 85' lang='lat' dir='ltr'>sum·</span> 
     </span>
     <span class='ocr_line' id='line_1_39' title="bbox 118 4057 1754 4139; baseline 0.01 -22"><span class='ocrx_word' id='word_1_393' title='bbox 118 4057 220 4136; x_wconf 87' lang='lat' dir='ltr'>digna.</span> <span class='ocrx_word' id='word_1_394' title='bbox 230 4065 348 4124; x_wconf 86' lang='lat' dir='ltr'>Totum</span> <span class='ocrx_word' id='word_1_395' title='bbox 364 4061 496 4139; x_wconf 81' lang='lat' dir='ltr'>quidem</span> <span class='ocrx_word' id='word_1_396' title='bbox 511 4062 577 4124; x_wconf 85' lang='lat' dir='ltr'>viri</span> <span class='ocrx_word' id='word_1_397' title='bbox 593 4062 653 4123; x_wconf 86' lang='lat' dir='ltr'>Dei</span> <span class='ocrx_word' id='word_1_398' title='bbox 668 4062 824 4136; x_wconf 89' lang='lat' dir='ltr'>studium,</span> <span class='ocrx_word' id='word_1_399' title='bbox 835 4066 903 4125; x_wconf 87' lang='lat' dir='ltr'>tam</span> <span class='ocrx_word' id='word_1_400' title='bbox 957 4077 1048 4121; x_wconf 87' lang='lat' dir='ltr'>mum</span> <span class='ocrx_word' id='word_1_401' title='bbox 1063 4061 1226 4137; x_wconf 88' lang='lat' dir='ltr'>sanguine</span> <span class='ocrx_word' id='word_1_402' title='bbox 1241 4061 1428 4137; x_wconf 87' lang='lat' dir='ltr'>profluente</span> <span class='ocrx_word' id='word_1_403' title='bbox 1443 4062 1484 4124; x_wconf 92' lang='lat' dir='ltr'>de</span> <span class='ocrx_word' id='word_1_404' title='bbox 1498 4063 1602 4128; x_wconf 84' lang='lat' dir='ltr'>latere</span> <span class='ocrx_word' id='word_1_405' title='bbox 1616 4069 1754 4133; x_wconf 85' lang='lat' dir='ltr'>videba-</span> 
     </span>
     <span class='ocr_line' id='line_1_40' title="bbox 41 4157 1752 4255; baseline 0.006 -37"><span class='ocrx_word' id='word_1_406' title='bbox 41 4214 42 4255; x_wconf 67' lang='lat'>,</span> <span class='ocrx_word' id='word_1_407' title='bbox 119 4157 275 4232; x_wconf 87' lang='lat' dir='ltr'>publicum</span> <span class='ocrx_word' id='word_1_408' title='bbox 289 4175 390 4238; x_wconf 84' lang='lat' dir='ltr'>quam</span> <span class='ocrx_word' id='word_1_409' title='bbox 405 4159 582 4236; x_wconf 81' lang='lat' dir='ltr'>privatum,</span> <span class='ocrx_word' id='word_1_410' title='bbox 595 4160 685 4223; x_wconf 90' lang='lat' dir='ltr'>circa</span> <span class='ocrx_word' id='word_1_411' title='bbox 695 4177 827 4222; x_wconf 90' lang='lat' dir='ltr'>crucem</span> <span class='ocrx_word' id='word_1_412' title='bbox 843 4164 904 4223; x_wconf 86' lang='lat' dir='ltr'>Do-</span> <span class='ocrx_word' id='word_1_413' title='bbox 957 4159 1012 4220; x_wconf 88' lang='lat' dir='ltr'>tur</span> <span class='ocrx_word' id='word_1_414' title='bbox 1026 4157 1171 4235; x_wconf 91' lang='lat' dir='ltr'>impleri.</span> <span class='ocrx_word' id='word_1_415' title='bbox 1187 4161 1237 4219; x_wconf 82' lang='lat' dir='ltr'>Ex</span> <span class='ocrx_word' id='word_1_416' title='bbox 1250 4160 1329 4220; x_wconf 91' lang='lat' dir='ltr'>tunc</span> <span class='ocrx_word' id='word_1_417' title='bbox 1344 4158 1386 4219; x_wconf 90' lang='lat' dir='ltr'>ad</span> <span class='ocrx_word' id='word_1_418' title='bbox 1402 4160 1484 4221; x_wconf 90' lang='lat' dir='ltr'>illud</span> <span class='ocrx_word' id='word_1_419' title='bbox 1498 4176 1630 4234; x_wconf 75' lang='lat' dir='ltr'>sacrum</span> <span class='ocrx_word' id='word_1_420' title='bbox 1644 4167 1752 4229; x_wconf 83' lang='lat' dir='ltr'>mira-</span> 
     </span>
     <span class='ocr_line' id='line_1_41' title="bbox 41 4255 1754 4345; baseline 0.005 -29"><span class='ocrx_word' id='word_1_421' title='bbox 41 4260 42 4345; x_wconf 46' lang='grc' dir='ltr'><em>ξ</em></span> <span class='ocrx_word' id='word_1_422' title='bbox 121 4256 903 4334; x_wconf 78' lang='lat' dir='ltr'>minisersabatur3etutcrucissignaculo,cordi</span> <span class='ocrx_word' id='word_1_423' title='bbox 958 4255 1069 4317; x_wconf 90' lang='lat' dir='ltr'>culum</span> <span class='ocrx_word' id='word_1_424' title='bbox 1078 4256 1171 4317; x_wconf 83' lang='lat' dir='ltr'>tanta</span> <span class='ocrx_word' id='word_1_425' title='bbox 1188 4255 1288 4331; x_wconf 86' lang='lat' dir='ltr'>coepit</span> <span class='ocrx_word' id='word_1_426' title='bbox 1297 4255 1474 4318; x_wconf 87' lang='lat' dir='ltr'>devotione</span> <span class='ocrx_word' id='word_1_427' title='bbox 1499 4257 1600 4331; x_wconf 87' lang='lat' dir='ltr'>affici,</span> <span class='ocrx_word' id='word_1_428' title='bbox 1612 4261 1644 4323; x_wconf 89' lang='lat' dir='ltr'>et</span> <span class='ocrx_word' id='word_1_429' title='bbox 1653 4278 1754 4325; x_wconf 83' lang='lat' dir='ltr'>aemu·</span> 
     </span>
     <span class='ocr_line' id='line_1_42' title="bbox 41 4350 1751 4436; baseline 0.008 -25"><span class='ocrx_word' id='word_1_430' title='bbox 41 4354 42 4401; x_wconf 69' lang='lat' dir='ltr'>t</span> <span class='ocrx_word' id='word_1_431' title='bbox 122 4354 215 4428; x_wconf 81' lang='lat' dir='ltr'>ejusa</span> <span class='ocrx_word' id='word_1_432' title='bbox 229 4354 396 4432; x_wconf 90' lang='lat' dir='ltr'>principio</span> <span class='ocrx_word' id='word_1_433' title='bbox 409 4369 477 4416; x_wconf 86' lang='lat' dir='ltr'>suae</span> <span class='ocrx_word' id='word_1_434' title='bbox 486 4354 715 4416; x_wconf 85' lang='lat' dir='ltr'>conversionis</span> <span class='ocrx_word' id='word_1_435' title='bbox 726 4355 901 4433; x_wconf 84' lang='lat' dir='ltr'>impresso,</span> <span class='ocrx_word' id='word_1_436' title='bbox 957 4352 1083 4413; x_wconf 88' lang='lat' dir='ltr'>latione</span> <span class='ocrx_word' id='word_1_437' title='bbox 1098 4350 1241 4424; x_wconf 84' lang='lat' dir='ltr'>fervere,</span> <span class='ocrx_word' id='word_1_438' title='bbox 1262 4357 1299 4413; x_wconf 91' lang='lat' dir='ltr'>ut</span> <span class='ocrx_word' id='word_1_439' title='bbox 1313 4352 1405 4414; x_wconf 88' lang='lat' dir='ltr'>nullo</span> <span class='ocrx_word' id='word_1_440' title='bbox 1423 4354 1519 4415; x_wconf 91' lang='lat' dir='ltr'>modo</span> <span class='ocrx_word' id='word_1_441' title='bbox 1539 4357 1607 4432; x_wconf 90' lang='lat' dir='ltr'>pati</span> <span class='ocrx_word' id='word_1_442' title='bbox 1626 4365 1751 4436; x_wconf 85' lang='lat' dir='ltr'>posset,</span> 
     </span>
     <span class='ocr_line' id='line_1_43' title="bbox 123 4445 1752 4535; baseline 0.007 -25.425"><span class='ocrx_word' id='word_1_443' title='bbox 123 4463 228 4528; x_wconf 89' lang='lat' dir='ltr'>corpus</span> <span class='ocrx_word' id='word_1_444' title='bbox 254 4450 471 4527; x_wconf 84' lang='lat' dir='ltr'>consignaret</span> <span class='ocrx_word' id='word_1_445' title='bbox 500 4451 666 4524; x_wconf 79' lang='lat' dir='ltr'>exterius,</span> <span class='ocrx_word' id='word_1_446' title='bbox 697 4452 732 4513; x_wconf 92' lang='lat' dir='ltr'>in</span> <span class='ocrx_word' id='word_1_447' title='bbox 757 4453 832 4530; x_wconf 87' lang='lat' dir='ltr'>ipsa</span> <span class='ocrx_word' id='word_1_448' title='bbox 866 4470 903 4515; x_wconf 88' lang='lat' dir='ltr'>se</span> <span class='ocrx_word' id='word_1_449' title='bbox 956 4448 1043 4526; x_wconf 88' lang='lat' dir='ltr'>qnod</span> <span class='ocrx_word' id='word_1_450' title='bbox 1059 4448 1181 4525; x_wconf 87' lang='lat' dir='ltr'>aliquis</span> <span class='ocrx_word' id='word_1_451' title='bbox 1204 4448 1437 4526; x_wconf 86' lang='lat' dir='ltr'>praefulgentia</span> <span class='ocrx_word' id='word_1_452' title='bbox 1461 4445 1521 4512; x_wconf 87' lang='lat' dir='ltr'>illa</span> <span class='ocrx_word' id='word_1_453' title='bbox 1543 4468 1639 4517; x_wconf 89' lang='lat' dir='ltr'>sacra</span> <span class='ocrx_word' id='word_1_454' title='bbox 1654 4458 1752 4535; x_wconf 90' lang='lat' dir='ltr'>signa</span> 
     </span>
     <span class='ocr_line' id='line_1_44' title="bbox 41 4545 1749 4633; baseline 0.008 -26"><span class='ocrx_word' id='word_1_455' title='bbox 41 4624 42 4631; x_wconf 6' lang='grc' dir='ltr'>ἵ</span> <span class='ocrx_word' id='word_1_456' title='bbox 124 4560 208 4610; x_wconf 87' lang='lat' dir='ltr'>cruce</span> <span class='ocrx_word' id='word_1_457' title='bbox 219 4549 405 4620; x_wconf 85' lang='lat' dir='ltr'>recludens,</span> <span class='ocrx_word' id='word_1_458' title='bbox 417 4547 566 4610; x_wconf 89' lang='lat' dir='ltr'>habitum</span> <span class='ocrx_word' id='word_1_459' title='bbox 576 4550 779 4625; x_wconf 87' lang='lat' dir='ltr'>poenitentiae</span> <span class='ocrx_word' id='word_1_460' title='bbox 795 4566 903 4627; x_wconf 88' lang='lat' dir='ltr'>sump·</span> <span class='ocrx_word' id='word_1_461' title='bbox 957 4545 1100 4623; x_wconf 87' lang='lat' dir='ltr'>superba</span> <span class='ocrx_word' id='word_1_462' title='bbox 1113 4548 1330 4622; x_wconf 82' lang='lat' dir='ltr'>praesumeret</span> <span class='ocrx_word' id='word_1_463' title='bbox 1344 4546 1595 4624; x_wconf 89' lang='lat' dir='ltr'>impugnatione</span> <span class='ocrx_word' id='word_1_464' title='bbox 1604 4552 1749 4633; x_wconf 89' lang='lat' dir='ltr'>fuscare,</span> 
     </span>
     <span class='ocr_line' id='line_1_45' title="bbox 41 4643 1872 4730; baseline 0.007 -26"><span class='ocrx_word' id='word_1_465' title='bbox 41 4690 42 4719; x_wconf 80' lang='lat'>,</span> <span class='ocrx_word' id='word_1_466' title='bbox 125 4643 170 4713; x_wconf 86' lang='lat' dir='ltr'>sit,</span> <span class='ocrx_word' id='word_1_467' title='bbox 190 4648 295 4708; x_wconf 90' lang='lat' dir='ltr'>crucis</span> <span class='ocrx_word' id='word_1_468' title='bbox 317 4646 497 4722; x_wconf 86' lang='lat' dir='ltr'>imaginem</span> <span class='ocrx_word' id='word_1_469' title='bbox 520 4645 762 4722; x_wconf 84' lang='lat' dir='ltr'>praeferentem,</span> <span class='ocrx_word' id='word_1_470' title='bbox 785 4649 903 4723; x_wconf 84' lang='lat' dir='ltr'>quate-</span> <span class='ocrx_word' id='word_1_471' title='bbox 956 4644 1037 4720; x_wconf 87' lang='lat' dir='ltr'>quin</span> <span class='ocrx_word' id='word_1_472' title='bbox 1053 4658 1128 4704; x_wconf 90' lang='lat' dir='ltr'>eum</span> <span class='ocrx_word' id='word_1_473' title='bbox 1144 4652 1262 4704; x_wconf 79' lang='lat' dir='ltr'>severa</span> <span class='ocrx_word' id='word_1_474' title='bbox 1274 4643 1504 4720; x_wconf 89' lang='lat' dir='ltr'>increpatione</span> <span class='ocrx_word' id='word_1_475' title='bbox 1521 4648 1647 4714; x_wconf 90' lang='lat' dir='ltr'>feriret.</span> <span class='ocrx_word' id='word_1_476' title='bbox 1668 4657 1753 4722; x_wconf 85' lang='lat' dir='ltr'>Fra-</span> <span class='ocrx_word' id='word_1_477' title='bbox 1866 4713 1872 4730; x_wconf 73' lang='grc'>,</span> 
     </span>
     <span class='ocr_line' id='line_1_46' title="bbox 41 4734 1749 4824; baseline 0.01 -26"><span class='ocrx_word' id='word_1_478' title='bbox 41 4734 42 4755; x_wconf 67' lang='grc'>’</span> <span class='ocrx_word' id='word_1_479' title='bbox 126 4752 179 4801; x_wconf 84' lang='lat' dir='ltr'>nus</span> <span class='ocrx_word' id='word_1_480' title='bbox 191 4742 273 4804; x_wconf 84' lang='lat' dir='ltr'>sicut</span> <span class='ocrx_word' id='word_1_481' title='bbox 285 4757 382 4804; x_wconf 87' lang='lat' dir='ltr'>mens</span> <span class='ocrx_word' id='word_1_482' title='bbox 395 4745 467 4819; x_wconf 89' lang='lat' dir='ltr'>ejus</span> <span class='ocrx_word' id='word_1_483' title='bbox 487 4742 579 4804; x_wconf 89' lang='lat' dir='ltr'>intus</span> <span class='ocrx_word' id='word_1_484' title='bbox 594 4743 770 4804; x_wconf 88' lang='lat' dir='ltr'>Dominum</span> <span class='ocrx_word' id='word_1_485' title='bbox 791 4744 903 4804; x_wconf 90' lang='lat' dir='ltr'>cruci·</span> <span class='ocrx_word' id='word_1_486' title='bbox 955 4742 1008 4803; x_wconf 87' lang='lat' dir='ltr'>ter</span> <span class='ocrx_word' id='word_1_487' title='bbox 1021 4739 1154 4818; x_wconf 79' lang='lat' dir='ltr'>quidam</span> <span class='ocrx_word' id='word_1_488' title='bbox 1165 4739 1283 4801; x_wconf 89' lang='lat' dir='ltr'>ordine</span> <span class='ocrx_word' id='word_1_489' title='bbox 1293 4741 1403 4803; x_wconf 87' lang='lat' dir='ltr'>Minor</span> <span class='ocrx_word' id='word_1_490' title='bbox 1411 4742 1521 4806; x_wconf 82' lang='lat' dir='ltr'>officio</span> <span class='ocrx_word' id='word_1_491' title='bbox 1539 4749 1749 4824; x_wconf 80' lang='lat' dir='ltr'>praedicator,</span> 
     </span>
     <span class='ocr_line' id='line_1_47' title="bbox 41 4834 1747 4923; baseline 0.008 -24"><span class='ocrx_word' id='word_1_492' title='bbox 41 4866 42 4899; x_wconf 74' lang='lat' dir='ltr'>t</span> <span class='ocrx_word' id='word_1_493' title='bbox 128 4834 390 4911; x_wconf 81' lang='lat' dir='ltr'>imminduorat,</span> <span class='ocrx_word' id='word_1_494' title='bbox 407 4839 635 4916; x_wconf 84' lang='lat' dir='ltr'>sicetcorpus</span> <span class='ocrx_word' id='word_1_495' title='bbox 650 4842 721 4915; x_wconf 76' lang='lat' dir='ltr'>ejus</span> <span class='ocrx_word' id='word_1_496' title='bbox 747 4839 902 4903; x_wconf 88' lang='lat' dir='ltr'>indueret</span> <span class='ocrx_word' id='word_1_497' title='bbox 955 4838 1090 4901; x_wconf 80' lang='lat' dir='ltr'>virtutis</span> <span class='ocrx_word' id='word_1_498' title='bbox 1111 4839 1146 4900; x_wconf 92' lang='lat' dir='ltr'>et</span> <span class='ocrx_word' id='word_1_499' title='bbox 1173 4837 1270 4898; x_wconf 85' lang='lat' dir='ltr'>famae</span> <span class='ocrx_word' id='word_1_500' title='bbox 1295 4841 1517 4915; x_wconf 83' lang='lat' dir='ltr'>praerogativa</span> <span class='ocrx_word' id='word_1_501' title='bbox 1538 4848 1747 4923; x_wconf 76' lang='lat' dir='ltr'>proepollenS,</span> 
     </span>
     <span class='ocr_line' id='line_1_48' title="bbox 130 4935 1750 5021; baseline 0.008 -26"><span class='ocrx_word' id='word_1_502' title='bbox 130 4946 205 4996; x_wconf 85' lang='lat' dir='ltr'>arna</span> <span class='ocrx_word' id='word_1_503' title='bbox 226 4937 351 5010; x_wconf 87' lang='lat' dir='ltr'>crucis;</span> <span class='ocrx_word' id='word_1_504' title='bbox 375 4936 408 4997; x_wconf 90' lang='lat' dir='ltr'>et</span> <span class='ocrx_word' id='word_1_505' title='bbox 430 4936 467 4997; x_wconf 91' lang='lat' dir='ltr'>in</span> <span class='ocrx_word' id='word_1_506' title='bbox 488 4952 552 5013; x_wconf 87' lang='lat' dir='ltr'>quo</span> <span class='ocrx_word' id='word_1_507' title='bbox 571 4936 668 5013; x_wconf 90' lang='lat' dir='ltr'>signo</span> <span class='ocrx_word' id='word_1_508' title='bbox 683 4938 770 4998; x_wconf 91' lang='lat' dir='ltr'>Deus</span> <span class='ocrx_word' id='word_1_509' title='bbox 785 4938 900 5014; x_wconf 89' lang='lat' dir='ltr'>potes·</span> <span class='ocrx_word' id='word_1_510' title='bbox 956 4937 1010 4997; x_wconf 91' lang='lat' dir='ltr'>cui</span> <span class='ocrx_word' id='word_1_511' title='bbox 1026 4935 1165 4997; x_wconf 87' lang='lat' dir='ltr'>firmiter</span> <span class='ocrx_word' id='word_1_512' title='bbox 1184 4936 1257 4997; x_wconf 87' lang='lat' dir='ltr'>erat</span> <span class='ocrx_word' id='word_1_513' title='bbox 1270 4935 1311 4996; x_wconf 91' lang='lat' dir='ltr'>de</span> <span class='ocrx_word' id='word_1_514' title='bbox 1328 4937 1434 5000; x_wconf 89' lang='lat' dir='ltr'>sancti</span> <span class='ocrx_word' id='word_1_515' title='bbox 1448 4939 1657 5014; x_wconf 86' lang='lat' dir='ltr'>stigmatibus</span> <span class='ocrx_word' id='word_1_516' title='bbox 1671 4961 1750 5021; x_wconf 87' lang='lat' dir='ltr'>per·</span> 
     </span>
     <span class='ocr_line' id='line_1_49' title="bbox 130 5029 1749 5120; baseline 0.009 -31"><span class='ocrx_word' id='word_1_517' title='bbox 130 5029 198 5091; x_wconf 87' lang='lat' dir='ltr'>tatas</span> <span class='ocrx_word' id='word_1_518' title='bbox 216 5048 331 5095; x_wconf 86' lang='lat' dir='ltr'>aereas</span> <span class='ocrx_word' id='word_1_519' title='bbox 346 5031 538 5106; x_wconf 80' lang='lat' dir='ltr'>debellaret,</span> <span class='ocrx_word' id='word_1_520' title='bbox 554 5032 589 5093; x_wconf 91' lang='lat' dir='ltr'>in</span> <span class='ocrx_word' id='word_1_521' title='bbox 612 5033 727 5095; x_wconf 86' lang='lat' dir='ltr'>eodem</span> <span class='ocrx_word' id='word_1_522' title='bbox 746 5049 826 5095; x_wconf 88' lang='lat' dir='ltr'>suus</span> <span class='ocrx_word' id='word_1_523' title='bbox 841 5049 902 5095; x_wconf 79' lang='lat' dir='ltr'>ex·</span> <span class='ocrx_word' id='word_1_524' title='bbox 936 5113 939 5120; x_wconf 52' lang='lat'>,</span> <span class='ocrx_word' id='word_1_525' title='bbox 956 5047 1104 5106; x_wconf 88' lang='lat' dir='ltr'>suasum,</span> <span class='ocrx_word' id='word_1_526' title='bbox 1120 5033 1200 5094; x_wconf 92' lang='lat' dir='ltr'>dum</span> <span class='ocrx_word' id='word_1_527' title='bbox 1214 5034 1469 5095; x_wconf 90' lang='lat' dir='ltr'>humanosensu</span> <span class='ocrx_word' id='word_1_528' title='bbox 1482 5037 1634 5100; x_wconf 89' lang='lat' dir='ltr'>miraculi</span> <span class='ocrx_word' id='word_1_529' title='bbox 1648 5039 1749 5120; x_wconf 86' lang='lat' dir='ltr'>hujus</span> 
     </span>
    </p>
   </div>
   <div class='ocr_carea' id='block_1_7' title="bbox 134 5177 1751 5688">
    <p class='ocr_par' dir='ltr' id='par_1_11' title="bbox 134 5177 1751 5688">
     <span class='ocr_line' id='line_1_50' title="bbox 159 5177 1751 5266; baseline 0.011 -32"><span class='ocrx_word' id='word_1_530' title='bbox 159 5177 192 5249; x_wconf 79' lang='lat' dir='ltr'>(it</span> <span class='ocrx_word' id='word_1_531' title='bbox 209 5181 238 5237; x_wconf 90' lang='lat' dir='ltr'>in</span> <span class='ocrx_word' id='word_1_532' title='bbox 253 5179 351 5238; x_wconf 87' lang='lat' dir='ltr'>codice</span> <span class='ocrx_word' id='word_1_533' title='bbox 370 5187 468 5238; x_wconf 88' lang='lat' dir='ltr'>nostro</span> <span class='ocrx_word' id='word_1_534' title='bbox 485 5181 539 5238; x_wconf 83' lang='lat' dir='ltr'>lls.</span> <span class='ocrx_word' id='word_1_535' title='bbox 560 5178 609 5238; x_wconf 91' lang='lat' dir='ltr'>hlc</span> <span class='ocrx_word' id='word_1_536' title='bbox 627 5182 740 5254; x_wconf 89' lang='lat' dir='ltr'>ponitur</span> <span class='ocrx_word' id='word_1_537' title='bbox 756 5196 764 5237; x_wconf 90' lang='lat'><strong>:</strong></span> <span class='ocrx_word' id='word_1_538' title='bbox 781 5181 901 5266; x_wconf 82' lang='lat' dir='ltr'>Explicit</span> <span class='ocrx_word' id='word_1_539' title='bbox 955 5189 983 5240; x_wconf 85' lang='lat' dir='ltr'>et</span> <span class='ocrx_word' id='word_1_540' title='bbox 1001 5182 1060 5265; x_wconf 81' lang='lat' dir='ltr'>legi</span> <span class='ocrx_word' id='word_1_541' title='bbox 1079 5181 1108 5238; x_wconf 91' lang='lat' dir='ltr'>fn</span> <span class='ocrx_word' id='word_1_542' title='bbox 1128 5181 1297 5239; x_wconf 85' lang='lat' dir='ltr'>bibliothece</span> <span class='ocrx_word' id='word_1_543' title='bbox 1318 5190 1476 5240; x_wconf 88' lang='lat' dir='ltr'>conventus</span> <span class='ocrx_word' id='word_1_544' title='bbox 1491 5186 1524 5241; x_wconf 85' lang='lat' dir='ltr'>b.</span> <span class='ocrx_word' id='word_1_545' title='bbox 1542 5187 1683 5247; x_wconf 86' lang='lat' dir='ltr'>Francisci</span> <span class='ocrx_word' id='word_1_546' title='bbox 1697 5194 1751 5251; x_wconf 80' lang='lat' dir='ltr'>As·</span> 
     </span>
     <span class='ocr_line' id='line_1_51' title="bbox 134 5246 1746 5328; baseline 0.005 -26"><span class='ocrx_word' id='word_1_547' title='bbox 134 5246 183 5304; x_wconf 82' lang='lat' dir='ltr'>tite</span> <span class='ocrx_word' id='word_1_548' title='bbox 198 5249 267 5308; x_wconf 81' lang='lat' dir='ltr'>hosti</span> <span class='ocrx_word' id='word_1_549' title='bbox 294 5251 451 5309; x_wconf 63' lang='lat' dir='ltr'>francisci.</span> <span class='ocrx_word' id='word_1_550' title='bbox 480 5252 641 5323; x_wconf 81' lang='lat' dir='ltr'>Sequuntur</span> <span class='ocrx_word' id='word_1_551' title='bbox 669 5258 765 5309; x_wconf 77' lang='lat' dir='ltr'>tuuien</span> <span class='ocrx_word' id='word_1_552' title='bbox 795 5252 901 5309; x_wconf 85' lang='lat' dir='ltr'>ibidem</span> <span class='ocrx_word' id='word_1_553' title='bbox 955 5254 1070 5321; x_wconf 81' lang='lat' dir='ltr'>sisistis,</span> <span class='ocrx_word' id='word_1_554' title='bbox 1087 5254 1116 5309; x_wconf 88' lang='lat' dir='ltr'>in</span> <span class='ocrx_word' id='word_1_555' title='bbox 1135 5253 1234 5310; x_wconf 89' lang='lat' dir='ltr'>codice</span> <span class='ocrx_word' id='word_1_556' title='bbox 1248 5253 1317 5310; x_wconf 88' lang='lat' dir='ltr'>satis</span> <span class='ocrx_word' id='word_1_557' title='bbox 1332 5253 1448 5325; x_wconf 75' lang='lat' dir='ltr'>endquo</span> <span class='ocrx_word' id='word_1_558' title='bbox 1471 5258 1666 5328; x_wconf 87' lang='lat' dir='ltr'>membraneo,</span> <span class='ocrx_word' id='word_1_559' title='bbox 1685 5278 1746 5322; x_wconf 69' lang='lat' dir='ltr'>ma.</span> 
     </span>
     <span class='ocr_line' id='line_1_52' title="bbox 136 5317 1745 5400; baseline 0.012 -27"><span class='ocrx_word' id='word_1_560' title='bbox 136 5317 255 5378; x_wconf 75' lang='lat' dir='ltr'>mrum.</span> <span class='ocrx_word' id='word_1_561' title='bbox 271 5319 447 5379; x_wconf 80' lang='lat' dir='ltr'>AtWeddin</span> <span class='ocrx_word' id='word_1_562' title='bbox 489 5321 899 5394; x_wconf 75' lang='lat' dir='ltr'>spretermittensmiracula,</span> <span class='ocrx_word' id='word_1_563' title='bbox 956 5324 1121 5396; x_wconf 85' lang='lat' dir='ltr'>nuscript03</span> <span class='ocrx_word' id='word_1_564' title='bbox 1141 5324 1243 5396; x_wconf 81' lang='lat' dir='ltr'>quibus</span> <span class='ocrx_word' id='word_1_565' title='bbox 1261 5322 1346 5380; x_wconf 89' lang='lat' dir='ltr'>modo</span> <span class='ocrx_word' id='word_1_566' title='bbox 1360 5339 1394 5380; x_wconf 87' lang='lat' dir='ltr'>su</span> <span class='ocrx_word' id='word_1_567' title='bbox 1433 5323 1694 5400; x_wconf 81' lang='lat' dir='ltr'>rsedendumdnni,</span> <span class='ocrx_word' id='word_1_568' title='bbox 1711 5351 1745 5395; x_wconf 90' lang='lat' dir='ltr'>ea</span> 
     </span>
     <span class='ocr_line' id='line_1_53' title="bbox 135 5384 1746 5478; baseline 0.004 -32"><span class='ocrx_word' id='word_1_569' title='bbox 135 5384 243 5448; x_wconf 77' lang='lat' dir='ltr'>hodiem</span> <span class='ocrx_word' id='word_1_570' title='bbox 262 5390 310 5449; x_wconf 93' lang='lat' dir='ltr'>hic</span> <span class='ocrx_word' id='word_1_571' title='bbox 326 5397 427 5447; x_wconf 88' lang='lat' dir='ltr'>monet</span> <span class='ocrx_word' id='word_1_572' title='bbox 444 5390 488 5448; x_wconf 88' lang='lat' dir='ltr'>hs</span> <span class='ocrx_word' id='word_1_573' title='bbox 506 5391 602 5449; x_wconf 86' lang='lat' dir='ltr'>verbis</span> <span class='ocrx_word' id='word_1_574' title='bbox 622 5409 629 5448; x_wconf 91' lang='lat'>:</span> <span class='ocrx_word' id='word_1_575' title='bbox 648 5392 692 5450; x_wconf 80' lang='lat' dir='ltr'>Ad</span> <span class='ocrx_word' id='word_1_576' title='bbox 711 5392 797 5450; x_wconf 86' lang='lat' dir='ltr'>finem</span> <span class='ocrx_word' id='word_1_577' title='bbox 818 5393 902 5466; x_wconf 88' lang='lat' dir='ltr'>hujus</span> <span class='ocrx_word' id='word_1_578' title='bbox 955 5409 1021 5452; x_wconf 92' lang='lat' dir='ltr'>cum</span> <span class='ocrx_word' id='word_1_579' title='bbox 1038 5394 1160 5461; x_wconf 88' lang='lat' dir='ltr'>caeteris,</span> <span class='ocrx_word' id='word_1_580' title='bbox 1177 5409 1240 5465; x_wconf 80' lang='lat' dir='ltr'>qum</span> <span class='ocrx_word' id='word_1_581' title='bbox 1259 5391 1306 5449; x_wconf 87' lang='lat' dir='ltr'>hic</span> <span class='ocrx_word' id='word_1_582' title='bbox 1325 5392 1385 5450; x_wconf 88' lang='lat' dir='ltr'>desi</span> <span class='ocrx_word' id='word_1_583' title='bbox 1407 5395 1481 5450; x_wconf 87' lang='lat' dir='ltr'>erari</span> <span class='ocrx_word' id='word_1_584' title='bbox 1501 5406 1630 5469; x_wconf 90' lang='lat' dir='ltr'>possunt,</span> <span class='ocrx_word' id='word_1_585' title='bbox 1646 5401 1682 5460; x_wconf 89' lang='lat' dir='ltr'>de</span> <span class='ocrx_word' id='word_1_586' title='bbox 1695 5421 1746 5478; x_wconf 73' lang='lat' dir='ltr'>pa.</span> 
     </span>
     <span class='ocr_line' id='line_1_54' title="bbox 135 5457 1748 5545; baseline 0.012 -29"><span class='ocrx_word' id='word_1_587' title='bbox 135 5457 184 5516; x_wconf 77' lang='lat' dir='ltr'>tite</span> <span class='ocrx_word' id='word_1_588' title='bbox 198 5462 280 5519; x_wconf 85' lang='lat' dir='ltr'>multe</span> <span class='ocrx_word' id='word_1_589' title='bbox 300 5459 429 5518; x_wconf 82' lang='lat' dir='ltr'>adnectit</span> <span class='ocrx_word' id='word_1_590' title='bbox 446 5464 589 5544; x_wconf 84' lang='lat' dir='ltr'>pervarie</span> <span class='ocrx_word' id='word_1_591' title='bbox 608 5463 731 5535; x_wconf 86' lang='lat' dir='ltr'>capitula</span> <span class='ocrx_word' id='word_1_592' title='bbox 752 5465 785 5520; x_wconf 84' lang='lat' dir='ltr'>h.</span> <span class='ocrx_word' id='word_1_593' title='bbox 805 5465 898 5522; x_wconf 85' lang='lat' dir='ltr'>Bona·</span> <span class='ocrx_word' id='word_1_594' title='bbox 955 5466 1020 5533; x_wconf 86' lang='lat' dir='ltr'>tria,</span> <span class='ocrx_word' id='word_1_595' title='bbox 1035 5465 1207 5538; x_wconf 84' lang='lat' dir='ltr'>genealogia</span> <span class='ocrx_word' id='word_1_596' title='bbox 1226 5471 1254 5520; x_wconf 86' lang='lat' dir='ltr'>et</span> <span class='ocrx_word' id='word_1_597' title='bbox 1312 5465 1493 5545; x_wconf 82' lang='lat' dir='ltr'>ysiognomia</span> <span class='ocrx_word' id='word_1_598' title='bbox 1512 5470 1604 5525; x_wconf 88' lang='lat' dir='ltr'>sancti</span> <span class='ocrx_word' id='word_1_599' title='bbox 1618 5472 1671 5529; x_wconf 86' lang='lat' dir='ltr'>viri</span> <span class='ocrx_word' id='word_1_600' title='bbox 1687 5480 1748 5536; x_wconf 86' lang='lat' dir='ltr'>suis</span> 
     </span>
     <span class='ocr_line' id='line_1_55' title="bbox 136 5531 1746 5619; baseline 0.012 -32"><span class='ocrx_word' id='word_1_601' title='bbox 136 5538 229 5588; x_wconf 78' lang='lat' dir='ltr'>teumu</span> <span class='ocrx_word' id='word_1_602' title='bbox 250 5532 285 5590; x_wconf 82' lang='lat' dir='ltr'>Il.</span> <span class='ocrx_word' id='word_1_603' title='bbox 311 5531 458 5590; x_wconf 68' lang='lat' dir='ltr'>limabat</span> <span class='ocrx_word' id='word_1_604' title='bbox 482 5533 635 5602; x_wconf 83' lang='lat' dir='ltr'>miracula,</span> <span class='ocrx_word' id='word_1_605' title='bbox 655 5532 691 5591; x_wconf 81' lang='lat' dir='ltr'>ab</span> <span class='ocrx_word' id='word_1_606' title='bbox 716 5532 819 5592; x_wconf 86' lang='lat' dir='ltr'>eodem</span> <span class='ocrx_word' id='word_1_607' title='bbox 837 5541 903 5607; x_wconf 90' lang='lat' dir='ltr'>post</span> <span class='ocrx_word' id='word_1_608' title='bbox 955 5534 1266 5607; x_wconf 85' lang='lat' dir='ltr'>lecisproductnrusin</span> <span class='ocrx_word' id='word_1_609' title='bbox 1289 5548 1370 5590; x_wconf 90' lang='lat' dir='ltr'>noem</span> <span class='ocrx_word' id='word_1_610' title='bbox 1384 5548 1413 5590; x_wconf 85' lang='lat' dir='ltr'>in</span> <span class='ocrx_word' id='word_1_611' title='bbox 1426 5536 1746 5619; x_wconf 77' lang='lat' dir='ltr'>hundihusllinoruin,</span> 
     </span>
     <span class='ocr_line' id='line_1_56' title="bbox 137 5600 1653 5688; baseline 0.009 -34"><span class='ocrx_word' id='word_1_612' title='bbox 137 5607 228 5658; x_wconf 74' lang='lat' dir='ltr'>numm</span> <span class='ocrx_word' id='word_1_613' title='bbox 238 5609 365 5674; x_wconf 81' lang='lat' dir='ltr'>petrate3</span> <span class='ocrx_word' id='word_1_614' title='bbox 376 5600 476 5672; x_wconf 70' lang='lat' dir='ltr'>thm</span> <span class='ocrx_word' id='word_1_615' title='bbox 486 5602 575 5675; x_wconf 84' lang='lat' dir='ltr'>plura,</span> <span class='ocrx_word' id='word_1_616' title='bbox 585 5617 640 5661; x_wconf 84' lang='lat' dir='ltr'>nac</span> <span class='ocrx_word' id='word_1_617' title='bbox 652 5601 795 5673; x_wconf 85' lang='lat' dir='ltr'>inferiora,</span> <span class='ocrx_word' id='word_1_618' title='bbox 805 5604 901 5663; x_wconf 87' lang='lat' dir='ltr'>inveni</span> <span class='ocrx_word' id='word_1_619' title='bbox 956 5605 1125 5677; x_wconf 86' lang='lat' dir='ltr'>quantocius</span> <span class='ocrx_word' id='word_1_620' title='bbox 1138 5603 1266 5662; x_wconf 87' lang='lat' dir='ltr'>edendis.</span> <span class='ocrx_word' id='word_1_621' title='bbox 1280 5603 1464 5678; x_wconf 81' lang='lat' dir='ltr'>(wadingus,</span> <span class='ocrx_word' id='word_1_622' title='bbox 1480 5610 1556 5665; x_wconf 81' lang='lat' dir='ltr'>Anu.</span> <span class='ocrx_word' id='word_1_623' title='bbox 1567 5611 1653 5688; x_wconf 80' lang='lat' dir='ltr'>ltin.)</span> 
     </span>
    </p>
   </div>
   <div class='ocr_carea' id='block_1_8' title="bbox 0 0 1994 6196">
    <p class='ocr_par' dir='ltr' id='par_1_12' title="bbox 0 0 1994 6196">
     <span class='ocr_line' id='line_1_57' title="bbox 0 0 1994 6196; baseline 0 0"><span class='ocrx_word' id='word_1_624' title='bbox 0 0 1994 6196; x_wconf 95' lang='lat' dir='ltr'> </span> 
     </span>
    </p>
   </div>
  </div>
 </body>
</html>
