3950 6200
4 414 6 437 ÷
117 373 148 434 al
742 367 973 428 EPISTOLAE.
997 368 1075 428 LIB.
1098 370 1138 427 Χ.
1718 376 1757 432 38

4 546 6 557 “
117 526 477 600 ηιιθηῖθε,αιιοῒοι·ἱῒαῒθ
489 526 553 588 tibi
567 526 782 603 praesentium
796 524 911 588 indul·
965 527 1138 588 cantatam
1166 528 1257 587 tuam
1288 527 1399 590 debita
1425 531 1657 607 prosequimur
1679 548 1760 608 gra-

117 643 219 705 gemns
243 626 293 696 ut,
317 624 512 687 terminatis
532 624 643 685 causis
664 623 706 683 ab
720 623 911 700 apostolica
963 625 1087 686 tiaram
1116 624 1256 685 actione.
1282 627 1404 685 Verum
1443 626 1557 688 fideles
1583 629 1758 704 religionis

116 725 167 788 tihi
180 722 552 797 Sedecommissis,per
568 720 821 781 commissiones
832 736 911 780 nos-
965 721 1075 792 illius,
1106 725 1143 781 ut
1175 721 1322 785 veridica
1355 723 1517 783 relatione
1549 727 1757 801 accepimus,

4 846 6 893 t
116 827 187 891 tras,
202 836 288 899 qnas
304 821 346 880 de
367 820 491 881 caetero
505 818 547 879 ad
561 818 782 894 reimpetrari
803 817 912 879 conti·
964 818 1056 879 tanto
1074 818 1209 894 propter
1229 818 1292 879 hoc
1312 819 1459 895 tripudio
1481 822 1691 888 exultarunt,
1719 840 1758 883 ac

4 910 6 921 '
116 920 203 997 gerit,
220 934 291 980 non
303 918 455 979 tenearis
472 914 912 993 procedere,nisideindul·
965 913 994 973 si
1016 929 1121 974 novus
1147 913 1196 974 eis
1219 913 1353 976 Lucifer
1379 916 1561 989 illuxisset,
1590 920 1758 996 multaque

116 1017 219 1093 gentia
237 1015 435 1092 hujusmodi
453 1013 570 1074 fecerit
587 1012 800 1073 mentionem.
816 1011 911 1072 Nulli
965 1010 1155 1086 spiritualia
1168 1009 1330 1073 beneficia
1343 1026 1402 1089 per
1414 1014 1616 1090 episcopum,
1634 1017 1668 1077 et
1684 1015 1757 1077 fra-

118 1114 337 1191 ergoomnino
353 1111 527 1172 hominum
542 1109 910 1186 liceathancpaginam
963 1110 1033 1169 tres
1059 1108 1235 1185 praedictos
1257 1109 1371 1171 divina
1400 1110 1533 1173 favente
1559 1113 1667 1187 gratia
1691 1118 1759 1175 tam

4 1204 6 1215 '
116 1214 232 1272 nnstrae
248 1208 480 1271 concessionis
491 1208 686 1283 infringere,
701 1208 756 1269 rel
775 1207 807 1267 ei
826 1222 910 1267 ausu
965 1205 1059 1281 ipsis,
1077 1222 1175 1283 quam
1191 1207 1269 1267 aliis
1284 1208 1510 1283 provenerint,
1531 1209 1571 1270 de
1589 1227 1652 1287 quo
1670 1226 1760 1286 gau-

4 1338 5 1389 3
116 1308 296 1370 temerario
308 1307 489 1369 contraire.
508 1306 544 1367 Si
565 1305 640 1382 quis
654 1306 765 1366 autem
780 1305 844 1365 hoc
859 1304 912 1364 at·
965 1301 1080 1363 demus
1102 1304 1281 1385 plurimum
1303 1305 1338 1365 in
1364 1306 1516 1377 Domine,
1540 1308 1572 1368 et
1595 1307 1758 1369 laetarnur.

117 1408 241 1468 matare
250 1404 518 1481 praesumpserit,
533 1403 797 1478 indignationem
808 1402 911 1462 omni-
967 1402 1055 1461 Sane
1074 1416 1149 1460 cum
1169 1402 1332 1463 christani
1351 1418 1410 1478 per
1427 1403 1571 1476 diversa,
1588 1408 1621 1466 et
1633 1409 1760 1469 remota

117 1499 254 1577 potentis
278 1499 341 1559 Dei
368 1499 402 1558 et
431 1497 604 1559 beatorum
628 1496 720 1558 Petri
744 1499 777 1557 et
798 1495 906 1566 Pauli,
966 1497 1039 1557 loca
1056 1497 1148 1558 illius
1168 1499 1275 1573 regni,
1297 1500 1384 1576 quod
1405 1503 1506 1561 vastae
1530 1503 1774 1578 amplitudinis-

119 1596 341 1672 apostolorum
356 1598 441 1672 ejus,
467 1611 504 1656 se
530 1595 661 1656 nerent
681 1594 906 1654 incursurum.
964 1609 1039 1655 esse
1048 1595 1256 1667 describitur,
1269 1595 1388 1673 ubique
1398 1597 1539 1674 dispersi
1552 1615 1619 1660 non
1632 1602 1761 1677 possint

119 1694 232 1755 natum
246 1692 419 1760 Laterani,
432 1694 464 1752 X
478 1692 547 1754 hal.
563 1691 687 1765 martii,
698 1690 910 1767 pontificatus
964 1691 1006 1752 ab
1022 1708 1087 1753 nno
1104 1693 1269 1770 episcopo,
1280 1696 1433 1770 etpaucis
1445 1696 1604 1757 fratribus
1615 1699 1758 1769 visitari,

119 1789 219 1852 nostri
234 1805 325 1852 anno
343 1789 485 1851 decimo.
965 1790 1161 1866 praesertim,
1178 1794 1312 1867 propter
1336 1791 1502 1854 feritatem
1524 1795 1633 1870 gentis
1654 1796 1760 1865 illius,

965 1887 1242 1964 quaecrudelitate
1252 1889 1572 1967 nimiapersequitur
1584 1893 1761 1955 christiani

471 2018 556 2106 CIV
712 1992 715 1999 ’
965 1985 1110 2045 nominis
1126 1986 1352 2060 professores,
1369 1988 1402 2047 et
1421 1986 1541 2048 fratres
1562 1990 1660 2051 etiam
1674 1992 1762 2053 inter

966 2081 1079 2142 hostes
1103 2083 1136 2143 et
1159 2082 1271 2143 rabias
1296 2085 1507 2145 saevientium
1537 2085 1762 2149 discurrentes

122 2167 908 2244 Momm,arehiepiscopumTOlsslalittm·
966 2178 1188 2245 sacerdotalia
1203 2181 1408 2253 indumenta,
1423 2184 1457 2244 et
1475 2199 1555 2244 vasa
1574 2185 1761 2263 ministerio

366 2308 403 2365 Ἃ)
421 2306 555 2364 februarii
575 2308 654 2365 1226·
966 2275 1075 2336 dicata
1096 2292 1209 2336 secum
1229 2276 1360 2339 deferre
1387 2295 1453 2340 non
1480 2280 1615 2342 ualeant
1637 2282 1762 2359 absque

965 2372 1082 2433 mortis
1112 2373 1304 2437 discrimine
1330 2375 1527 2449 manifest0;
1556 2378 1760 2440 inevitabilis

966 2469 1178 2531 necessitatis
1194 2471 1354 2532 articulus
1374 2473 1539 2535 instanter
1553 2477 1703 2551 exposcit
1726 2477 1761 2537 in

126 2557 158 2615 ltt
169 2554 269 2613 trahes
282 2554 392 2612 ordinis
407 2554 642 2624 Proedicatomm,
666 2560 695 2612 et
713 2554 855 2611 itinerum
876 2551 911 2609 ad
966 2566 1029 2626 1100
1055 2567 1188 2642 neggi„
1212 2567 1435 2631 abundantius
1463 2570 1642 2645 prm-meri,
1673 2575 1763 2644 Quo.

153 2660 271 2719 ’ΨΜ
296 2644 468 2701 bliramolini
489 2658 540 2715 1³⁸⁰
564 2642 620 2699 fide
640 2641 743 2701 Christi
757 2639 910 2709 servanda,
966 2664 1057 2725 circa
1072 2663 1273 2728 fraternitati
1283 2668 1349 2728 tuae
1362 2683 1422 2742 per
1435 2669 1625 2744 Apostolica
1638 2670 1762 2747 scripta

152 2741 180 2790 et
201 2730 347 2831 ‘lima
369 2730 512 2829 destinare
531 2737 626 2801 ⁰¹³0ss
650 2736 679 2786 ⁶¹
697 2731 731 2830 ‚⁸i.
744 2728 910 2829 expedfem’
966 2761 1190 2838 praecipiendo
1210 2763 1423 2835 mandamns,
1450 2767 1613 2840 quatenus
1642 2766 1762 2828 fratres

151 2820 281 2879 mamea
292 2821 535 2893 ilhseprscopum
549 2819 595 2875 vel
609 2816 681 2875 duos
695 2817 734 2874 1b1
748 2824 910 2874 constituat.
967 2859 1140 2936 utriusque
1169 2861 1297 2921 ordinis
1326 2862 1501 2937 providos,
1542 2865 1575 2924 et
1600 2864 1761 2926 discretos

156 2964 324 3025 Honorius
334 2962 648 3039 episcopusservus
657 2976 830 3021 servorum
839 2961 910 3031 bei,
966 2956 1128 3016 zelatores
1146 2957 1344 3029 animarum,
1368 2961 1401 3019 et
1424 2958 1458 3018 iu
1479 2959 1601 3022 Christi
1617 2963 1761 3022 nominis

121 3060 302 3122 venerabili
317 3058 454 3122 fratri...
469 3058 720 3134 archiepiscopo
738 3057 909 3129 Toletan0,
967 3052 1176 3115 confessione
1195 3055 1401 3126 constantes,
1423 3056 1575 3132 quotiens
1591 3074 1673 3134 opus
1688 3058 1762 3120 fue-

121 3158 302 3219 salutemet
317 3155 541 3233 apostolicam
554 3154 832 3217 benedictionem.
967 3150 1021 3222 rit,
1037 3152 1070 3213 et
1091 3151 1287 3227 expedierit,
1304 3153 1346 3211 ad
1362 3152 1453 3214 illam
1475 3156 1680 3229 provinciam
1700 3173 1759 3232 pro

157 3257 301 3330 Urgente
316 3252 420 3315 officii
434 3253 541 3315 nostri
555 3251 676 3319 debito,
698 3267 762 3328 quo
782 3251 912 3327 sapien·
966 3248 1035 3307 tam
1051 3249 1252 3318 necessario,
1276 3250 1309 3310 et
1330 3250 1506 3311 excellenti
1529 3267 1629 3328 opere
1653 3254 1759 3315 desti-

119 3351 214 3422 hbus‚
231 3353 266 3412 et
278 3349 527 3426 insipientibus,
543 3348 695 3409 fidelibus
716 3349 748 3409 et
767 3347 913 3408 infideli-
967 3360 1050 3404 nare
1070 3361 1251 3421 procures:
1268 3347 1302 3407 et
1322 3348 1366 3419 si,
1388 3349 1424 3408 ut
1443 3347 1538 3408 nobis
1557 3351 1759 3425 suggeritur,

118 3445 177 3508 bus
191 3447 358 3508 efficimur
372 3445 549 3516 debitores
565 3445 689 3504 dudum
708 3443 912 3506 fraternitati
966 3443 1254 3518 pernecessarium
1276 3459 1349 3504 esse
1371 3446 1578 3520 cognoveris,
1604 3451 1637 3507 et
1658 3463 1762 3523 expe·

220 2431 363 2496 [Sbaralea,
375 2431 471 2480 Bullar.
482 2430 619 2488 Francisc,
632 2430 651 2488 1,
664 2428 704 2490 ii,
714 2444 740 2479 n.
750 2427 802 2495 ih]

117 3547 181 3605 fnae
195 3544 348 3605 dedimus
362 3543 398 3603 in
413 3542 591 3613 mandatis,
608 3543 644 3603 ut
665 3541 911 3615 cuminregno
967 3538 1182 3609 diens‚unum
1193 3539 1391 3600 veldnosen
1402 3542 1483 3616 ipsis
1494 3544 1599 3616 magis
1611 3544 1759 3604 eruditos
1853 3547 1859 3566 ‘

117 3641 323 3702 Miramolini
335 3641 449 3716 plnres
462 3638 637 3699 christiani
650 3638 772 3714 captivi
784 3638 912 3699 terrore
967 3636 1003 3695 in
1018 3636 1090 3711 lege
1106 3635 1248 3708 Domini,
1266 3637 1347 3697 etin
1364 3637 1487 3699 Christi
1502 3639 1678 3700 dilectione
1692 3640 1760 3702 fer·
1777 3715 1785 3730 ι

117 3754 302 3814 poenarum,
319 3739 352 3799 et
372 3736 490 3797 mortis
511 3735 718 3811 apostotasse
740 3735 910 3808 dicentum
966 3735 1081 3795 ventes
1105 3733 1141 3793 in
1164 3734 1336 3810 episcopos
1357 3751 1563 3808 consecrare,
1580 3752 1620 3797 ac
1647 3739 1688 3798 ad
1709 3739 1760 3799 di-

118 3836 197 3910 quin
218 3836 322 3896 etiam
341 3833 572 3910 pusillanimes
600 3831 635 3891 in
659 3832 724 3891 fide
756 3833 911 3894 nutantes
965 3845 1064 3892 versa
1091 3830 1165 3891 loca
1190 3831 1325 3892 illarum
1351 3834 1495 3908 partium
1523 3834 1564 3893 ad
1587 3837 1759 3910 evangeli-

119 3933 158 3993 ad
173 3931 396 4008 precipitium
413 3930 527 3991 essent
541 3929 656 4006 proni3
677 3929 807 4005 aliquos
822 3928 912 3989 viros
965 3928 1118 3999 nandum,
1135 3927 1168 3989 et
1178 3927 1366 4004 pontificale
1379 3929 1524 3991 officium
1538 3933 1759 3996 exercendum

120 4030 297 4105 prudentes
321 4043 364 4088 ex
385 4026 545 4088 fratribus
569 4025 858 4096 Praedicatoribns,
880 4028 915 4087 et
965 4023 1002 4083 in
1017 4025 1179 4100 susceptae
1192 4025 1396 4100 paupertatis
1412 4026 1599 4088 humilitate
1614 4028 1759 4103 dirigere

120 4123 275 4187 fratribus
290 4121 912 4184 Minoribusillucauctoritatenostra
966 4121 1107 4197 poteris;
1142 4123 1241 4197 prout
1276 4122 1378 4183 fuerit
1403 4126 1642 4199 opportunum,
1675 4126 1759 4187 dans

120 4223 363 4284 transmitteres
386 4219 428 4282 ad
453 4218 715 4281 convertendum
737 4218 909 4288 infideles,
965 4216 1049 4294 ipsis
1068 4217 1208 4278 consilia
1229 4217 1392 4291 salubria,
1422 4221 1455 4280 et
1478 4220 1595 4281 salutis
1619 4223 1756 4295 monita,

120 4319 231 4382 divium
261 4319 372 4395 gratia
397 4317 590 4394 praeeunte,
620 4314 912 4392 praedicationibus
967 4314 1129 4392 quomodo
1154 4318 1249 4376 caute
1274 4316 1360 4392 apud
1388 4316 1466 4376 illos
1489 4316 1661 4380 ambulare
1687 4321 1760 4382 stu-

121 4419 152 4478 ct
169 4416 335 4493 exemplis
362 4414 559 4489 erigendum
577 4412 754 4488 collapsos,
779 4411 913 4474 confor·
967 4410 1077 4483 deant,
1090 4412 1146 4488 qui
1161 4413 1239 4474 sunt
1253 4412 1345 4478 foris,
1360 4428 1426 4473 non
1442 4415 1537 4490 quasi
1550 4415 1757 4492 insipientes

122 4514 254 4575 tandum
269 4511 400 4584 dubios,
417 4511 451 4573 et
465 4509 728 4572 confirmandum
746 4508 910 4570 robustos.
967 4508 1150 4576 indiscreti,
1165 4510 1198 4569 et
1218 4508 1415 4585 praecipites,
1438 4510 1496 4571 sed
1519 4514 1556 4573 ut
1578 4514 1757 4590 sapientes,

122 4610 309 4687 ndjecimus
331 4611 490 4685 insuper,
519 4607 555 4669 ut
587 4606 731 4683 aliquem
759 4621 803 4666 ex
830 4606 913 4682 ipsis
966 4605 1107 4682 providi,
1125 4606 1157 4666 et
1183 4606 1317 4677 maturi,
1338 4608 1478 4683 tempus,
1504 4611 1540 4669 ut
1561 4611 1756 4687 expedierit,

122 4706 276 4770 handus
295 4706 496 4769 auctoritate
519 4703 709 4782 apostolica
728 4704 763 4764 in
782 4703 914 4779 episco·
966 4702 1178 4771 redimentes,
1190 4702 1342 4764 omnibus
1355 4704 1466 4765 omnia
1483 4704 1562 4766 facti
1577 4707 1757 4768 secundum

123 4820 197 4880 pum
223 4818 461 4875 consecrares,
487 4801 545 4879 qui
565 4800 756 4878 pontificale
790 4798 915 4861 ibidem
965 4799 1114 4875 Apostoli
1142 4798 1383 4874 magisterium,
1412 4801 1449 4861 ut
1475 4800 1606 4862 Christo
1635 4803 1757 4864 multos

124 4900 263 4964 officinm
276 4901 461 4971 exerceret,
476 4914 541 4977 quo
554 4897 667 4959 fideles
685 4897 820 4959 illarum
834 4913 914 4974 par·
966 4896 1192 4968 lucrifaciant,
1222 4897 1255 4956 et
1278 4896 1421 4972 copiosa
1437 4897 1554 4957 messis
1579 4896 1756 4959 abnndan-

5 4979 12 5068 't
124 4998 239 5060 tiuma
261 5001 437 5075 tempore,
457 5011 521 5073 quo
535 5011 603 5056 non
616 4996 726 5056 exstat
737 4994 910 5055 memoria.
965 4993 1047 5054 tiam
1065 4992 1212 5053 inferant
1237 4991 1368 5053 horreis
1392 4991 1578 5065 dominicis,
1595 4996 1757 5055 mercedis

126 5095 306 5156 caruerunt
338 5093 435 5155 Unde
461 5093 508 5163 tu,
540 5091 578 5151 ut
601 5090 738 5154 devotus
761 5089 912 5150 ecclesiae
966 5089 1223 5150 immensitatem
1267 5103 1326 5164 pro
1367 5088 1492 5150 laboris
1527 5091 1757 5166 magnitudine

127 5190 225 5265 tilius,
255 5191 439 5267 diligenter
468 5187 661 5249 mandatum
686 5186 913 5263 apostolicum
967 5186 1175 5262 postmodum
1209 5186 1386 5262 recepturi.
1425 5187 1543 5246 Datum
1579 5189 1755 5262 Laterani,

127 5289 314 5362 peremnia
339 5285 484 5364 exsequi
510 5283 691 5356 curavisti,
725 5298 914 5360 superque
967 5284 997 5342 X
1021 5282 1088 5342 kal.
1110 5282 1234 5350 martii,
1255 5297 1342 5342 anno
1365 5281 1503 5342 decimo.
