3950 6200
296 292 357 358 563
767 290 825 354 ΔΙ)
851 288 991 353 ornile
1019 289 1052 352 S.
1076 291 1250 354 ANTONII
1277 294 1473 358 PADUAM
1771 239 1773 242 '
1831 305 1872 372 tol

296 468 397 530 qum
406 447 633 529 profitebatur,
643 448 1091 526 explanationemtumoon·
1144 400 1278 513 rannidi
1292 452 1480 518 resistebat
1498 454 1874 536 'l'anbnamouepmsdem

298 551 422 621 clonae,
439 561 522 626 quas
536 547 674 608 baberet
685 546 726 608 ad
742 547 892 624 populos,
905 546 1089 610 coelestium
1144 549 1437 625 reprehensibiles,
1446 551 1650 629 grandesque
1661 569 1801 630 personas
1811 574 1875 622 aare

297 647 523 710 doctrinarum
546 645 592 717 vi,
615 644 649 706 et
673 644 838 707 suavitate
863 643 1089 722 perfunderet,
1144 647 1243 708 ritate
1263 649 1436 724 corripuit,
1454 649 1491 709 nt
1515 649 1574 710 aiii
1596 651 1774 727 plerumque
1789 654 1875 718 onai

298 747 398 821 etqua
413 744 450 804 in
473 742 614 804 salutem
635 742 780 804 verteret
800 742 1000 804 animarum.
1014 743 1090 804 bie-
1144 743 1379 820 praedicatores
1391 745 1456 807 boc
1470 745 1652 819 audientes,
1663 747 1723 825 ipsi
1734 748 1770 810 ad
1778 749 1876 829 introi

295 843 429 904 momnt
441 840 540 912 istud,
562 840 632 902 tum
656 855 842 917 anonymus
865 839 1091 916 Legendae,nt
1144 840 1219 902 dam
1239 841 1304 902 viri
1318 843 1540 905 constantiam
1562 844 1874 923 trepidarenbetpue·

295 939 404 1012 aiunt,
419 938 501 1000 satis
515 938 665 999 uetustus
678 939 796 999 ausim
810 935 870 1017 (1),
886 937 956 1000 tum
967 936 1089 1013 reliqui
1144 938 1219 999 dam
1232 939 1517 1016 pusillanimitatis
1538 940 1657 1002 rubore
1677 941 1875 1021 perfusilonge

295 1050 422 1105 omnes,
434 1035 492 1112 qui
507 1034 622 1096 Sancti
636 1034 750 1107 vitam,
765 1049 870 1096 acres
880 1034 982 1106 clare,
997 1049 1090 1096 sanc·
1143 1035 1263 1097 abone
1277 1037 1396 1113 potius,
1417 1053 1518 1115 quam
1537 1038 1654 1099 adesse
1671 1039 1810 1111 solentes,
1821 1057 1875 1102 con·

294 1133 394 1210 teque
408 1131 519 1209 gestas
534 1130 683 1194 uberiori
693 1131 770 1193 stilo
779 1132 998 1208 scripeemmt,
1007 1147 1089 1208 qums
1143 1131 1236 1195 fusas
1250 1149 1363 1206 manu,
1376 1134 1430 1196 vel
1442 1136 1534 1197 ueste
1549 1133 1673 1197 bootes
1684 1134 1875 1199 obducerent»

292 1229 393 1302 inter,
416 1232 455 1291 P.
485 1230 593 1292 Lucas
615 1228 825 1305 Waddingus
840 1227 901 1308 (2),
915 1231 949 1291 et
973 1230 1089 1290 noda
1143 1230 1236 1302 Quod
1264 1246 1343 1293 sero
1369 1231 1512 1293 alterum
1532 1233 1668 1309 spectat,
1691 1233 1784 1293 uomit
1799 1250 1875 1305 nono,

293 1326 379 1387 sime
393 1330 432 1388 Ρ.
451 1326 631 1403 Argolicus
645 1327 686 1388 de
708 1326 874 1398 vicentia,
896 1326 954 1404 qui
973 1326 1089 1388 italice
1142 1327 1276 1403 uuodin
1285 1329 1466 1404 praecitatis
1475 1330 1568 1392 ecus
1578 1327 1876 1408 perbibetnrfi).liun

294 1423 411 1485 scribit
425 1421 474 1501 (3)
491 1443 499 1483 r
515 1440 534 1483 ‹
549 1425 676 1485 cumin
688 1422 839 1485 coenobio
851 1423 1090 1500 Montispessu·
1142 1439 1261 1502 nempe
1282 1423 1409 1487 tantm
1428 1426 1571 1503 desuper
1595 1427 1731 1503 matiam
1743 1427 1876 1502 tempusa

293 1520 365 1581 lani
378 1519 582 1596 theologiam
600 1520 764 1583 Antonius
790 1520 1000 1597 praelegerat,
1014 1520 1090 1598 qui-
1142 1523 1180 1583 ut
1204 1523 1367 1589 memoria
1394 1537 1454 1599 pro
1477 1523 1648 1585 cofflmbus
1671 1521 1809 1586 uteretur.
1819 1525 1878 1585 iiiuc

295 1617 372 1678 dam
385 1617 645 1694 edemtjurenis
660 1618 696 1678 in
714 1619 976 1680 Franciscanum
992 1618 1087 1679 ordi·
1142 1619 1341 1695 praeclarum
1368 1619 1450 1680 illud
1479 1621 1557 1682 Diri
1586 1622 1805 1682 Bonarenturn
1823 1619 1876 1696 til:

293 1729 370 1775 nem
383 1728 500 1776 recens
515 1714 673 1788 adscitus,
689 1715 747 1791 qui
770 1714 892 1776 librum
912 1714 1087 1793 quemdam
1143 1718 1296 1777 «Beatus
1320 1717 1484 1778 Antonius
1503 1717 1624 1780 babuit
1637 1718 1673 1779 in
1698 1733 1732 1779 se
1751 1717 1878 1780 scientim

292 1811 541 1888 manupropria
562 1811 797 1875 beatiantonii
816 1813 991 1875 exaratum
1003 1812 1088 1874 dam
1143 1813 1291 1876 omnium
1325 1813 1538 1892 antiquorum
1555 1832 1593 1886 a,
1619 1814 1770 1876 humanas
1790 1814 1878 1875 sulm

295 1909 440 1981 sustulit,
459 1924 495 1970 se
512 1909 589 1970 dein
610 1909 697 1985 rugas
723 1910 948 1985 committens3
970 1924 1089 1986 quare
1142 1924 1269 1982 omnes,
1284 1925 1323 1972 ac
1344 1910 1477 1973 divinas
1497 1911 1682 1984 facultates,
1698 1910 1876 1989 quibusleu-

293 2006 759 2082 gravitardolensdntonius,
775 2008 860 2084 quod
877 2006 964 2068 liber
982 2021 1089 2084 expo·
1142 2006 1324 2083 pletissime
1354 2008 1513 2071 universa
1536 2008 1645 2085 ipsius
1668 2009 1778 2085 scripta
1798 2023 1878 2067 cuna

292 2103 461 2178 sidonem,
478 2120 538 2165 seu
557 2103 704 2180 glossam
724 2105 759 2165 in
779 2104 928 2181 singulos
942 2104 1087 2181 psalmos
1141 2103 1264 2165 lantur.
1280 2105 1365 2166 Hinc
1379 2121 1400 2167 a
1415 2106 1575 2182 Gregorio
1599 2109 1689 2182 Papa
1705 2108 1747 2166 lli
1761 2103 1878 2179 drgdio'

292 2201 429 2263 Doridis
444 2202 641 2274 contineret,
657 2217 763 2279 eoque
777 2203 818 2263 ad
839 2202 1018 2264 conciones
1032 2217 1089 2262 sa·
1141 2201 1262 2277 elogio,
1273 2202 1421 2280 nullique
1428 2202 1538 2264 adbuc
1548 2202 1640 2264 inter
1648 2200 1879 2275 Ecclesiamgis

292 2313 380 2371 oras,
393 2314 573 2376 rerumque
588 2298 853 2375 theologicarum
872 2299 1086 2376 explanatio·
1141 2298 1211 2358 tros
1225 2298 1395 2374 attributo,
1410 2302 1503 2362 Arca
1513 2299 1721 2362 Testamenti
1733 2297 1775 2377 (l)
1785 2296 1881 2359 concii·

292 2409 369 2456 nem
383 2396 433 2456 uti
445 2396 580 2470 soleret,
591 2396 739 2457 animum
748 2396 789 2457 ad
802 2395 987 2458 orationem
996 2395 1088 2456 adbi·
1141 2395 1261 2456 matus.
1294 2395 1380 2457 Hinc
1405 2395 1549 2473 denique
1571 2395 1803 2458 laudatissimus
1819 2392 1880 2453 lieu

290 2490 382 2567 buit3
396 2492 597 2570 tactumque,
612 2495 652 2556 ut
663 2493 851 2556 latrunculo
860 2491 1087 2569 interfugieuti
1142 2491 1297 2554 Pontifex
1305 2492 1394 2554 inter
1404 2492 1538 2571 publica
1549 2493 1658 2570 ipsius
1668 2494 1738 2556 acta
1749 2489 1880 2553 mmmm

291 2589 334 2650 ad
349 2590 471 2651 ostium
486 2590 660 2668 cujusdam
675 2590 785 2667 pontis
800 2590 930 2653 daemou
944 2589 1088 2652 astimrit
1141 2589 1243 2650 tionis
1269 2589 1390 2665 spiritu
1415 2589 1570 2652 exultans
1586 2635 1596 2665 ‚
1627 2589 1727 2652 veluti
1748 2589 1879 2650 Doctorum

291 2685 438 2748 minatus
452 2702 581 2759 necem,
597 2688 632 2747 ni
647 2687 754 2750 redux
768 2687 933 2749 sublatum
945 2686 1087 2749 Antonio
1141 2682 1217 2745 albo
1227 2673 1609 2764 illaturusintonuit(8):
1621 2688 1647 2748 0
1657 2685 1774 2748 Doctor
1781 2683 1880 2758 optiliu

290 2781 439 2844 codicem
459 2784 653 2846 restitueret
672 2805 680 2844 ε
702 2786 772 2857 Quo
796 2784 852 2845 bic
873 2783 1033 2852 codicem,
1051 2784 1088 2844 ut
1140 2781 1442 2843 Ecclestoesanctoe
1454 2787 1584 2854 lumen,
1601 2784 1695 2845 beate
1708 2782 1880 2852 ememor

292 2880 435 2956 optarat,
454 2881 709 2958 recuperavit.»
1140 2877 1370 2940 servatumest
1390 2879 1505 2955 postea
1515 2893 1621 2956 penes
1635 2872 1881 2940 umrersmord·

331 2976 502 3054 Principio
516 2994 660 3056 namque
670 2994 744 3039 esse
756 2979 845 3039 bunc
857 2977 945 3039 inter
959 2992 1087 3054 germa·
1140 2988 1215 3035 nem
1231 2974 1502 3047 Franciscanum‚
1518 2975 1553 3036 ut
1567 2976 1739 3037 iectioms
1755 2973 1784 3034 in
1801 2968 1880 3032 Obicio

292 3087 354 3136 nos
363 3074 500 3138 Antonii
509 3074 608 3138 foetus
619 3075 860 3138 numerandum
868 3090 935 3137 non
946 3074 1086 3137 obscure
1140 3069 1207 3133 diei
1221 3070 1286 3149 ipsi
1301 3070 1405 3147 festia,
1422 3070 1456 3133 et
1469 3072 1505 3133 in
1524 3071 1631 3135 Missa
1645 3071 1799 3141 introitus,
1811 3065 1880 3144 ipis·

292 3173 411 3235 suadet
423 3172 517 3245 illud,
527 3173 614 3251 quod
626 3173 802 3236 manifesto
816 3174 859 3235 iis
871 3173 993 3235 emicat
1007 3172 1086 3234 duo·
1139 3168 1220 3238 tola,
1235 3170 1269 3230 et
1287 3168 1505 3245 Evangelium
1526 3171 1705 3233 Doctorum
1718 3166 1879 3231 cmeronur.

290 3268 353 3331 bus
369 3271 606 3344 caracteribus,
621 3287 706 3348 quos
724 3270 971 3333 uetustissimus
986 3270 1084 3332 acto·
1178 3268 1252 3329 tam
1266 3266 1376 3329 autem
1390 3266 1427 3328 in
1437 3265 1512 3341 boc,
1526 3268 1566 3329 de
1578 3283 1645 3345 quo
1657 3266 1786 3343 agimus,
1798 3259 1881 3324 codo

288 3382 364 3428 rum
382 3369 455 3445 ejus
475 3368 618 3444 scriptor
638 3368 675 3428 in
695 3368 844 3445 ejusdem
868 3365 1085 3431 concionibus
1139 3361 1275 3424 difficile
1298 3361 1389 3425 dictu
1404 3363 1465 3437 est,
1481 3380 1554 3442 quae
1569 3365 1617 3425 sii
1630 3364 1739 3426 sancte
1751 3359 1836 3423 libera
1848 3355 1883 3415 ti·

289 3464 463 3525 refulsisse
485 3465 628 3528 testatur
654 3486 661 3525 :
687 3464 773 3526 mira
799 3460 954 3526 videlicet
980 3461 1084 3524 animi
1139 3458 1353 3536 cendicopia,
1364 3461 1468 3521 Deum
1478 3461 1626 3537 spirans,
1636 3476 1676 3523 ac
1687 3456 1884 3521 zelumiuoar·

289 3561 478 3643 constantia
490 3562 526 3623 in
539 3562 728 3640 principum
738 3561 936 3639 prasertim,
948 3575 989 3622 ac
1002 3575 1084 3637 pree·
1138 3556 1191 3617 nis
1212 3556 1246 3619 et
1263 3555 1378 3618 saeculi
1393 3557 1615 3633 corruptelas,
1632 3556 1722 3635 atqru
1738 3556 1883 3626 manueli

288 3657 435 3722 latorum
461 3660 608 3737 peccatis
633 3658 835 3736 arguendisr
862 3658 895 3719 et
916 3656 1084 3718 uberrime
1138 3652 1263 3715 acrium·
1276 3654 1313 3714 in
1346 3653 1518 3730 prelatos,
1551 3669 1694 3732 quornm
1725 3652 1805 3715 tanto
1828 3659 1883 3722 gra·

288 3757 452 3833 quadam
473 3772 514 3819 ac
527 3756 711 3833 singularis
729 3754 818 3818 inter
836 3753 1012 3816 dicendum
1026 3768 1085 3815 co-
1137 3750 1249 3813 viores
1271 3751 1350 3812 sunt
1376 3765 1487 3819 noxae,
1502 3753 1629 3827 quamn
1647 3750 1731 3812 alios
1751 3742 1883 3824 splenion

288 3852 345 3929 pla
367 3854 627 3932 scripturarum,
655 3868 720 3931 qua
748 3851 955 3916 audientium
980 3850 1083 3913 corda
1137 3846 1733 3925 superantdignitatis.Sedestdiotu
1743 3838 1882 3907 maius,

288 3952 491 4014 commoneri
514 3952 841 4029 pseudostomon
865 3948 963 4010 obrui
987 3948 1083 4010 uide·
1138 3960 1212 4023 quae
1225 3944 1269 4006 sit
1282 3943 1505 4006 humanarum
1524 3944 1660 4022 quidem
1675 3937 1882 4035 omniumlittc·

289 4049 419 4110 rentur.
435 4048 573 4127 litquod
589 4046 912 4112 sodomicam-illam
924 4047 1083 4108 constan·
1136 4056 1262 4114 rarum,
1293 4040 1351 4102 sed
1386 4040 1576 4103 diuinarum
1610 4041 1751 4104 maxime
1777 4034 1883 4098 ubam

289 4145 371 4206 tiam
400 4147 539 4224 spectat,
567 4144 713 4209 traditur
735 4145 772 4206 in
798 4145 871 4221 ejus
896 4142 988 4205 Actis
1007 4140 1081 4222 (l)r
1136 4138 1410 4217 utqueoruditi03
1424 4137 1564 4214 proinde
1577 4139 1691 4203 utbnc
1704 4147 1822 4201 musas
1832 4140 1885 4235 ooli

288 4244 466 4320 «Tangam
476 4244 656 4315 succincte,
664 4240 964 4320 quomodocnnctie
974 4254 1084 4316 aequa·
1136 4236 1275 4298 iinmsss
1298 4250 1427 4308 omnes,
1454 4235 1606 4313 illudque
1626 4251 1670 4299 ex
1692 4236 1751 4297 boc
1768 4229 1848 4293 etium
1861 4236 1885 4282 m

289 4337 625 4404 literannnntiaverit
636 4336 1082 4413 veneremnoecsiquidem
1136 4333 1279 4395 Autome
1293 4332 1465 4409 impletum
1478 4347 1655 4409 agnoscas,
1676 4330 1757 4409 quod
1775 4322 1886 4389 soluti·

287 4437 395 4499 uirtus
408 4437 444 4498 in
465 4438 539 4515 ipso
560 4438 684 4499 claruit
701 4436 738 4497 tn
761 4434 868 4498 oculis
893 4433 1081 4497 omnium...
1136 4430 1241 4490 rimm
1254 4428 1314 4489 ille
1327 4428 1552 4491 vercellensis
1567 4428 1683 4491 Sancti
1701 4425 1823 4489 Andron
1832 4430 1885 4479 mt-

288 4534 395 4595 Tanta
405 4535 545 4612 iustitiae
557 4533 645 4595 libra
660 4533 803 4610 singulis
827 4547 889 4594 sua
911 4530 1080 4602 reddebat,
1137 4526 1276 4588 nasmrii
1288 4513 1886 4623 abbas,atqueintbeologicafacultatt

288 4630 375 4707 qnod
391 4632 461 4693 sive
475 4633 605 4708 magnis
620 4630 826 4708 loquebatur,
837 4627 1080 4707 siveparvulis,
1136 4622 1279 4708 insignis
1291 4623 1416 4695 doctor,
1433 4637 1576 4699 quocum
1591 4610 1887 4685 summaillitamba·

288 4742 382 4805 aeque
423 4729 559 4791 cunctos
592 4728 746 4791 veritatis
774 4727 888 4805 jaculo
927 4724 1080 4788 feriebat.
1137 4720 1219 4782 ritas
1231 4719 1479 4792 intercesserat,
1494 4718 1604 4798 capite
1617 4707 1887 4783 tertiocommerta

288 4825 415 4901 Nempe
430 4826 567 4902 quijam
579 4824 718 4887 calicem
729 4826 828 4889 antea
837 4822 1005 4901 passionis
1014 4823 1082 4883 tam
1136 4817 1263 4881 riorum
1287 4817 1323 4879 in
1346 4819 1385 4878 D.
1406 4816 1602 4895 Dionysium
1621 4817 1663 4879 de
1685 4816 1742 4877 illo
1765 4804 1886 4883 scopum

288 4921 386 4983 avido
417 4921 516 4982 corde
540 4921 681 4994 sitierat,
709 4922 835 4982 nullius
858 4918 1082 4994 magnitudini
1136 4913 1271 4991 reliquit
1284 4912 1332 4992 (9)
1350 4933 1358 4973 =
1373 4930 1392 4973 ‹
1409 4915 1452 4976 ut
1461 4914 1585 4990 possim
1599 4914 1712 4976 dicero
1721 4911 1758 4972 de
1769 4921 1813 4976 eo,
1826 4894 1886 4979 quod

288 5033 350 5079 neo
364 5019 454 5081 metu
468 5019 585 5081 mortis
608 5034 669 5096 pro
692 5018 834 5081 ueritate
858 5014 1008 5091 cedebat,
1025 5015 1081 5077 sed
1136 5010 1292 5074 scribitur
1306 5010 1484 5073 deteanne
1498 5011 1648 5089 Baptista
1664 5014 1760 5085 :lpse
1771 5000 1835 5069 oret
1847 5001 1886 5059 lu·

286 5114 440 5176 miranda
450 5117 659 5190 strenuitate,
672 5116 774 5178 etiam
784 5115 1017 5190 magnatorum
1027 5114 1082 5189 ty·
1135 5110 1393 5181 certatordens,
1406 5108 1577 5172 clirecus.
1599 5125 1620 5168 s

324 5252 365 5326 (r)
381 5252 743 5327 emundandorum,
757 5252 1080 5320 annonariae,
1171 5244 1556 5330 tesseracoste„
1757 5313 1763 5324 ,

288 5324 510 5394 e.a‚num.2i.
1171 5317 1308 5445 <tinum
1321 5316 1660 5387 somnolentam
1672 5299 1886 5374 amiciet·

323 5393 366 5531 (ἐξ
378 5393 647 5531 fflffefflbss,
655 5392 741 5527 1131,
754 5474 817 5536 cap.
830 5463 874 5521 li.
1135 5402 1214 5529 mugi
1225 5430 1309 5531 apud
1320 5456 1417 5527 Wed,
1430 5456 1467 5519 ad
1481 5473 1549 5541 aon.
1565 5458 1643 5541 1232,
1657 5471 1686 5514 n.
1700 5456 1741 5514 li.

324 5530 779 5670 (31ffi⁶¹0³⁰¹{}ffiffi¹⁰7y“⁰⁸·
794 5534 875 5605 lu,
890 5533 945 5592 ot
963 5534 1079 5592 nuno.
1136 5530 1213 5658 nug)
1226 5528 1315 5659 ¹n9pru
1332 5529 1459 5588 milano.
1480 5529 1705 5601 suumn
1721 5528 1747 5585 s.
1760 5524 1827 5588 es,
1840 5509 1885 5575 0³»
