3950 6200
278 294 339 356 eoa
707 299 746 358 s.
775 298 949 361 unronu
975 301 1162 363 rnnunnr
1190 304 1328 366 orans
1355 302 1501 373 eunii.
1690 376 1694 387 ,
1854 303 1903 365 eoi

281 454 376 536 quasi
392 455 481 518 dicat
497 472 505 517 ε
524 456 668 519 Necesse
683 458 744 530 est,
772 458 850 537 qula
874 459 1078 522 munitiones
1134 461 1288 525 Christus
1304 464 1337 524 et
1347 464 1529 537 teporibus,
1545 459 1631 523 idest
1641 458 1778 534 timidis,
1790 463 1903 524 etbert-

281 556 405 616 nostrae
434 554 604 631 dissipatas
629 558 718 628 sunt,
746 555 834 618 sicut
858 556 1020 619 babemus
1043 557 1078 618 in
1134 563 1254 630 unctu,
1270 560 1359 622 idest
1370 559 1518 630 minutis,
1541 558 1901 636 etqnofidianispecca·

280 652 423 712 'threnis
440 651 483 729 (2,
498 651 531 731 5)
547 667 585 711 :c
601 654 723 714 Factus
738 655 790 715 est
809 655 970 715 Dominus
985 654 1078 716 velut
1133 658 1242 717 torum
1257 656 1362 733 spinis
1373 656 1490 719 obsitis
1504 656 1556 718 est
1569 659 1756 732 raptatum

281 749 437 810 inimicus
453 770 460 809 ε
478 749 701 827 praecipitavit
725 751 841 823 lsrael,
858 751 1080 828 praecipitarit

280 847 391 908 omnia
403 847 523 907 maenia
540 850 624 923 eJus,
640 846 845 923 dissipauit»
856 863 1080 909 omnesemu·

280 944 427 1006 nitlones
442 946 526 1020 ejus,
541 947 574 1007 et
586 946 771 1021 replevitin
789 946 858 1020 filia
872 946 958 1021 luda
970 945 1081 1006 bumi-
1390 932 1532 993 SERMO
1554 931 1680 992 CXXX·

279 1042 409 1114 liatum,
427 1044 460 1103 et
475 1042 694 1103 humiliatam.
709 1060 728 1103 r
743 1045 782 1105 Et
804 1042 888 1104 bene
907 1042 1000 1114 dicit,
1015 1058 1079 1104 re·
1186 1071 1312 1141 omme,
1327 1069 1489 1129 pamm
1506 1071 1545 1128 ,ὴ
1563 1072 1660 1140 Dm„
1675 1068 1712 1127 (p,
1726 1068 1863 1143 ΜΝ

279 1139 329 1202 lut
344 1139 511 1211 inimicus,
529 1140 607 1217 qnia
619 1139 652 1200 in
666 1141 883 1202 veritatenon
898 1142 951 1201 est
965 1140 1080 1200 inimi·
1427 1158 1537 1233 impp,
1557 1158 1630 1232 eju„

279 1253 350 1309 ons,
372 1237 429 1299 sed
451 1237 593 1309 videtur,
620 1253 694 1299 cum
721 1237 829 1312 gratia
856 1236 1076 1309 subtrahitur,
1193 1301 1198 1312 ¹

279 1351 345 1414 qua
380 1334 549 1396 subtracta
584 1335 816 1411 praecipitatur
844 1335 961 1406 lsrael,
992 1334 1080 1397 idest
1134 1298 1303 1369 mmm
1320 1309 1581 1370 ⁸²‘3'0r0mn0m
1599 1294 1738 1356 laudem
1759 1294 1902 1356 ittam-⁰⁸

279 1433 491 1509 animandae
507 1434 635 1509 Sponsa
649 1431 747 1493 debet
761 1447 835 1492 esse
848 1431 984 1502 Christi,
1000 1431 1076 1509 quia
1170 1408 1288 1453 meum
1333 1391 1558 1509 “n'm’wiffmt
1595 1392 1777 1464 justinam
1814 1391 1901 1452 tuam·

281 1530 476 1592 avertitura
491 1528 721 1605 complexibus
737 1529 856 1605 Sponsi
879 1544 940 1605 per
953 1544 1077 1605 pecca·
1173 1489 1277 1568 (Μ’
1293 1490 1344 1561 7⁰³
1360 1490 1397 1551 ¹4
1412 1491 1445 1551 ⁰²
1461 1484 1526 1567 Μ)

279 1630 361 1699 tum,
376 1632 409 1689 et
423 1630 502 1688 tunc
525 1626 716 1701 flagellatur
738 1626 779 1687 ab
795 1642 855 1699 eo;
879 1628 912 1688 et
926 1642 1000 1702 quae
1019 1641 1079 1702 per
1172 1633 1246 1693 Vox
1266 1630 1366 1706 primi
1390 1629 1536 1691 bominis
1561 1627 1748 1690 reformati.
1771 1627 1903 1689 Laudm

280 1740 398 1803 poenas
422 1723 580 1786 destituta
605 1723 746 1795 videtur,
770 1705 830 1800 pei·
848 1723 982 1799 flagella
997 1738 1079 1784 cau·
1132 1726 1193 1789 dns
1206 1727 1295 1789 enim
1311 1730 1384 1789 erat
1396 1727 1555 1789 Dominus
1569 1725 1710 1803 abipso,
1726 1725 1903 1802 quiaipsum

279 1824 347 1885 tius
371 1823 548 1883 revocatur
563 1843 570 1882 ι
582 1822 829 1896 praecipitatur
854 1819 1076 1899 permissive:
1134 1824 1289 1887 formavit
1318 1823 1554 1895 abundantem,
1582 1823 1781 1898 elegantem,
1808 1824 1905 1899 poten·

279 1920 534 1998 praecipitantur
570 1918 671 1980 etiam
707 1917 829 1979 maenia
863 1920 947 1994 ejus.
977 1918 1075 1989 Nota,
1132 1924 1209 1995 tem,
1226 1923 1263 1985 ut
1277 1921 1428 1984 innuitur
1442 1921 1477 1982 in
1493 1920 1615 1983 Genesi
1630 1920 1676 1998 (1,
1690 1920 1756 1998 26),
1772 1918 1823 1979 uhi
1837 1918 1905 1978 dici·

278 2018 364 2096 quod
382 2017 416 2078 in
433 2017 567 2078 civitate
581 2016 659 2077 sunt
674 2016 824 2092 quadam
846 2014 888 2075 ad
911 2014 1076 2075 munitio·
1132 2022 1208 2080 tur:
1225 2035 1243 2078 ‹
1257 2019 1433 2081 Faciamus
1448 2019 1615 2080 bominem
1628 2016 1671 2078 ad
1686 2017 1905 2092 imaginem,et

278 2130 367 2187 nem,
384 2115 455 2175 sive
467 2113 508 2174 ad
524 2113 764 2187 defensionem,
778 2112 961 2184 utfossata,
976 2112 1076 2183 muri,
1132 2115 1383 2178 similitudinem
1407 2117 1571 2187 nostram;
1594 2114 1653 2175 sed
1680 2111 1904 2190 superlaudan-

277 2215 399 2284 turres,
412 2210 533 2274 etaliae
547 2210 738 2285 firmitatem
751 2208 992 2286 quaedamvero
1004 2223 1080 2268 mm·
1132 2213 1206 2282 dus,
1219 2228 1297 2274 eum
1319 2211 1473 2274 omnibus
1494 2211 1591 2274 bonis
1614 2212 1726 2288 ipsum
1749 2210 1903 2287 spoliatum

277 2311 335 2371 nia
347 2308 475 2371 suntad
489 2307 653 2378 docorem,
673 2306 887 2381 Sicsstfflal’ffl‘,
907 2305 959 2366 tel
969 2306 1078 2365 minor
1133 2325 1192 2387 per
1207 2325 1303 2371 suam
1318 2309 1589 2379 inobedientiam,
1612 2309 1647 2368 in
1667 2308 1833 2369 meliorem
1845 2309 1904 2366 sta·

279 2406 424 2469 ambitus
438 2421 619 2476 murorum,
634 2404 728 2480 POlifi
744 2403 886 2479 lapides,
900 2417 943 2464 0¹
958 2401 1078 2479 quibus
1133 2406 1200 2469 tum
1215 2423 1277 2468 sua
1290 2406 1476 2469 restituerit
1488 2405 1739 2479 misericordia;
1753 2404 1833 2482 quod
1846 2404 1904 2478 ipse

280 2504 361 2567 iacti
372 2506 460 2574 sunt,
473 2500 722 2580 aequidistantia
742 2499 920 2574 fossorum,
931 2500 965 2562 et
978 2498 1077 2560 simi·
1133 2505 1300 2582 Propheta
1315 2503 1501 2576 attendens,
1519 2503 1554 2564 in
1573 2518 1720 2580 pomona
1733 2502 1832 2578 ipsius
1844 2500 1902 2560 ait:

281 2602 339 2674 lia,
357 2616 430 2679 quae
442 2598 569 2661 suntad
579 2599 815 2674 ornatumejus
829 2612 1012 2659 murorum.
1030 2598 1078 2658 lta
1132 2604 1300 2673 Adiectum
1312 2616 1419 2675 super
1431 2615 1569 2663 omnem
1580 2602 1720 2661 taudem
1734 2601 1838 2667 tuum·
1850 2609 1904 2656 na

280 2695 608 2773 inanimaquaedam
628 2699 715 2767 sunt,
731 2696 807 2755 sine
819 2693 942 2770 quibus
956 2692 1078 2755 durare
1132 2699 1184 2774 gis
1204 2698 1292 2758 enim
1328 2697 1528 2766 laudandus,
1557 2697 1637 2774 quia
1673 2695 1839 2757 recreavit
1863 2691 1901 2752 lbi

281 2811 348 2857 non
362 2797 483 2871 posset,
501 2793 581 2870 quin
596 2793 720 2868 periret
743 2794 916 2868 perpetuo,
932 2792 969 2852 ut
982 2790 1076 2861 tides,
1132 2795 1221 2856 enim
1245 2796 1347 2866 omit,
1366 2795 1401 2856 et
1423 2795 1517 2868 tuctu
1539 2795 1622 2855 scrut
1644 2812 1657 2856 .·
1676 2793 1734 2854 hic
1749 2792 1842 2854 factus
1860 2789 1904 2849 est

282 2908 370 2969 spes,
386 2890 546 2961 ebaritas,
563 2889 814 2961 etrirtutes;et
828 2887 900 2949 baec
923 2887 1079 2964 praecipi·
1132 2891 1231 2952 homo
1254 2891 1326 2969 ipse
1351 2891 1514 2963 Christus,
1544 2907 1664 2968 passus
1692 2906 1753 2967 pro
1778 2886 1903 2949 bomine

280 2992 331 3052 tat
353 2991 452 3059 Deus,
480 2988 513 3048 0¹
541 2986 600 3046 illa
631 2985 784 3061 dissiliat,
811 3000 886 3046 0⁰¹1]
914 2986 982 3044 tam
1006 2983 1075 3056 illa,
1131 2991 1244 3064 Super
1260 2991 1398 3050 tanmem
1411 2988 1518 3064 igitur
1533 2989 1717 3050 creationis
1739 2982 1904 3064 adjicienda

280 3104 379 3166 quam
395 3086 458 3148 ista
472 3083 514 3147 ab
529 3082 690 3157 Ecclesia,
705 3082 759 3144 vel
773 3080 815 3143 ab
827 3081 939 3144 anima
949 3079 1077 3143 auferri
1132 3087 1183 3148 est
1196 3086 1270 3148 laus
1285 3085 1516 3149 recreationis.

279 3184 442 3264 permittit
458 3204 466 3242 :
483 3181 633 3260 quaedam
649 3182 784 3257 propter
808 3179 928 3240 melius
950 3194 986 3241 se
1010 3177 1076 3239 ha·
1172 3183 1330 3261 sequitur
1350 3204 1358 3243 ε
1376 3185 1419 3244 Os
1441 3198 1558 3245 mum
1579 3184 1798 3244 annunciabit
1807 3180 1902 3253 justi·
1943 3185 1944 3192 ’

279 3283 371 3350 bere,
401 3282 438 3343 ut
463 3294 589 3356 genera
613 3279 815 3354 linguarum,
846 3276 1077 3352 interpretatio
1131 3283 1337 3344 tumtunm.
1353 3280 1511 3342 urentem
1526 3280 1687 3351 scelesta,
1702 3278 1905 3358 quorsumn·
1942 3323 1943 3326 γ

280 3395 481 3449 sermonum,
507 3380 542 3440 01
561 3377 683 3438 donum
713 3375 855 3438 aliarum
879 3375 1075 3450 gratiarum,
1132 3377 1234 3441 ciabit
1242 3377 1411 3455 justitiam
1426 3378 1496 3450 Dei,
1523 3377 1616 3438 illam
1631 3378 1770 3447 scilicet,
1795 3374 1832 3435 de
1852 3384 1904 3449 qua

281 3495 354 3556 quae
369 3476 546 3538 subtrabit.
569 3474 718 3558 Gratiam
740 3472 797 3535 Dei
822 3471 1019 3549 praecipitat,
1043 3472 1099 3532 et*
1131 3475 1212 3538 dicit
1233 3471 1493 3554 lsaias(56,1):
1513 3477 1639 3537 sJuxta
1665 3477 1718 3536 est
1735 3474 1820 3534 salus
1832 3483 1904 3536 mea,
1940 3549 1941 3558 ἵ

280 3573 551 3653 dissipatanimae
562 3571 778 3644 munitiones,
793 3569 856 3631 boc
864 3571 914 3631 est
923 3568 1074 3640 virtutes,
1131 3571 1304 3644 circuiet,
1320 3572 1823 3649 etjustitiamea,utrereletur.
1840 3569 1905 3638 Qus
1939 3651 1940 3664 ἵ

279 3675 313 3736 et
328 3673 461 3744 moenia,
477 3670 565 3732 idest
578 3668 736 3730 Ecclesiae
749 3668 809 3728 Dei
822 3666 909 3727 dona
923 3665 1076 3727 diabolus
1131 3670 1175 3732 sit
1190 3670 1412 3745 haecjustitia,
1428 3669 1463 3729 in
1478 3669 1594 3731 eodem
1609 3671 1684 3745 post
1699 3663 1903 3745 paucababe-
1938 3669 1940 3746 j

280 3771 448 3840 inimicus,
484 3767 618 3843 replens
652 3765 858 3842 illamqua,
883 3763 981 3826 debet
1003 3779 1076 3825 esse
1131 3768 1185 3829 tur
1200 3765 1580 3844 (v.6et7):«0mnem
1595 3766 1828 3826 custodientem
1840 3758 1905 3820 sab·
1938 3751 1939 3786 ¹

281 3868 351 3929 fllia
365 3870 383 3929 J
388 3867 450 3927 uda
480 3880 540 3944 per
564 3845 819 3933 confessionem,
843 3863 1074 3933 tamdictum,
1130 3862 1243 3925 batum
1258 3876 1299 3922 ne
1312 3861 1439 3939 polluat
1452 3861 1536 3922 illud
1551 3877 1643 3939 »per
1655 3860 1864 3939 iniquitatem,
1876 3855 1905 3914 et
1937 3847 1938 3902 l

280 3966 367 4027 idest
381 3979 515 4025 sensum
530 3961 700 4023 illecebris
719 3959 897 4032 irretitum,
913 3958 947 4020 et
957 3961 1075 4020 tremi·
1131 3975 1262 4020 omnem
1287 3960 1455 4020 tenentem
1481 3957 1599 4029 foedus,
1631 3958 1719 4034 quod
1745 3955 1858 4035 pepigit
1875 3952 1904 4010 in
1936 3945 1937 4016 l

279 4063 411 4132 lictum,
429 4060 515 4122 idest
533 4059 770 4134 cogitationem
797 4056 833 4117 in
856 4057 990 4117 terrena
1013 4054 1076 4115 de·
1129 4055 1307 4133 baptismo,
1331 4055 1475 4118 talem«
1509 4054 1672 4117 adducam
1705 4055 1745 4116 ad
1780 4052 1904 4113 montem

280 4175 434 4221 mersam.
452 4157 543 4230 Quod
560 4173 602 4218 ne
617 4155 759 4226 accidat,
775 4152 897 4215 clamet
908 4151 950 4213 ad
963 4151 1077 4214 Domi·
1129 4155 1282 4215 sanctum
1294 4167 1415 4224 meum,
1429 4151 1588 4214 »scilicet
1599 4154 1735 4214 aeternae
1745 4145 1903 4211 felicitatis

279 4274 358 4319 num
382 4271 456 4319 cum
481 4231 648 4332 Propb'eta
662 4273 670 4312 ε
685 4252 770 4313 Esto
790 4252 875 4312 mibi
900 4252 938 4310 ta
964 4252 1076 4311 Deum
1131 4249 1310 4312 Sabbatum
1340 4249 1579 4326 interpretatur
1597 4249 1742 4326 requies,
1758 4263 1812 4324 per
1832 4239 1906 4321 qnod

274 4355 519 4430 protectorem,
543 4352 620 4423 ete,
635 4352 670 4412 et
686 4348 799 4411 dicat:
818 4348 985 4413 Quoniam
1007 4346 1074 4417 ttr-
1130 4347 1324 4422 designatur
1338 4347 1467 4424 puritas
1482 4346 1710 4418 conscientiae,
1723 4349 1756 4407 et
1768 4337 1909 4417 munil-

279 4452 495 4512 momentum
511 4463 628 4511 meum
643 4461 680 4510 es
700 4446 739 4506 tu
759 4443 876 4506 contra
902 4441 1077 4503 lubricita·
1131 4445 1208 4506 litas
1222 4443 1354 4515 mentis,
1372 4459 1471 4521 quam
1495 4442 1553 4519 qui
1581 4458 1649 4503 non
1671 4440 1909 4513 turbareritper

281 4549 346 4609 tem
362 4547 500 4623 peccati.
519 4545 592 4617 Vel,
618 4542 881 4616 ttrnmmentum
901 4554 1019 4601 meum
1039 4554 1076 4601 es
1130 4542 1314 4619 peccatum,
1331 4542 1364 4603 et
1379 4539 1573 4602 foeduscum
1586 4540 1727 4601 Domino
1741 4537 1850 4601 inierit
1860 4546 1910 4611 per

280 4646 330 4718 tn,
346 4660 389 4705 ne
403 4643 545 4705 amando
571 4642 638 4704 sim
651 4638 803 4700 lubricus
827 4637 862 4698 in
886 4636 997 4713 platea
1011 4652 1075 4697 ve-
1129 4638 1341 4715 baptismum,
1359 4637 1622 4714 inviolatumque
1644 4629 1835 4706 servaverit,
1850 4633 1909 4708 ipse

280 4741 427 4818 luptatis,
451 4741 492 4801 de
514 4755 581 4817 qua
596 4737 629 4798 in
649 4735 791 4799 Threnis
810 4733 854 4811 (4,
878 4732 931 4812 18)
949 4735 1074 4794 :eLu-
1129 4738 1217 4796 Deus
1232 4733 1274 4795 de
1283 4733 1416 4811 justitia
1431 4748 1491 4794 sua
1506 4733 1674 4794 ineffabili
1688 4733 1783 4795 ducet
1794 4746 1865 4794 eum
1879 4727 1908 4787 in

277 4839 496 4901 bricarerunt
509 4835 653 4910 vestigia
668 4835 782 4895 nostra
794 4833 828 4892 in
842 4832 973 4902 itinere,
990 4830 1074 4892 »vel
1129 4834 1274 4894 montem
1287 4832 1440 4892 sanctum
1454 4845 1564 4903 suum,
1580 4830 1645 4893 boc
1659 4833 1712 4894 est
1725 4830 1760 4891 in
1780 4828 1907 4890 celsitu·

278 4935 542 5014 capiteomnium
549 4934 757 5007 ptutecmcm.
771 4931 808 4990 In
817 4927 1072 5006 spatiosaenim,
1129 4929 1240 4990 dinem
1254 4927 1424 4990 felicitatis
1438 4928 1585 4990 aeternae.
1601 4930 1649 4989 De
1672 4931 1767 5005 cnjus
1780 4922 1908 5004 justitia,

277 5037 311 5095 et
323 5034 391 5096 lata
406 5033 462 5094 via
481 5029 662 5107 voluptatis
686 5026 787 5103 pedes
813 5025 879 5086 mei
902 5024 943 5086 ad
958 5026 1074 5101 pejora
1129 5026 1235 5088 isaias
1250 5025 1316 5104 (50,
1331 5025 1384 5104 17)
1397 5046 1405 5085 :
1418 5041 1436 5084 ‹
1447 5024 1586 5086 indutus
1599 5028 1652 5088 est
1662 5025 1806 5102 justitia,
1821 5025 1856 5083 ut
1866 5021 1912 5080 lo«

277 5134 357 5192 sunt
367 5130 408 5191 de
422 5129 514 5191 facili
528 5124 704 5206 proclives.
716 5125 763 5186 Et
773 5125 949 5199 refuptum
957 5136 1075 5184 meum
1128 5123 1210 5195 rica,
1226 5125 1261 5185 et
1277 5122 1374 5198 galea
1389 5122 1509 5183 salutis
1525 5122 1683 5198 incapite
1697 5126 1807 5199 ejus.»
1820 5115 1912 5194 Caput

276 5229 365 5292 estu
383 5229 500 5289 contra
525 5224 679 5286 timorem
706 5219 843 5290 diaboli,
871 5219 904 5281 et
929 5219 1070 5294 peccati.
1128 5220 1263 5289 Christi,
1284 5219 1460 5294 divinitas3
1480 5224 1591 5294 putem
1612 5218 1813 5281 humanitas.
1829 5213 1909 5278 tude

277 5326 347 5384 Hoc
370 5326 422 5386 est
447 5322 536 5383 enim
561 5320 739 5395 refugium,
770 5316 856 5394 quod
883 5315 1008 5377 dicitur
1036 5315 1071 5376 in
1126 5322 1225 5392 putea
1243 5318 1418 5389 incapite,
1443 5315 1636 5378 humanitas
1664 5313 1908 5376 indivinitate:

278 5419 421 5480 Psalmis
436 5418 521 5497 (103,
538 5417 590 5496 18)
606 5434 614 5478 :
630 5415 760 5476 «Petra
788 5412 952 5490 refugium
979 5411 1073 5473 beri·
1128 5414 1220 5475 Sicut
1230 5413 1424 5489 enimgalea
1432 5414 1660 5490 caputoperit,
1672 5414 1722 5475 sic
1730 5412 1849 5474 Christi
1861 5410 1910 5467 bu·

278 5515 399 5585 naciis,
422 5519 455 5576 et
475 5513 643 5591 leporibus
667 5510 726 5592 (1),
750 5510 818 5571 alia
839 5511 969 5581 littera;
993 5508 1071 5585 quia
1127 5510 1489 5571 manitasdivinitatem
1504 5511 1687 5585 cooperuit,
1701 5513 1734 5571 et
1747 5501 1909 5572 celarilzet

315 5624 356 5692 (Ι)
371 5625 472 5682 versio
492 5625 623 5693 arabica,
636 5632 665 5682 et
676 5624 802 5696 Syrisce.
