<?xml version="1.0" encoding="UTF-8"?>
<!DOCTYPE html PUBLIC "-//W3C//DTD XHTML 1.0 Transitional//EN"
    "http://www.w3.org/TR/xhtml1/DTD/xhtml1-transitional.dtd">
<html xmlns="http://www.w3.org/1999/xhtml" xml:lang="en" lang="en">
 <head>
  <title>
</title>
<meta http-equiv="Content-Type" content="text/html;charset=utf-8" />
  <meta name='ocr-system' content='tesseract 3.04.00' />
  <meta name='ocr-capabilities' content='ocr_page ocr_carea ocr_par ocr_line ocrx_word'/>
</head>
<body>
  <div class='ocr_page' id='page_1' title='image "./mediiaevibiblio09bottgoog/mediiaevibiblio09bottgoog_0113.png"; bbox 0 0 3950 6200; ppageno 0'>
   <div class='ocr_carea' id='block_1_1' title="bbox 137 290 1757 358">
    <p class='ocr_par' dir='ltr' id='par_1_1' title="bbox 137 290 1757 358">
     <span class='ocr_line' id='line_1_1' title="bbox 137 290 1757 358; baseline -0.003 0"><span class='ocrx_word' id='word_1_1' title='bbox 137 297 187 358; x_wconf 77' lang='lat' dir='ltr'><strong>lui</strong></span> <span class='ocrx_word' id='word_1_2' title='bbox 548 298 554 310; x_wconf 60' lang='lat'><strong><em>²</em></strong></span> <span class='ocrx_word' id='word_1_3' title='bbox 730 290 959 354; x_wconf 72' lang='lat' dir='ltr'><strong>EHSTOLAE.</strong></span> <span class='ocrx_word' id='word_1_4' title='bbox 982 292 1061 352; x_wconf 75' lang='grc' dir='ltr'><strong>ΠΒ.</strong></span> <span class='ocrx_word' id='word_1_5' title='bbox 1084 291 1140 351; x_wconf 84' lang='lat' dir='ltr'><strong>XI.</strong></span> <span class='ocrx_word' id='word_1_6' title='bbox 1698 294 1757 354; x_wconf 83' lang='lat'><strong>198</strong></span> 
     </span>
    </p>
   </div>
   <div class='ocr_carea' id='block_1_2' title="bbox 129 448 1810 2941">
    <p class='ocr_par' dir='ltr' id='par_1_2' title="bbox 129 448 1810 1598">
     <span class='ocr_line' id='line_1_2' title="bbox 134 448 1810 534; baseline -0.002 -18"><span class='ocrx_word' id='word_1_7' title='bbox 134 453 270 526; x_wconf 85' lang='lat' dir='ltr'><strong>seminat,</strong></span> <span class='ocrx_word' id='word_1_8' title='bbox 284 467 389 529; x_wconf 85' lang='lat' dir='ltr'><strong>parce</strong></span> <span class='ocrx_word' id='word_1_9' title='bbox 407 452 438 516; x_wconf 89' lang='lat' dir='ltr'><strong>et</strong></span> <span class='ocrx_word' id='word_1_10' title='bbox 453 452 563 522; x_wconf 89' lang='lat' dir='ltr'><strong>metet,</strong></span> <span class='ocrx_word' id='word_1_11' title='bbox 584 450 617 514; x_wconf 91' lang='lat' dir='ltr'><strong>et</strong></span> <span class='ocrx_word' id='word_1_12' title='bbox 630 450 687 529; x_wconf 85' lang='lat' dir='ltr'><strong>qui</strong></span> <span class='ocrx_word' id='word_1_13' title='bbox 708 451 851 513; x_wconf 87' lang='lat' dir='ltr'><strong>seminat</strong></span> <span class='ocrx_word' id='word_1_14' title='bbox 874 448 909 510; x_wconf 91' lang='lat' dir='ltr'><strong>in</strong></span> <span class='ocrx_word' id='word_1_15' title='bbox 964 450 1118 511; x_wconf 88' lang='lat' dir='ltr'><strong>testatem</strong></span> <span class='ocrx_word' id='word_1_16' title='bbox 1146 449 1338 513; x_wconf 86' lang='lat' dir='ltr'><strong>nullatenus</strong></span> <span class='ocrx_word' id='word_1_17' title='bbox 1365 450 1565 522; x_wconf 87' lang='lat' dir='ltr'><strong>admittatis,</strong></span> <span class='ocrx_word' id='word_1_18' title='bbox 1592 466 1654 514; x_wconf 91' lang='lat' dir='ltr'><strong>nec</strong></span> <span class='ocrx_word' id='word_1_19' title='bbox 1672 451 1761 513; x_wconf 90' lang='lat' dir='ltr'><strong>allas·</strong></span> <span class='ocrx_word' id='word_1_20' title='bbox 1804 521 1810 534; x_wconf 57' lang='grc'><strong><em>,</em></strong></span> 
     </span>
     <span class='ocr_line' id='line_1_3' title="bbox 133 545 1759 624; baseline -0.001 -11"><span class='ocrx_word' id='word_1_21' title='bbox 133 548 415 623; x_wconf 75' lang='lat' dir='ltr'><strong>beueffictionibus,</strong></span> <span class='ocrx_word' id='word_1_22' title='bbox 422 551 462 612; x_wconf 87' lang='lat' dir='ltr'><strong>de</strong></span> <span class='ocrx_word' id='word_1_23' title='bbox 468 547 754 612; x_wconf 86' lang='lat' dir='ltr'><strong>benedictionibus</strong></span> <span class='ocrx_word' id='word_1_24' title='bbox 764 549 797 609; x_wconf 90' lang='lat' dir='ltr'><strong>et</strong></span> <span class='ocrx_word' id='word_1_25' title='bbox 811 548 911 608; x_wconf 89' lang='lat' dir='ltr'><strong>metet</strong></span> <span class='ocrx_word' id='word_1_26' title='bbox 965 545 1006 606; x_wconf 91' lang='lat' dir='ltr'><strong>ab</strong></span> <span class='ocrx_word' id='word_1_27' title='bbox 1016 563 1055 606; x_wconf 87' lang='lat' dir='ltr'><strong>eo</strong></span> <span class='ocrx_word' id='word_1_28' title='bbox 1064 547 1236 624; x_wconf 90' lang='lat' dir='ltr'><strong>patiamini</strong></span> <span class='ocrx_word' id='word_1_29' title='bbox 1246 564 1305 610; x_wconf 83' lang='lat' dir='ltr'><strong>vos</strong></span> <span class='ocrx_word' id='word_1_30' title='bbox 1314 547 1443 622; x_wconf 90' lang='lat' dir='ltr'><strong>seduci;</strong></span> <span class='ocrx_word' id='word_1_31' title='bbox 1456 550 1512 610; x_wconf 89' lang='lat' dir='ltr'><strong>sed</strong></span> <span class='ocrx_word' id='word_1_32' title='bbox 1522 565 1596 611; x_wconf 93' lang='lat' dir='ltr'><strong>cum</strong></span> <span class='ocrx_word' id='word_1_33' title='bbox 1608 564 1628 610; x_wconf 92' lang='lat' dir='ltr'><strong>a</strong></span> <span class='ocrx_word' id='word_1_34' title='bbox 1639 548 1759 611; x_wconf 89' lang='lat' dir='ltr'><strong>dilecto</strong></span> 
     </span>
     <span class='ocr_line' id='line_1_4' title="bbox 131 643 1758 724; baseline -0.001 -16"><span class='ocrx_word' id='word_1_35' title='bbox 131 649 220 709; x_wconf 80' lang='lat' dir='ltr'><strong>uitam</strong></span> <span class='ocrx_word' id='word_1_36' title='bbox 232 648 417 722; x_wconf 73' lang='lat' dir='ltr'><strong>aeternam,</strong></span> <span class='ocrx_word' id='word_1_37' title='bbox 434 647 512 708; x_wconf 88' lang='lat' dir='ltr'><strong>bine</strong></span> <span class='ocrx_word' id='word_1_38' title='bbox 524 649 585 720; x_wconf 89' lang='lat' dir='ltr'><strong>est,</strong></span> <span class='ocrx_word' id='word_1_39' title='bbox 602 646 777 723; x_wconf 86' lang='lat' dir='ltr'><strong>quodcum</strong></span> <span class='ocrx_word' id='word_1_40' title='bbox 798 643 910 705; x_wconf 87' lang='lat' dir='ltr'><strong>dilecti</strong></span> <span class='ocrx_word' id='word_1_41' title='bbox 965 643 1036 704; x_wconf 83' lang='lat' dir='ltr'><strong>filio</strong></span> <span class='ocrx_word' id='word_1_42' title='bbox 1051 645 1164 705; x_wconf 89' lang='lat' dir='ltr'><strong>nostro</strong></span> <span class='ocrx_word' id='word_1_43' title='bbox 1178 643 1444 724; x_wconf 82' lang='lat' dir='ltr'><strong>J(0anne),tituli</strong></span> <span class='ocrx_word' id='word_1_44' title='bbox 1457 649 1586 709; x_wconf 82' lang='lat' dir='ltr'><strong>Sanctae</strong></span> <span class='ocrx_word' id='word_1_45' title='bbox 1596 646 1758 708; x_wconf 78' lang='lat' dir='ltr'><strong>Prasedis</strong></span> 
     </span>
     <span class='ocr_line' id='line_1_5' title="bbox 131 740 1760 821; baseline 0 -16"><span class='ocrx_word' id='word_1_46' title='bbox 131 744 183 805; x_wconf 84' lang='lat' dir='ltr'><strong>dlii</strong></span> <span class='ocrx_word' id='word_1_47' title='bbox 193 744 392 821; x_wconf 77' lang='lat' dir='ltr'><strong>prepositus</strong></span> <span class='ocrx_word' id='word_1_48' title='bbox 414 745 448 805; x_wconf 91' lang='lat' dir='ltr'><strong>et</strong></span> <span class='ocrx_word' id='word_1_49' title='bbox 464 744 645 820; x_wconf 88' lang='lat' dir='ltr'><strong>capitulum</strong></span> <span class='ocrx_word' id='word_1_50' title='bbox 665 742 911 804; x_wconf 88' lang='lat' dir='ltr'><strong>Nortbnsenses</strong></span> <span class='ocrx_word' id='word_1_51' title='bbox 965 740 1157 817; x_wconf 88' lang='lat' dir='ltr'><strong>presbytero</strong></span> <span class='ocrx_word' id='word_1_52' title='bbox 1173 742 1347 813; x_wconf 82' lang='lat' dir='ltr'><strong>cardinali,</strong></span> <span class='ocrx_word' id='word_1_53' title='bbox 1370 744 1499 804; x_wconf 89' lang='lat' dir='ltr'><strong>rectore</strong></span> <span class='ocrx_word' id='word_1_54' title='bbox 1519 744 1658 805; x_wconf 81' lang='lat' dir='ltr'><strong>ducatus</strong></span> <span class='ocrx_word' id='word_1_55' title='bbox 1675 747 1760 820; x_wconf 87' lang='lat' dir='ltr'><strong>Spo-</strong></span> 
     </span>
     <span class='ocr_line' id='line_1_6' title="bbox 130 837 1760 918; baseline 0 -16"><span class='ocrx_word' id='word_1_56' title='bbox 130 841 290 902; x_wconf 85' lang='lat' dir='ltr'><strong>intendant</strong></span> <span class='ocrx_word' id='word_1_57' title='bbox 313 841 521 918; x_wconf 79' lang='lat' dir='ltr'>reparationi</span> <span class='ocrx_word' id='word_1_58' title='bbox 547 840 698 903; x_wconf 87' lang='lat' dir='ltr'><strong>eeclesiae</strong></span> <span class='ocrx_word' id='word_1_59' title='bbox 728 855 809 910; x_wconf 86' lang='lat' dir='ltr'><strong>suae,</strong></span> <span class='ocrx_word' id='word_1_60' title='bbox 837 855 910 915; x_wconf 85' lang='lat' dir='ltr'><strong>quae</strong></span> <span class='ocrx_word' id='word_1_61' title='bbox 965 837 1034 909; x_wconf 91' lang='lat' dir='ltr'><strong>leti,</strong></span> <span class='ocrx_word' id='word_1_62' title='bbox 1051 837 1105 899; x_wconf 83' lang='lat' dir='ltr'><strong>uel</strong></span> <span class='ocrx_word' id='word_1_63' title='bbox 1120 841 1192 915; x_wconf 78' lang='lat' dir='ltr'><strong>eJus</strong></span> <span class='ocrx_word' id='word_1_64' title='bbox 1209 839 1331 900; x_wconf 90' lang='lat' dir='ltr'><strong>nuncio</strong></span> <span class='ocrx_word' id='word_1_65' title='bbox 1352 838 1505 916; x_wconf 83' lang='lat' dir='ltr'><strong>requisiti</strong></span> <span class='ocrx_word' id='word_1_66' title='bbox 1521 840 1662 916; x_wconf 84' lang='lat' dir='ltr'><strong>fueritis,</strong></span> <span class='ocrx_word' id='word_1_67' title='bbox 1683 857 1760 902; x_wconf 93' lang='lat' dir='ltr'><strong>eum</strong></span> 
     </span>
     <span class='ocr_line' id='line_1_7' title="bbox 130 935 1762 1014; baseline -0.001 -14"><span class='ocrx_word' id='word_1_68' title='bbox 130 940 243 1000; x_wconf 88' lang='lat' dir='ltr'><strong>tantum</strong></span> <span class='ocrx_word' id='word_1_69' title='bbox 267 939 419 1000; x_wconf 91' lang='lat' dir='ltr'><strong>minatur</strong></span> <span class='ocrx_word' id='word_1_70' title='bbox 436 954 510 1014; x_wconf 86' lang='lat' dir='ltr'><strong>prae</strong></span> <span class='ocrx_word' id='word_1_71' title='bbox 533 938 637 999; x_wconf 90' lang='lat' dir='ltr'><strong>nimia</strong></span> <span class='ocrx_word' id='word_1_72' title='bbox 661 936 912 999; x_wconf 81' lang='lat' dir='ltr'><strong>vetustaterui-</strong></span> <span class='ocrx_word' id='word_1_73' title='bbox 966 935 1132 996; x_wconf 78' lang='lat' dir='ltr'><strong>hostiliter</strong></span> <span class='ocrx_word' id='word_1_74' title='bbox 1153 935 1385 1012; x_wconf 84' lang='lat' dir='ltr'><strong>impugnantes</strong></span> <span class='ocrx_word' id='word_1_75' title='bbox 1406 937 1518 997; x_wconf 83' lang='lat' dir='ltr'><strong>vivam</strong></span> <span class='ocrx_word' id='word_1_76' title='bbox 1533 954 1688 1013; x_wconf 81' lang='lat' dir='ltr'><strong>guerram</strong></span> <span class='ocrx_word' id='word_1_77' title='bbox 1709 938 1762 999; x_wconf 85' lang='lat' dir='ltr'><strong>ia-</strong></span> 
     </span>
     <span class='ocr_line' id='line_1_8' title="bbox 130 1032 1759 1111; baseline 0.002 -18"><span class='ocrx_word' id='word_1_78' title='bbox 130 1035 308 1111; x_wconf 88' lang='lat' dir='ltr'><strong>nam,&#39;quod</strong></span> <span class='ocrx_word' id='word_1_79' title='bbox 332 1035 436 1096; x_wconf 87' lang='lat' dir='ltr'><strong>iidem</strong></span> <span class='ocrx_word' id='word_1_80' title='bbox 457 1036 492 1095; x_wconf 90' lang='lat' dir='ltr'><strong>in</strong></span> <span class='ocrx_word' id='word_1_81' title='bbox 514 1034 617 1096; x_wconf 88' lang='lat' dir='ltr'><strong>choro</strong></span> <span class='ocrx_word' id='word_1_82' title='bbox 640 1037 674 1095; x_wconf 90' lang='lat' dir='ltr'><strong>et</strong></span> <span class='ocrx_word' id='word_1_83' title='bbox 688 1033 862 1110; x_wconf 87' lang='lat' dir='ltr'><strong>presbyter</strong></span> <span class='ocrx_word' id='word_1_84' title='bbox 876 1032 911 1092; x_wconf 90' lang='lat' dir='ltr'><strong>iu</strong></span> <span class='ocrx_word' id='word_1_85' title='bbox 967 1033 1063 1094; x_wconf 87' lang='lat' dir='ltr'><strong>ciatis</strong></span> <span class='ocrx_word' id='word_1_86' title='bbox 1078 1033 1210 1094; x_wconf 88' lang='lat' dir='ltr'><strong>eidem:</strong></span> <span class='ocrx_word' id='word_1_87' title='bbox 1233 1032 1381 1110; x_wconf 88' lang='lat' dir='ltr'><strong>alioquin</strong></span> <span class='ocrx_word' id='word_1_88' title='bbox 1407 1049 1537 1111; x_wconf 84' lang='lat' dir='ltr'><strong>poenam</strong></span> <span class='ocrx_word' id='word_1_89' title='bbox 1562 1036 1633 1096; x_wconf 80' lang='lat' dir='ltr'><strong>sire</strong></span> <span class='ocrx_word' id='word_1_90' title='bbox 1654 1035 1759 1111; x_wconf 89' lang='lat' dir='ltr'><strong>spiri-</strong></span> 
     </span>
     <span class='ocr_line' id='line_1_9' title="bbox 130 1129 1762 1218; baseline 0.001 -26"><span class='ocrx_word' id='word_1_91' title='bbox 130 1130 216 1193; x_wconf 87' lang='lat' dir='ltr'><strong>altari</strong></span> <span class='ocrx_word' id='word_1_92' title='bbox 227 1130 382 1194; x_wconf 85' lang='lat' dir='ltr'><strong>dubitent</strong></span> <span class='ocrx_word' id='word_1_93' title='bbox 395 1131 565 1193; x_wconf 86' lang='lat' dir='ltr'><strong>celebrare</strong></span> <span class='ocrx_word' id='word_1_94' title='bbox 577 1131 702 1203; x_wconf 84' lang='lat' dir='ltr'><strong>divina,</strong></span> <span class='ocrx_word' id='word_1_95' title='bbox 722 1146 783 1191; x_wconf 92' lang='lat' dir='ltr'><strong>nec</strong></span> <span class='ocrx_word' id='word_1_96' title='bbox 797 1130 837 1191; x_wconf 89' lang='lat' dir='ltr'><strong>ad</strong></span> <span class='ocrx_word' id='word_1_97' title='bbox 849 1129 912 1190; x_wconf 90' lang='lat' dir='ltr'><strong>boc</strong></span> <span class='ocrx_word' id='word_1_98' title='bbox 965 1130 1089 1192; x_wconf 90' lang='lat' dir='ltr'><strong>tualem</strong></span> <span class='ocrx_word' id='word_1_99' title='bbox 1105 1131 1175 1191; x_wconf 87' lang='lat' dir='ltr'><strong>sive</strong></span> <span class='ocrx_word' id='word_1_100' title='bbox 1189 1132 1416 1207; x_wconf 85' lang='lat' dir='ltr'><strong>temporalem,</strong></span> <span class='ocrx_word' id='word_1_101' title='bbox 1432 1148 1530 1209; x_wconf 88' lang='lat' dir='ltr'><strong>quam</strong></span> <span class='ocrx_word' id='word_1_102' title='bbox 1543 1135 1678 1218; x_wconf 86' lang='lat' dir='ltr'><strong>propter</strong></span> <span class='ocrx_word' id='word_1_103' title='bbox 1697 1133 1762 1194; x_wconf 91' lang='lat' dir='ltr'><strong>hoc</strong></span> 
     </span>
     <span class='ocr_line' id='line_1_10' title="bbox 129 1226 1762 1304; baseline 0.002 -16"><span class='ocrx_word' id='word_1_104' title='bbox 129 1228 221 1304; x_wconf 87' lang='lat' dir='ltr'><strong>ipsius</strong></span> <span class='ocrx_word' id='word_1_105' title='bbox 232 1228 388 1290; x_wconf 74' lang='lat' dir='ltr'><strong>ecclesiae</strong></span> <span class='ocrx_word' id='word_1_106' title='bbox 399 1229 567 1290; x_wconf 77' lang='lat' dir='ltr'><strong>sufficiant</strong></span> <span class='ocrx_word' id='word_1_107' title='bbox 578 1228 764 1298; x_wconf 77' lang='lat' dir='ltr'><strong>facultates,</strong></span> <span class='ocrx_word' id='word_1_108' title='bbox 781 1228 913 1288; x_wconf 86' lang='lat' dir='ltr'><strong>univer·</strong></span> <span class='ocrx_word' id='word_1_109' title='bbox 965 1227 1054 1288; x_wconf 91' lang='lat' dir='ltr'><strong>idem</strong></span> <span class='ocrx_word' id='word_1_110' title='bbox 1066 1226 1246 1289; x_wconf 90' lang='lat' dir='ltr'><strong>cardinalis</strong></span> <span class='ocrx_word' id='word_1_111' title='bbox 1261 1227 1357 1289; x_wconf 82' lang='lat' dir='ltr'><strong>vobis</strong></span> <span class='ocrx_word' id='word_1_112' title='bbox 1377 1229 1559 1298; x_wconf 80' lang='lat' dir='ltr'><strong>inflexerit,</strong></span> <span class='ocrx_word' id='word_1_113' title='bbox 1576 1232 1683 1291; x_wconf 87' lang='lat' dir='ltr'><strong>ratam</strong></span> <span class='ocrx_word' id='word_1_114' title='bbox 1698 1230 1762 1291; x_wconf 89' lang='lat' dir='ltr'><strong>ba-</strong></span> 
     </span>
     <span class='ocr_line' id='line_1_11' title="bbox 132 1324 1760 1389; baseline 0.001 -3"><span class='ocrx_word' id='word_1_115' title='bbox 132 1325 248 1387; x_wconf 89' lang='lat' dir='ltr'><strong>sitatem</strong></span> <span class='ocrx_word' id='word_1_116' title='bbox 272 1327 423 1387; x_wconf 83' lang='lat' dir='ltr'><strong>vestram</strong></span> <span class='ocrx_word' id='word_1_117' title='bbox 442 1341 613 1387; x_wconf 90' lang='lat' dir='ltr'><strong>monemus</strong></span> <span class='ocrx_word' id='word_1_118' title='bbox 631 1327 664 1387; x_wconf 91' lang='lat' dir='ltr'><strong>et</strong></span> <span class='ocrx_word' id='word_1_119' title='bbox 682 1325 855 1386; x_wconf 87' lang='lat' dir='ltr'><strong>hortamur</strong></span> <span class='ocrx_word' id='word_1_120' title='bbox 875 1324 911 1384; x_wconf 89' lang='lat' dir='ltr'><strong>in</strong></span> <span class='ocrx_word' id='word_1_121' title='bbox 966 1324 1038 1385; x_wconf 91' lang='lat' dir='ltr'><strong>beri</strong></span> <span class='ocrx_word' id='word_1_122' title='bbox 1058 1324 1209 1386; x_wconf 86' lang='lat' dir='ltr'><strong>volumus</strong></span> <span class='ocrx_word' id='word_1_123' title='bbox 1231 1328 1265 1388; x_wconf 88' lang='lat' dir='ltr'><strong>et</strong></span> <span class='ocrx_word' id='word_1_124' title='bbox 1287 1325 1429 1387; x_wconf 83' lang='lat' dir='ltr'><strong>tirmiter</strong></span> <span class='ocrx_word' id='word_1_125' title='bbox 1443 1326 1625 1388; x_wconf 86' lang='lat' dir='ltr'><strong>observari.</strong></span> <span class='ocrx_word' id='word_1_126' title='bbox 1642 1330 1760 1389; x_wconf 88' lang='lat' dir='ltr'><strong>Datum</strong></span> 
     </span>
     <span class='ocr_line' id='line_1_12' title="bbox 130 1419 1760 1501; baseline 0.002 -19"><span class='ocrx_word' id='word_1_127' title='bbox 130 1423 264 1495; x_wconf 87' lang='lat' dir='ltr'><strong>bomine,</strong></span> <span class='ocrx_word' id='word_1_128' title='bbox 277 1423 380 1500; x_wconf 85' lang='lat' dir='ltr'><strong>atque</strong></span> <span class='ocrx_word' id='word_1_129' title='bbox 396 1424 432 1484; x_wconf 93' lang='lat' dir='ltr'><strong>in</strong></span> <span class='ocrx_word' id='word_1_130' title='bbox 446 1422 678 1486; x_wconf 83' lang='lat' dir='ltr'><strong>remissionem</strong></span> <span class='ocrx_word' id='word_1_131' title='bbox 692 1419 786 1484; x_wconf 84' lang='lat' dir='ltr'><strong>vobis</strong></span> <span class='ocrx_word' id='word_1_132' title='bbox 798 1421 914 1499; x_wconf 90' lang='lat' dir='ltr'><strong>injun·</strong></span> <span class='ocrx_word' id='word_1_133' title='bbox 967 1422 1135 1494; x_wconf 88' lang='lat' dir='ltr'><strong>Laterani,</strong></span> <span class='ocrx_word' id='word_1_134' title='bbox 1151 1425 1194 1484; x_wconf 86' lang='lat' dir='ltr'><strong>IV</strong></span> <span class='ocrx_word' id='word_1_135' title='bbox 1209 1422 1276 1483; x_wconf 85' lang='lat' dir='ltr'><strong>kal.</strong></span> <span class='ocrx_word' id='word_1_136' title='bbox 1291 1423 1415 1496; x_wconf 92' lang='lat' dir='ltr'><strong>martii,</strong></span> <span class='ocrx_word' id='word_1_137' title='bbox 1432 1423 1644 1501; x_wconf 84' lang='lat' dir='ltr'><strong>pontificatus</strong></span> <span class='ocrx_word' id='word_1_138' title='bbox 1657 1424 1760 1487; x_wconf 90' lang='lat' dir='ltr'><strong>nostri</strong></span> 
     </span>
     <span class='ocr_line' id='line_1_13' title="bbox 130 1518 1263 1598; baseline 0.001 -18"><span class='ocrx_word' id='word_1_139' title='bbox 130 1519 222 1595; x_wconf 84' lang='lat' dir='ltr'><strong>gimus</strong></span> <span class='ocrx_word' id='word_1_140' title='bbox 234 1521 463 1597; x_wconf 87' lang='lat' dir='ltr'><strong>peccatorum,</strong></span> <span class='ocrx_word' id='word_1_141' title='bbox 478 1522 639 1598; x_wconf 85' lang='lat' dir='ltr'><strong>quatenus</strong></span> <span class='ocrx_word' id='word_1_142' title='bbox 655 1520 696 1580; x_wconf 92' lang='lat' dir='ltr'><strong>de</strong></span> <span class='ocrx_word' id='word_1_143' title='bbox 709 1518 806 1580; x_wconf 90' lang='lat' dir='ltr'><strong>bonis</strong></span> <span class='ocrx_word' id='word_1_144' title='bbox 817 1518 912 1580; x_wconf 84' lang='lat' dir='ltr'><strong>vobis</strong></span> <span class='ocrx_word' id='word_1_145' title='bbox 967 1535 1056 1583; x_wconf 89' lang='lat' dir='ltr'><strong>anno</strong></span> <span class='ocrx_word' id='word_1_146' title='bbox 1078 1520 1263 1582; x_wconf 87' lang='lat' dir='ltr'><strong>undecimo.</strong></span> 
     </span>
    </p>

    <p class='ocr_par' dir='ltr' id='par_1_3' title="bbox 129 1615 1247 1987">
     <span class='ocr_line' id='line_1_14' title="bbox 129 1615 912 1694; baseline -0.001 -18"><span class='ocrx_word' id='word_1_147' title='bbox 129 1618 216 1678; x_wconf 84' lang='lat' dir='ltr'><strong>abeo</strong></span> <span class='ocrx_word' id='word_1_148' title='bbox 227 1618 361 1679; x_wconf 90' lang='lat' dir='ltr'><strong>collatis</strong></span> <span class='ocrx_word' id='word_1_149' title='bbox 375 1620 471 1694; x_wconf 90' lang='lat' dir='ltr'><strong>grata</strong></span> <span class='ocrx_word' id='word_1_150' title='bbox 487 1617 536 1679; x_wconf 90' lang='lat' dir='ltr'><strong>eis</strong></span> <span class='ocrx_word' id='word_1_151' title='bbox 550 1617 592 1678; x_wconf 88' lang='lat' dir='ltr'><strong>ad</strong></span> <span class='ocrx_word' id='word_1_152' title='bbox 608 1618 671 1678; x_wconf 92' lang='lat' dir='ltr'><strong>boc</strong></span> <span class='ocrx_word' id='word_1_153' title='bbox 680 1616 814 1692; x_wconf 89' lang='lat' dir='ltr'><strong>pietatis</strong></span> <span class='ocrx_word' id='word_1_154' title='bbox 829 1615 912 1676; x_wconf 94' lang='lat' dir='ltr'><strong>sub-</strong></span> 
     </span>
     <span class='ocr_line' id='line_1_15' title="bbox 131 1713 1223 1792; baseline -0.001 -18"><span class='ocrx_word' id='word_1_155' title='bbox 131 1713 201 1775; x_wconf 88' lang='lat' dir='ltr'><strong>sidia</strong></span> <span class='ocrx_word' id='word_1_156' title='bbox 212 1713 408 1788; x_wconf 82' lang='lat' dir='ltr'><strong>conferetis,</strong></span> <span class='ocrx_word' id='word_1_157' title='bbox 430 1714 467 1778; x_wconf 92' lang='lat' dir='ltr'><strong>nt</strong></span> <span class='ocrx_word' id='word_1_158' title='bbox 487 1730 547 1792; x_wconf 89' lang='lat' dir='ltr'><strong>per</strong></span> <span class='ocrx_word' id='word_1_159' title='bbox 563 1713 815 1775; x_wconf 87' lang='lat' dir='ltr'><strong>subventionem</strong></span> <span class='ocrx_word' id='word_1_160' title='bbox 836 1728 914 1774; x_wconf 85' lang='lat' dir='ltr'><strong>ves·</strong></span> <span class='ocrx_word' id='word_1_161' title='bbox 992 1770 999 1783; x_wconf 84' lang='lat'><strong>,</strong></span> <span class='ocrx_word' id='word_1_162' title='bbox 1064 1769 1071 1783; x_wconf 83' lang='grc'><em>,</em></span> <span class='ocrx_word' id='word_1_163' title='bbox 1216 1769 1223 1783; x_wconf 81' lang='grc'><em>,</em></span> 
     </span>
     <span class='ocr_line' id='line_1_16' title="bbox 129 1769 1247 1890; baseline -0.002 -18"><span class='ocrx_word' id='word_1_164' title='bbox 129 1812 201 1872; x_wconf 72' lang='lat' dir='ltr'><strong>uam</strong></span> <span class='ocrx_word' id='word_1_165' title='bbox 214 1827 296 1889; x_wconf 92' lang='lat' dir='ltr'><strong>opus</strong></span> <span class='ocrx_word' id='word_1_166' title='bbox 311 1812 508 1890; x_wconf 89' lang='lat' dir='ltr'><strong>hujusmodi</strong></span> <span class='ocrx_word' id='word_1_167' title='bbox 522 1812 633 1874; x_wconf 84' lang='lat' dir='ltr'><strong>valeat</strong></span> <span class='ocrx_word' id='word_1_168' title='bbox 645 1810 869 1873; x_wconf 88' lang='lat' dir='ltr'><strong>consummari</strong></span> <span class='ocrx_word' id='word_1_169' title='bbox 881 1812 915 1871; x_wconf 92' lang='lat' dir='ltr'><strong>et</strong></span> <span class='ocrx_word' id='word_1_170' title='bbox 967 1769 1137 1847; x_wconf 60' lang='lat' dir='ltr'>gmafflms</span> <span class='ocrx_word' id='word_1_171' title='bbox 1159 1785 1247 1846; x_wconf 50' lang='grc' dir='ltr'><strong>ΜΨ</strong></span> 
     </span>
     <span class='ocr_line' id='line_1_17' title="bbox 129 1907 913 1987; baseline -0.001 -18"><span class='ocrx_word' id='word_1_172' title='bbox 129 1923 178 1970; x_wconf 81' lang='lat' dir='ltr'><strong>ros</strong></span> <span class='ocrx_word' id='word_1_173' title='bbox 194 1924 251 1984; x_wconf 93' lang='lat' dir='ltr'><strong>per</strong></span> <span class='ocrx_word' id='word_1_174' title='bbox 277 1909 357 1972; x_wconf 82' lang='lat' dir='ltr'><strong>haee</strong></span> <span class='ocrx_word' id='word_1_175' title='bbox 382 1911 416 1971; x_wconf 90' lang='lat' dir='ltr'><strong>et</strong></span> <span class='ocrx_word' id='word_1_176' title='bbox 439 1909 508 1971; x_wconf 88' lang='lat' dir='ltr'><strong>alia</strong></span> <span class='ocrx_word' id='word_1_177' title='bbox 533 1909 632 1982; x_wconf 85' lang='lat' dir='ltr'><strong>bona,</strong></span> <span class='ocrx_word' id='word_1_178' title='bbox 661 1924 745 1987; x_wconf 70' lang='lat' dir='ltr'><strong>quai,</strong></span> <span class='ocrx_word' id='word_1_179' title='bbox 772 1907 913 1970; x_wconf 88' lang='lat' dir='ltr'><strong>Domino</strong></span> 
     </span>
    </p>

    <p class='ocr_par' dir='ltr' id='par_1_4' title="bbox 129 2004 915 2083">
     <span class='ocr_line' id='line_1_18' title="bbox 129 2004 915 2083; baseline 0 -18"><span class='ocrx_word' id='word_1_180' title='bbox 129 2004 311 2082; x_wconf 89' lang='lat' dir='ltr'><strong>inspirante,</strong></span> <span class='ocrx_word' id='word_1_181' title='bbox 322 2006 485 2079; x_wconf 78' lang='lat' dir='ltr'><strong>feceritis,</strong></span> <span class='ocrx_word' id='word_1_182' title='bbox 498 2006 539 2068; x_wconf 88' lang='lat' dir='ltr'><strong>ad</strong></span> <span class='ocrx_word' id='word_1_183' title='bbox 550 2009 684 2069; x_wconf 75' lang='lat' dir='ltr'><strong>eterne</strong></span> <span class='ocrx_word' id='word_1_184' title='bbox 696 2004 831 2083; x_wconf 90' lang='lat' dir='ltr'><strong>possitis</strong></span> <span class='ocrx_word' id='word_1_185' title='bbox 844 2004 915 2066; x_wconf 87' lang='lat' dir='ltr'><strong>ieli-</strong></span> 
     </span>
    </p>

    <p class='ocr_par' dir='ltr' id='par_1_5' title="bbox 130 2053 1765 2941">
     <span class='ocr_line' id='line_1_19' title="bbox 130 2053 1712 2179; baseline 0 -17"><span class='ocrx_word' id='word_1_186' title='bbox 130 2101 226 2163; x_wconf 66' lang='lat' dir='ltr'><strong>eitam</strong></span> <span class='ocrx_word' id='word_1_187' title='bbox 235 2104 364 2178; x_wconf 89' lang='lat' dir='ltr'><strong>gaudia</strong></span> <span class='ocrx_word' id='word_1_188' title='bbox 377 2104 565 2179; x_wconf 82' lang='lat' dir='ltr'><strong>pervenire.</strong></span> <span class='ocrx_word' id='word_1_189' title='bbox 579 2103 748 2164; x_wconf 90' lang='lat' dir='ltr'><strong>Nosenim</strong></span> <span class='ocrx_word' id='word_1_190' title='bbox 759 2102 801 2163; x_wconf 86' lang='lat' dir='ltr'><strong>de</strong></span> <span class='ocrx_word' id='word_1_191' title='bbox 811 2101 914 2163; x_wconf 89' lang='lat' dir='ltr'><strong>omni·</strong></span> <span class='ocrx_word' id='word_1_192' title='bbox 1306 2053 1429 2140; x_wconf 73' lang='lat' dir='ltr'>LXIX</span> <span class='ocrx_word' id='word_1_193' title='bbox 1710 2165 1712 2170; x_wconf 67' lang='lat'><strong>,</strong></span> 
     </span>
     <span class='ocr_line' id='line_1_20' title="bbox 130 2198 1759 2279; baseline 0.003 -20"><span class='ocrx_word' id='word_1_194' title='bbox 130 2200 256 2273; x_wconf 87' lang='lat' dir='ltr'><strong>potentis</strong></span> <span class='ocrx_word' id='word_1_195' title='bbox 269 2202 335 2262; x_wconf 85' lang='lat' dir='ltr'><strong>Dei</strong></span> <span class='ocrx_word' id='word_1_196' title='bbox 347 2200 578 2262; x_wconf 76' lang='lat' dir='ltr'><strong>misericordia</strong></span> <span class='ocrx_word' id='word_1_197' title='bbox 591 2200 806 2261; x_wconf 87' lang='lat' dir='ltr'><strong>etbeatorum</strong></span> <span class='ocrx_word' id='word_1_198' title='bbox 821 2198 913 2260; x_wconf 89' lang='lat' dir='ltr'><strong>Petri</strong></span> <span class='ocrx_word' id='word_1_199' title='bbox 968 2205 1021 2265; x_wconf 73' lang='lat' dir='ltr'><strong>Ao</strong></span> <span class='ocrx_word' id='word_1_200' title='bbox 1031 2204 1238 2279; x_wconf 81' lang='lat' dir='ltr'><strong>potestatem</strong></span> <span class='ocrx_word' id='word_1_201' title='bbox 1256 2204 1290 2267; x_wconf 84' lang='lat' dir='ltr'><strong>et</strong></span> <span class='ocrx_word' id='word_1_202' title='bbox 1308 2218 1490 2266; x_wconf 79' lang='lat' dir='ltr'><strong>commuue</strong></span> <span class='ocrx_word' id='word_1_203' title='bbox 1508 2206 1759 2266; x_wconf 71' lang='lat' dir='ltr'><strong>Ariminenses.</strong></span> 
     </span>
     <span class='ocr_line' id='line_1_21' title="bbox 130 2295 914 2374; baseline 0 -19"><span class='ocrx_word' id='word_1_204' title='bbox 130 2295 158 2356; x_wconf 90' lang='lat' dir='ltr'><strong>et</strong></span> <span class='ocrx_word' id='word_1_205' title='bbox 168 2296 255 2357; x_wconf 88' lang='lat' dir='ltr'><strong>Pauli</strong></span> <span class='ocrx_word' id='word_1_206' title='bbox 276 2295 509 2374; x_wconf 89' lang='lat' dir='ltr'><strong>apostolorum</strong></span> <span class='ocrx_word' id='word_1_207' title='bbox 524 2299 597 2374; x_wconf 77' lang='lat' dir='ltr'><strong>eJus</strong></span> <span class='ocrx_word' id='word_1_208' title='bbox 612 2295 811 2358; x_wconf 87' lang='lat' dir='ltr'><strong>auctoritate</strong></span> <span class='ocrx_word' id='word_1_209' title='bbox 833 2310 914 2356; x_wconf 89' lang='lat' dir='ltr'><strong>con-</strong></span> 
     </span>
     <span class='ocr_line' id='line_1_22' title="bbox 130 2391 913 2471; baseline 0.001 -20"><span class='ocrx_word' id='word_1_210' title='bbox 130 2391 190 2464; x_wconf 84' lang='lat' dir='ltr'><strong>lisi,</strong></span> <span class='ocrx_word' id='word_1_211' title='bbox 211 2394 370 2455; x_wconf 89' lang='lat' dir='ltr'><strong>omnibus</strong></span> <span class='ocrx_word' id='word_1_212' title='bbox 391 2394 499 2455; x_wconf 89' lang='lat' dir='ltr'><strong>eidem</strong></span> <span class='ocrx_word' id='word_1_213' title='bbox 531 2394 624 2471; x_wconf 92' lang='lat' dir='ltr'><strong>operi</strong></span> <span class='ocrx_word' id='word_1_214' title='bbox 650 2409 769 2454; x_wconf 92' lang='lat' dir='ltr'><strong>manus</strong></span> <span class='ocrx_word' id='word_1_215' title='bbox 793 2392 913 2454; x_wconf 82' lang='lat' dir='ltr'><strong>auxilii</strong></span> 
     </span>
     <span class='ocr_line' id='line_1_23' title="bbox 132 2489 913 2568; baseline -0.001 -18"><span class='ocrx_word' id='word_1_216' title='bbox 132 2491 385 2566; x_wconf 73' lang='lat' dir='ltr'><strong>porrigentibus,</strong></span> <span class='ocrx_word' id='word_1_217' title='bbox 407 2490 527 2566; x_wconf 78' lang='lat' dir='ltr'><strong>uiginti</strong></span> <span class='ocrx_word' id='word_1_218' title='bbox 542 2491 613 2552; x_wconf 91' lang='lat' dir='ltr'><strong>dies</strong></span> <span class='ocrx_word' id='word_1_219' title='bbox 628 2490 669 2552; x_wconf 90' lang='lat' dir='ltr'><strong>de</strong></span> <span class='ocrx_word' id='word_1_220' title='bbox 683 2491 834 2568; x_wconf 87' lang='lat' dir='ltr'><strong>injuncta</strong></span> <span class='ocrx_word' id='word_1_221' title='bbox 849 2489 913 2550; x_wconf 89' lang='lat' dir='ltr'><strong>sibi</strong></span> 
     </span>
     <span class='ocr_line' id='line_1_24' title="bbox 130 2587 1764 2664; baseline -0.001 -17"><span class='ocrx_word' id='word_1_222' title='bbox 130 2588 313 2662; x_wconf 79' lang='lat' dir='ltr'><strong>punitentia</strong></span> <span class='ocrx_word' id='word_1_223' title='bbox 342 2588 553 2660; x_wconf 83' lang='lat' dir='ltr'><strong>relaxamus,</strong></span> <span class='ocrx_word' id='word_1_224' title='bbox 590 2587 811 2664; x_wconf 72' lang='lat' dir='ltr'><strong>praesentibus</strong></span> <span class='ocrx_word' id='word_1_225' title='bbox 841 2588 915 2663; x_wconf 85' lang='lat' dir='ltr'><strong>post</strong></span> <span class='ocrx_word' id='word_1_226' title='bbox 970 2591 1006 2649; x_wconf 85' lang='lat' dir='ltr'><strong>Ut</strong></span> <span class='ocrx_word' id='word_1_227' title='bbox 1031 2588 1199 2663; x_wconf 85' lang='lat' dir='ltr'><strong>lngbiramo</strong></span> <span class='ocrx_word' id='word_1_228' title='bbox 1228 2588 1263 2647; x_wconf 87' lang='lat' dir='ltr'><strong>de</strong></span> <span class='ocrx_word' id='word_1_229' title='bbox 1293 2590 1435 2647; x_wconf 86' lang='lat' dir='ltr'><strong>Macerate</strong></span> <span class='ocrx_word' id='word_1_230' title='bbox 1463 2589 1590 2662; x_wconf 89' lang='lat' dir='ltr'><strong>ipsorum</strong></span> <span class='ocrx_word' id='word_1_231' title='bbox 1619 2588 1764 2661; x_wconf 84' lang='lat' dir='ltr'><strong>qnondam</strong></span> 
     </span>
     <span class='ocr_line' id='line_1_25' title="bbox 130 2677 1761 2751; baseline -0.001 -16"><span class='ocrx_word' id='word_1_232' title='bbox 130 2683 296 2747; x_wconf 77' lang='lat' dir='ltr'><strong>triennium</strong></span> <span class='ocrx_word' id='word_1_233' title='bbox 326 2685 466 2746; x_wconf 74' lang='lat' dir='ltr'><strong>minime</strong></span> <span class='ocrx_word' id='word_1_234' title='bbox 487 2685 651 2747; x_wconf 74' lang='lat' dir='ltr'><strong>valituris,</strong></span> <span class='ocrx_word' id='word_1_235' title='bbox 681 2686 800 2747; x_wconf 73' lang='lat' dir='ltr'><strong>Datum</strong></span> <span class='ocrx_word' id='word_1_236' title='bbox 815 2686 915 2746; x_wconf 74' lang='lat' dir='ltr'><strong>Late-</strong></span> <span class='ocrx_word' id='word_1_237' title='bbox 1005 2679 1107 2736; x_wconf 89' lang='lat' dir='ltr'><strong>rectori</strong></span> <span class='ocrx_word' id='word_1_238' title='bbox 1126 2677 1265 2751; x_wconf 86' lang='lat' dir='ltr'><strong>justitiam</strong></span> <span class='ocrx_word' id='word_1_239' title='bbox 1283 2678 1397 2745; x_wconf 85' lang='lat' dir='ltr'><strong>iaciant,</strong></span> <span class='ocrx_word' id='word_1_240' title='bbox 1411 2678 1548 2750; x_wconf 80' lang='lat' dir='ltr'><strong>legesque</strong></span> <span class='ocrx_word' id='word_1_241' title='bbox 1567 2680 1761 2735; x_wconf 80' lang='lat' dir='ltr'><strong>Romanorum</strong></span> 
     </span>
     <span class='ocr_line' id='line_1_26' title="bbox 132 2765 1765 2859; baseline 0.001 -36"><span class='ocrx_word' id='word_1_242' title='bbox 132 2781 205 2852; x_wconf 59' lang='lat' dir='ltr'><strong>mg,</strong></span> <span class='ocrx_word' id='word_1_243' title='bbox 219 2785 248 2843; x_wconf 81' lang='lat' dir='ltr'><strong>v</strong></span> <span class='ocrx_word' id='word_1_244' title='bbox 261 2783 401 2844; x_wconf 60' lang='lat' dir='ltr'><strong>kalend,</strong></span> <span class='ocrx_word' id='word_1_245' title='bbox 423 2782 546 2855; x_wconf 55' lang='lat' dir='ltr'>mal-fii,</span> <span class='ocrx_word' id='word_1_246' title='bbox 573 2781 785 2859; x_wconf 61' lang='lat' dir='ltr'><strong>pontificatus</strong></span> <span class='ocrx_word' id='word_1_247' title='bbox 808 2782 914 2843; x_wconf 63' lang='lat' dir='ltr'>nostri</span> <span class='ocrx_word' id='word_1_248' title='bbox 1004 2767 1184 2840; x_wconf 85' lang='lat' dir='ltr'><strong>imperatoris</strong></span> <span class='ocrx_word' id='word_1_249' title='bbox 1202 2774 1301 2825; x_wconf 84' lang='lat' dir='ltr'><strong>contra</strong></span> <span class='ocrx_word' id='word_1_250' title='bbox 1319 2765 1589 2824; x_wconf 80' lang='lat' dir='ltr'><strong>hereticosstetntu</strong></span> <span class='ocrx_word' id='word_1_251' title='bbox 1606 2781 1706 2824; x_wconf 91' lang='lat' dir='ltr'><strong>eorum</strong></span> <span class='ocrx_word' id='word_1_252' title='bbox 1721 2767 1765 2824; x_wconf 89' lang='lat' dir='ltr'><strong>oi·</strong></span> 
     </span>
     <span class='ocr_line' id='line_1_27' title="bbox 130 2857 1252 2941; baseline -0.001 -28"><span class='ocrx_word' id='word_1_253' title='bbox 130 2889 205 2941; x_wconf 65' lang='lat' dir='ltr'><strong>mo</strong></span> <span class='ocrx_word' id='word_1_254' title='bbox 220 2857 411 2941; x_wconf 45' lang='lat' dir='ltr'><strong>undecimo·</strong></span> <span class='ocrx_word' id='word_1_255' title='bbox 1004 2857 1100 2915; x_wconf 85' lang='lat' dir='ltr'><strong>vitatis</strong></span> <span class='ocrx_word' id='word_1_256' title='bbox 1114 2857 1252 2913; x_wconf 86' lang='lat' dir='ltr'><strong>inserent.</strong></span> 
     </span>
    </p>
   </div>
   <div class='ocr_carea' id='block_1_3' title="bbox 1009 2979 1764 3058">
    <p class='ocr_par' dir='ltr' id='par_1_6' title="bbox 1009 2979 1764 3058">
     <span class='ocr_line' id='line_1_28' title="bbox 1009 2979 1764 3058; baseline -0.004 -15"><span class='ocrx_word' id='word_1_257' title='bbox 1009 2981 1177 3043; x_wconf 89' lang='lat' dir='ltr'><strong>Honorius</strong></span> <span class='ocrx_word' id='word_1_258' title='bbox 1203 2981 1389 3058; x_wconf 89' lang='lat' dir='ltr'><strong>episcopus,</strong></span> <span class='ocrx_word' id='word_1_259' title='bbox 1421 2980 1496 3052; x_wconf 74' lang='lat' dir='ltr'><strong>etc,</strong></span> <span class='ocrx_word' id='word_1_260' title='bbox 1525 2979 1654 3042; x_wconf 88' lang='lat' dir='ltr'><strong>dilectis</strong></span> <span class='ocrx_word' id='word_1_261' title='bbox 1686 2980 1764 3041; x_wconf 84' lang='lat' dir='ltr'><strong>filiis</strong></span> 
     </span>
    </p>
   </div>
   <div class='ocr_carea' id='block_1_4' title="bbox 1007 1673 1764 1831">
    <p class='ocr_par' dir='ltr' id='par_1_7' title="bbox 1007 1673 1764 1831">
     <span class='ocr_line' id='line_1_29' title="bbox 1007 1673 1764 1747; baseline 0 -14"><span class='ocrx_word' id='word_1_262' title='bbox 1007 1676 1051 1733; x_wconf 81' lang='lat' dir='ltr'><strong>Iu</strong></span> <span class='ocrx_word' id='word_1_263' title='bbox 1072 1674 1231 1733; x_wconf 81' lang='lat' dir='ltr'><strong>eumdem</strong></span> <span class='ocrx_word' id='word_1_264' title='bbox 1249 1674 1390 1734; x_wconf 80' lang='lat' dir='ltr'><strong>modum</strong></span> <span class='ocrx_word' id='word_1_265' title='bbox 1410 1676 1594 1747; x_wconf 76' lang='lat' dir='ltr'><strong>eodemque</strong></span> <span class='ocrx_word' id='word_1_266' title='bbox 1615 1675 1670 1735; x_wconf 80' lang='lat' dir='ltr'><strong>cite</strong></span> <span class='ocrx_word' id='word_1_267' title='bbox 1683 1673 1764 1734; x_wconf 81' lang='lat' dir='ltr'><strong>Ful·</strong></span> 
     </span>
     <span class='ocr_line' id='line_1_30' title="bbox 1248 1769 1402 1831; baseline 0 0"><span class='ocrx_word' id='word_1_268' title='bbox 1248 1769 1318 1831; x_wconf 92' lang='lat' dir='ltr'><strong>tum</strong></span> <span class='ocrx_word' id='word_1_269' title='bbox 1341 1770 1402 1831; x_wconf 91' lang='lat' dir='ltr'><strong>est.</strong></span> 
     </span>
    </p>
   </div>
   <div class='ocr_carea' id='block_1_5' title="bbox 1011 2340 1725 2531">
    <p class='ocr_par' dir='ltr' id='par_1_8' title="bbox 1011 2340 1725 2531">
     <span class='ocr_line' id='line_1_31' title="bbox 1218 2340 1513 2402; baseline -0.014 0"><span class='ocrx_word' id='word_1_270' title='bbox 1218 2343 1252 2402; x_wconf 79' lang='lat'><strong>27</strong></span> <span class='ocrx_word' id='word_1_271' title='bbox 1274 2340 1408 2400; x_wconf 80' lang='lat' dir='ltr'><strong>februarii</strong></span> <span class='ocrx_word' id='word_1_272' title='bbox 1434 2343 1513 2400; x_wconf 75' lang='lat'><strong>1227.</strong></span> 
     </span>
     <span class='ocr_line' id='line_1_32' title="bbox 1011 2464 1725 2531; baseline -0.001 -14"><span class='ocrx_word' id='word_1_273' title='bbox 1011 2465 1143 2530; x_wconf 64' lang='lat' dir='ltr'><strong>[Tbeinen</strong></span> <span class='ocrx_word' id='word_1_274' title='bbox 1157 2464 1218 2517; x_wconf 79' lang='lat' dir='ltr'><strong>cod.</strong></span> <span class='ocrx_word' id='word_1_275' title='bbox 1234 2465 1340 2531; x_wconf 89' lang='lat' dir='ltr'><strong>diplom.</strong></span> <span class='ocrx_word' id='word_1_276' title='bbox 1354 2465 1423 2516; x_wconf 85' lang='lat' dir='ltr'><strong>dom.</strong></span> <span class='ocrx_word' id='word_1_277' title='bbox 1436 2473 1528 2530; x_wconf 84' lang='lat' dir='ltr'><strong>temp,</strong></span> <span class='ocrx_word' id='word_1_278' title='bbox 1539 2466 1559 2524; x_wconf 89' lang='lat' dir='ltr'><strong>l,</strong></span> <span class='ocrx_word' id='word_1_279' title='bbox 1569 2465 1609 2523; x_wconf 83' lang='lat'><strong>83,</strong></span> <span class='ocrx_word' id='word_1_280' title='bbox 1619 2479 1647 2516; x_wconf 88' lang='lat' dir='ltr'><strong>u.</strong></span> <span class='ocrx_word' id='word_1_281' title='bbox 1659 2464 1725 2530; x_wconf 82' lang='lat' dir='ltr'><strong>llo]</strong></span> 
     </span>
    </p>
   </div>
   <div class='ocr_carea' id='block_1_6' title="bbox 131 3077 1763 3541">
    <p class='ocr_par' dir='ltr' id='par_1_9' title="bbox 36 3077 1763 3541">
     <span class='ocr_line' id='line_1_33' title="bbox 436 3077 1763 3240; baseline -0.01 -89"><span class='ocrx_word' id='word_1_282' title='bbox 436 3101 601 3188; x_wconf 70' lang='lat' dir='ltr'>LXVIII</span> <span class='ocrx_word' id='word_1_283' title='bbox 969 3080 1183 3240; x_wconf 47' lang='lat' dir='ltr'><strong>plottoegtateitoet</strong></span> <span class='ocrx_word' id='word_1_284' title='bbox 1208 3078 1376 3141; x_wconf 89' lang='lat' dir='ltr'><strong>communi</strong></span> <span class='ocrx_word' id='word_1_285' title='bbox 1398 3077 1679 3150; x_wconf 71' lang='lat' dir='ltr'><strong>ariminensibus,</strong></span> <span class='ocrx_word' id='word_1_286' title='bbox 1703 3092 1763 3139; x_wconf 88' lang='lat' dir='ltr'><strong>sa-</strong></span> 
     </span>
     <span class='ocr_line' id='line_1_34' title="bbox 131 3221 1763 3336; baseline -0.011 13.955"><span class='ocrx_word' id='word_1_287' title='bbox 131 3252 175 3311; x_wconf 58' lang='lat' dir='ltr'><strong>Aa</strong></span> <span class='ocrx_word' id='word_1_288' title='bbox 188 3251 396 3328; x_wconf 55' lang='lat' dir='ltr'><strong>mmm</strong></span> <span class='ocrx_word' id='word_1_289' title='bbox 410 3252 445 3313; x_wconf 60' lang='lat' dir='ltr'><strong>et</strong></span> <span class='ocrx_word' id='word_1_290' title='bbox 461 3256 623 3325; x_wconf 53' lang='lat' dir='ltr'><strong>nmium</strong></span> <span class='ocrx_word' id='word_1_291' title='bbox 637 3244 913 3314; x_wconf 55' lang='lat' dir='ltr'><strong>omnnem·</strong></span> <span class='ocrx_word' id='word_1_292' title='bbox 1010 3221 1283 3336; x_wconf 51' lang='lat' dir='ltr'><strong>era&#39;vem&#39;uueeu</strong></span> <span class='ocrx_word' id='word_1_293' title='bbox 1305 3264 1366 3334; x_wconf 86' lang='lat' dir='ltr'><strong>tilii</strong></span> <span class='ocrx_word' id='word_1_294' title='bbox 1385 3256 1410 3333; x_wconf 85' lang='lat' dir='ltr'><strong>l.</strong></span> <span class='ocrx_word' id='word_1_295' title='bbox 1436 3272 1477 3333; x_wconf 92' lang='lat' dir='ltr'><strong>de</strong></span> <span class='ocrx_word' id='word_1_296' title='bbox 1496 3274 1664 3333; x_wconf 87' lang='lat' dir='ltr'><strong>Macerata</strong></span> <span class='ocrx_word' id='word_1_297' title='bbox 1679 3271 1763 3333; x_wconf 82' lang='lat' dir='ltr'><strong>civis</strong></span> 
     </span>
     <span class='ocr_line' id='line_1_35' title="bbox 367 3368 1761 3449; baseline -0.01 -6"><span class='ocrx_word' id='word_1_298' title='bbox 367 3391 404 3449; x_wconf 72' lang='lat' dir='ltr'><strong>ze</strong></span> <span class='ocrx_word' id='word_1_299' title='bbox 422 3389 555 3448; x_wconf 74' lang='lat' dir='ltr'><strong>februarii</strong></span> <span class='ocrx_word' id='word_1_300' title='bbox 575 3390 654 3449; x_wconf 76' lang='lat'><strong>1227,</strong></span> <span class='ocrx_word' id='word_1_301' title='bbox 969 3372 1169 3435; x_wconf 89' lang='lat' dir='ltr'><strong>Mutinensis</strong></span> <span class='ocrx_word' id='word_1_302' title='bbox 1203 3371 1390 3447; x_wconf 83' lang='lat' dir='ltr'><strong>recepimus</strong></span> <span class='ocrx_word' id='word_1_303' title='bbox 1416 3371 1645 3447; x_wconf 86' lang='lat' dir='ltr'><strong>quaestionem,</strong></span> <span class='ocrx_word' id='word_1_304' title='bbox 1673 3368 1761 3447; x_wconf 83' lang='lat' dir='ltr'><strong>quod</strong></span> 
     </span>
     <span class='ocr_line' id='line_1_36' title="bbox 969 3467 1761 3541; baseline -0.006 -9"><span class='ocrx_word' id='word_1_305' title='bbox 969 3470 1142 3532; x_wconf 80' lang='lat' dir='ltr'><strong>Ariminus</strong></span> <span class='ocrx_word' id='word_1_306' title='bbox 1166 3469 1207 3530; x_wconf 91' lang='lat' dir='ltr'><strong>de</strong></span> <span class='ocrx_word' id='word_1_307' title='bbox 1222 3467 1397 3530; x_wconf 85' lang='lat' dir='ltr'><strong>Bonflletto</strong></span> <span class='ocrx_word' id='word_1_308' title='bbox 1421 3469 1454 3530; x_wconf 91' lang='lat' dir='ltr'><strong>et</strong></span> <span class='ocrx_word' id='word_1_309' title='bbox 1467 3469 1576 3528; x_wconf 90' lang='lat' dir='ltr'><strong>Bucca</strong></span> <span class='ocrx_word' id='word_1_310' title='bbox 1590 3467 1630 3527; x_wconf 91' lang='lat' dir='ltr'><strong>de</strong></span> <span class='ocrx_word' id='word_1_311' title='bbox 1646 3468 1761 3541; x_wconf 82' lang='lat' dir='ltr'><strong>Ferro,</strong></span> 
     </span>
    </p>
   </div>
   <div class='ocr_carea' id='block_1_7' title="bbox 36 3564 1766 3737">
    <p class='ocr_par' dir='ltr' id='par_1_10' title="bbox 36 3564 1766 3737">
     <span class='ocr_line' id='line_1_37' title="bbox 970 3564 1763 3646; baseline -0.01 -16"><span class='ocrx_word' id='word_1_312' title='bbox 970 3584 1010 3630; x_wconf 87' lang='lat' dir='ltr'><strong>ac</strong></span> <span class='ocrx_word' id='word_1_313' title='bbox 1029 3567 1163 3646; x_wconf 85' lang='lat' dir='ltr'><strong>quidam</strong></span> <span class='ocrx_word' id='word_1_314' title='bbox 1189 3566 1247 3627; x_wconf 91' lang='lat' dir='ltr'><strong>alii</strong></span> <span class='ocrx_word' id='word_1_315' title='bbox 1272 3566 1362 3628; x_wconf 81' lang='lat' dir='ltr'><strong>cives</strong></span> <span class='ocrx_word' id='word_1_316' title='bbox 1389 3565 1618 3627; x_wconf 83' lang='lat' dir='ltr'><strong>Ariminenses</strong></span> <span class='ocrx_word' id='word_1_317' title='bbox 1655 3564 1763 3624; x_wconf 91' lang='lat' dir='ltr'><strong>eidem</strong></span> 
     </span>
     <span class='ocr_line' id='line_1_38' title="bbox 36 3636 1766 3737; baseline -0.006 -40"><span class='ocrx_word' id='word_1_318' title='bbox 36 3670 37 3675; x_wconf 21' lang='grc' dir='ltr'><strong>κ</strong></span> <span class='ocrx_word' id='word_1_319' title='bbox 130 3636 167 3696; x_wconf 86' lang='lat' dir='ltr'><strong>lle</strong></span> <span class='ocrx_word' id='word_1_320' title='bbox 184 3640 359 3714; x_wconf 84' lang='lat' dir='ltr'><strong>llugolinum</strong></span> <span class='ocrx_word' id='word_1_321' title='bbox 383 3639 554 3697; x_wconf 83' lang='lat' dir='ltr'><strong>Perusinum</strong></span> <span class='ocrx_word' id='word_1_322' title='bbox 579 3639 672 3696; x_wconf 86' lang='lat' dir='ltr'><strong>virum</strong></span> <span class='ocrx_word' id='word_1_323' title='bbox 698 3637 865 3697; x_wconf 83' lang='lat' dir='ltr'><strong>seditiosum</strong></span> <span class='ocrx_word' id='word_1_324' title='bbox 885 3639 916 3695; x_wconf 91' lang='lat' dir='ltr'><strong>iu</strong></span> <span class='ocrx_word' id='word_1_325' title='bbox 969 3667 1039 3728; x_wconf 65' lang='lat' dir='ltr'><strong>tum</strong></span> <span class='ocrx_word' id='word_1_326' title='bbox 1059 3665 1178 3726; x_wconf 55' lang='lat' dir='ltr'><strong>vestm</strong></span> <span class='ocrx_word' id='word_1_327' title='bbox 1198 3662 1344 3725; x_wconf 53' lang='lat' dir='ltr'><strong>civitatis</strong></span> <span class='ocrx_word' id='word_1_328' title='bbox 1365 3662 1516 3737; x_wconf 56' lang='lat' dir='ltr'><strong>regimen</strong></span> <span class='ocrx_word' id='word_1_329' title='bbox 1529 3660 1690 3723; x_wconf 60' lang='lat' dir='ltr'>obtinenti</span> <span class='ocrx_word' id='word_1_330' title='bbox 1703 3674 1766 3737; x_wconf 55' lang='lat' dir='ltr'><strong>po,</strong></span> 
     </span>
    </p>
   </div>
   <div class='ocr_carea' id='block_1_8' title="bbox 199 3511 831 3580">
    <p class='ocr_par' dir='ltr' id='par_1_11' title="bbox 199 3511 831 3580">
     <span class='ocr_line' id='line_1_39' title="bbox 199 3511 831 3580; baseline -0.006 -14"><span class='ocrx_word' id='word_1_331' title='bbox 199 3515 330 3580; x_wconf 71' lang='lat' dir='ltr'><strong>macium,</strong></span> <span class='ocrx_word' id='word_1_332' title='bbox 339 3514 403 3566; x_wconf 82' lang='lat' dir='ltr'><strong>ced.</strong></span> <span class='ocrx_word' id='word_1_333' title='bbox 419 3514 482 3579; x_wconf 89' lang='lat' dir='ltr'><strong>dipl.</strong></span> <span class='ocrx_word' id='word_1_334' title='bbox 495 3513 566 3565; x_wconf 87' lang='lat' dir='ltr'><strong>dom.</strong></span> <span class='ocrx_word' id='word_1_335' title='bbox 576 3519 666 3578; x_wconf 86' lang='lat' dir='ltr'><strong>temp,</strong></span> <span class='ocrx_word' id='word_1_336' title='bbox 678 3514 699 3572; x_wconf 88' lang='lat' dir='ltr'><strong>l,</strong></span> <span class='ocrx_word' id='word_1_337' title='bbox 710 3512 751 3572; x_wconf 83' lang='lat'><strong>83,</strong></span> <span class='ocrx_word' id='word_1_338' title='bbox 764 3511 831 3578; x_wconf 80' lang='lat' dir='ltr'><strong>reu]</strong></span> 
     </span>
    </p>
   </div>
   <div class='ocr_carea' id='block_1_9' title="bbox 259 3726 1762 3835">
    <p class='ocr_par' dir='ltr' id='par_1_12' title="bbox 259 3726 1762 3835">
     <span class='ocr_line' id='line_1_40' title="bbox 259 3726 1762 3835; baseline 0.015 -50"><span class='ocrx_word' id='word_1_339' title='bbox 259 3729 356 3786; x_wconf 81' lang='lat' dir='ltr'><strong>civem</strong></span> <span class='ocrx_word' id='word_1_340' title='bbox 377 3728 421 3785; x_wconf 81' lang='lat' dir='ltr'><strong>uel</strong></span> <span class='ocrx_word' id='word_1_341' title='bbox 439 3733 609 3800; x_wconf 84' lang='lat' dir='ltr'><strong>potestatem</strong></span> <span class='ocrx_word' id='word_1_342' title='bbox 623 3726 773 3799; x_wconf 85' lang='lat' dir='ltr'><strong>recipiant.</strong></span> <span class='ocrx_word' id='word_1_343' title='bbox 970 3763 1088 3824; x_wconf 60' lang='lat' dir='ltr'>nentes</span> <span class='ocrx_word' id='word_1_344' title='bbox 1114 3760 1276 3833; x_wconf 58' lang='lat' dir='ltr'>insidias,</span> <span class='ocrx_word' id='word_1_345' title='bbox 1304 3762 1338 3822; x_wconf 64' lang='lat' dir='ltr'><strong>et</strong></span> <span class='ocrx_word' id='word_1_346' title='bbox 1361 3761 1397 3821; x_wconf 71' lang='lat' dir='ltr'><strong>ut</strong></span> <span class='ocrx_word' id='word_1_347' title='bbox 1417 3758 1531 3835; x_wconf 39' lang='lat' dir='ltr'><strong>ipsum.</strong></span> <span class='ocrx_word' id='word_1_348' title='bbox 1557 3756 1762 3830; x_wconf 67' lang='lat' dir='ltr'><strong>occiderent,</strong></span> 
     </span>
    </p>
   </div>
   <div class='ocr_carea' id='block_1_10' title="bbox 133 3856 1765 4038">
    <p class='ocr_par' dir='ltr' id='par_1_13' title="bbox 133 3856 1765 4038">
     <span class='ocr_line' id='line_1_41' title="bbox 163 3856 1765 3939; baseline -0.004 -16"><span class='ocrx_word' id='word_1_349' title='bbox 163 3863 328 3925; x_wconf 84' lang='lat' dir='ltr'><strong>Honorius</strong></span> <span class='ocrx_word' id='word_1_350' title='bbox 363 3861 549 3939; x_wconf 90' lang='lat' dir='ltr'><strong>episcopus,</strong></span> <span class='ocrx_word' id='word_1_351' title='bbox 577 3861 652 3933; x_wconf 82' lang='lat' dir='ltr'><strong>etc,</strong></span> <span class='ocrx_word' id='word_1_352' title='bbox 680 3860 810 3922; x_wconf 91' lang='lat' dir='ltr'><strong>dilectis</strong></span> <span class='ocrx_word' id='word_1_353' title='bbox 836 3860 916 3922; x_wconf 83' lang='lat' dir='ltr'><strong>tiliis</strong></span> <span class='ocrx_word' id='word_1_354' title='bbox 969 3858 1130 3921; x_wconf 92' lang='lat' dir='ltr'><strong>insultum</strong></span> <span class='ocrx_word' id='word_1_355' title='bbox 1153 3859 1189 3919; x_wconf 91' lang='lat' dir='ltr'><strong>in</strong></span> <span class='ocrx_word' id='word_1_356' title='bbox 1205 3873 1280 3919; x_wconf 91' lang='lat' dir='ltr'><strong>eum</strong></span> <span class='ocrx_word' id='word_1_357' title='bbox 1304 3859 1429 3919; x_wconf 90' lang='lat' dir='ltr'><strong>temere</strong></span> <span class='ocrx_word' id='word_1_358' title='bbox 1448 3856 1619 3928; x_wconf 86' lang='lat' dir='ltr'><strong>iacientes,</strong></span> <span class='ocrx_word' id='word_1_359' title='bbox 1645 3870 1765 3931; x_wconf 80' lang='lat' dir='ltr'><strong>graves</strong></span> 
     </span>
     <span class='ocr_line' id='line_1_42' title="bbox 133 3951 1764 4038; baseline -0.004 -18"><span class='ocrx_word' id='word_1_360' title='bbox 133 3959 277 4033; x_wconf 85' lang='lat' dir='ltr'><strong>potestati</strong></span> <span class='ocrx_word' id='word_1_361' title='bbox 296 3961 330 4022; x_wconf 92' lang='lat' dir='ltr'><strong>et</strong></span> <span class='ocrx_word' id='word_1_362' title='bbox 345 3959 467 4038; x_wconf 90' lang='lat' dir='ltr'><strong>populo</strong></span> <span class='ocrx_word' id='word_1_363' title='bbox 491 3958 793 4032; x_wconf 85' lang='lat' dir='ltr'><strong>camerinensibus,</strong></span> <span class='ocrx_word' id='word_1_364' title='bbox 819 3959 914 4020; x_wconf 87' lang='lat' dir='ltr'><strong>salu·</strong></span> <span class='ocrx_word' id='word_1_365' title='bbox 970 3957 1078 4018; x_wconf 89' lang='lat' dir='ltr'><strong>eldem</strong></span> <span class='ocrx_word' id='word_1_366' title='bbox 1110 3956 1253 4033; x_wconf 90' lang='lat' dir='ltr'><strong>injurias</strong></span> <span class='ocrx_word' id='word_1_367' title='bbox 1281 3955 1484 4025; x_wconf 87' lang='lat' dir='ltr'><strong>intulerunt,</strong></span> <span class='ocrx_word' id='word_1_368' title='bbox 1514 3968 1573 4031; x_wconf 90' lang='lat' dir='ltr'><strong>pro</strong></span> <span class='ocrx_word' id='word_1_369' title='bbox 1601 3968 1641 4015; x_wconf 92' lang='lat' dir='ltr'><strong>eo</strong></span> <span class='ocrx_word' id='word_1_370' title='bbox 1676 3951 1764 4031; x_wconf 89' lang='lat' dir='ltr'><strong>qnod</strong></span> 
     </span>
    </p>
   </div>
   <div class='ocr_carea' id='block_1_11' title="bbox 36 4051 1767 4141">
    <p class='ocr_par' dir='ltr' id='par_1_14' title="bbox 36 4051 1767 4141">
     <span class='ocr_line' id='line_1_43' title="bbox 36 4051 1767 4141; baseline -0.005 -23"><span class='ocrx_word' id='word_1_371' title='bbox 36 4072 38 4141; x_wconf 67' lang='lat'><strong>.</strong></span> <span class='ocrx_word' id='word_1_372' title='bbox 133 4055 205 4129; x_wconf 90' lang='lat' dir='ltr'><strong>tem,</strong></span> <span class='ocrx_word' id='word_1_373' title='bbox 227 4058 292 4120; x_wconf 88' lang='lat' dir='ltr'><strong>etc.</strong></span> <span class='ocrx_word' id='word_1_374' title='bbox 970 4054 1130 4132; x_wconf 85' lang='lat' dir='ltr'><strong>quasdam</strong></span> <span class='ocrx_word' id='word_1_375' title='bbox 1154 4068 1269 4115; x_wconf 87' lang='lat' dir='ltr'><strong>eorum</strong></span> <span class='ocrx_word' id='word_1_376' title='bbox 1293 4051 1391 4125; x_wconf 82' lang='lat' dir='ltr'><strong>illias,</strong></span> <span class='ocrx_word' id='word_1_377' title='bbox 1417 4067 1550 4112; x_wconf 90' lang='lat' dir='ltr'><strong>sorores</strong></span> <span class='ocrx_word' id='word_1_378' title='bbox 1570 4052 1603 4113; x_wconf 90' lang='lat' dir='ltr'><strong>et</strong></span> <span class='ocrx_word' id='word_1_379' title='bbox 1622 4066 1767 4112; x_wconf 89' lang='lat' dir='ltr'><strong>consan-</strong></span> 
     </span>
    </p>
   </div>
   <div class='ocr_carea' id='block_1_12' title="bbox 36 4146 1767 4324">
    <p class='ocr_par' dir='ltr' id='par_1_15' title="bbox 36 4146 1767 4324">
     <span class='ocr_line' id='line_1_44' title="bbox 36 4146 1766 4247; baseline -0.003 -35"><span class='ocrx_word' id='word_1_380' title='bbox 36 4200 38 4247; x_wconf 8' lang='grc' dir='ltr'><strong><em>ᾖ</em></strong></span> <span class='ocrx_word' id='word_1_381' title='bbox 166 4150 401 4223; x_wconf 78' lang='lat' dir='ltr'><strong>Intelleximus,</strong></span> <span class='ocrx_word' id='word_1_382' title='bbox 427 4150 513 4229; x_wconf 87' lang='lat' dir='ltr'><strong>quod</strong></span> <span class='ocrx_word' id='word_1_383' title='bbox 542 4149 600 4211; x_wconf 92' lang='lat' dir='ltr'><strong>ille</strong></span> <span class='ocrx_word' id='word_1_384' title='bbox 630 4149 787 4222; x_wconf 77' lang='lat' dir='ltr'><strong>famosus,</strong></span> <span class='ocrx_word' id='word_1_385' title='bbox 815 4150 916 4212; x_wconf 93' lang='lat' dir='ltr'><strong>lmmo</strong></span> <span class='ocrx_word' id='word_1_386' title='bbox 970 4152 1112 4228; x_wconf 89' lang='lat' dir='ltr'><strong>guineas</strong></span> <span class='ocrx_word' id='word_1_387' title='bbox 1133 4151 1310 4212; x_wconf 86' lang='lat' dir='ltr'><strong>baereticas</strong></span> <span class='ocrx_word' id='word_1_388' title='bbox 1333 4148 1530 4211; x_wconf 83' lang='lat' dir='ltr'><strong>manifestas</strong></span> <span class='ocrx_word' id='word_1_389' title='bbox 1549 4148 1647 4224; x_wconf 84' lang='lat' dir='ltr'><strong>juxta</strong></span> <span class='ocrx_word' id='word_1_390' title='bbox 1671 4146 1766 4207; x_wconf 91' lang='lat' dir='ltr'><strong>debi-</strong></span> 
     </span>
     <span class='ocr_line' id='line_1_45' title="bbox 135 4244 1767 4324; baseline -0.004 -14"><span class='ocrx_word' id='word_1_391' title='bbox 135 4244 259 4310; x_wconf 84' lang='lat' dir='ltr'><strong>insauus</strong></span> <span class='ocrx_word' id='word_1_392' title='bbox 283 4248 523 4310; x_wconf 86' lang='lat' dir='ltr'><strong>seditionarius</strong></span> <span class='ocrx_word' id='word_1_393' title='bbox 542 4247 729 4324; x_wconf 85' lang='lat' dir='ltr'><strong>Hugolinus</strong></span> <span class='ocrx_word' id='word_1_394' title='bbox 743 4247 913 4323; x_wconf 87' lang='lat' dir='ltr'><strong>Hugoliui,</strong></span> <span class='ocrx_word' id='word_1_395' title='bbox 971 4251 1041 4310; x_wconf 90' lang='lat' dir='ltr'><strong>tum</strong></span> <span class='ocrx_word' id='word_1_396' title='bbox 1063 4249 1115 4309; x_wconf 90' lang='lat' dir='ltr'><strong>sui</strong></span> <span class='ocrx_word' id='word_1_397' title='bbox 1131 4249 1233 4309; x_wconf 80' lang='lat' dir='ltr'><strong>oflicii</strong></span> <span class='ocrx_word' id='word_1_398' title='bbox 1258 4248 1402 4324; x_wconf 91' lang='lat' dir='ltr'><strong>ceperat,</strong></span> <span class='ocrx_word' id='word_1_399' title='bbox 1426 4246 1459 4307; x_wconf 91' lang='lat' dir='ltr'><strong>et</strong></span> <span class='ocrx_word' id='word_1_400' title='bbox 1477 4244 1671 4322; x_wconf 89' lang='lat' dir='ltr'><strong>imperatori</strong></span> <span class='ocrx_word' id='word_1_401' title='bbox 1695 4244 1767 4305; x_wconf 90' lang='lat' dir='ltr'><strong>tra-</strong></span> 
     </span>
    </p>
   </div>
   <div class='ocr_carea' id='block_1_13' title="bbox 36 4339 1766 4417">
    <p class='ocr_par' dir='ltr' id='par_1_16' title="bbox 36 4339 1766 4417">
     <span class='ocr_line' id='line_1_46' title="bbox 36 4339 1766 4417; baseline -0.002 -13"><span class='ocrx_word' id='word_1_402' title='bbox 36 4364 37 4369; x_wconf 46' lang='lat'><em>*</em></span> <span class='ocrx_word' id='word_1_403' title='bbox 136 4358 192 4405; x_wconf 90' lang='lat' dir='ltr'><strong>nou</strong></span> <span class='ocrx_word' id='word_1_404' title='bbox 212 4348 330 4409; x_wconf 81' lang='lat' dir='ltr'><strong>ualens</strong></span> <span class='ocrx_word' id='word_1_405' title='bbox 360 4345 501 4407; x_wconf 89' lang='lat' dir='ltr'><strong>ulterius</strong></span> <span class='ocrx_word' id='word_1_406' title='bbox 524 4345 559 4405; x_wconf 93' lang='lat' dir='ltr'><strong>in</strong></span> <span class='ocrx_word' id='word_1_407' title='bbox 591 4345 726 4407; x_wconf 87' lang='lat' dir='ltr'><strong>civitate</strong></span> <span class='ocrx_word' id='word_1_408' title='bbox 751 4346 916 4407; x_wconf 90' lang='lat' dir='ltr'><strong>Perusina</strong></span> <span class='ocrx_word' id='word_1_409' title='bbox 972 4345 1102 4406; x_wconf 89' lang='lat' dir='ltr'><strong>diderat</strong></span> <span class='ocrx_word' id='word_1_410' title='bbox 1116 4343 1368 4414; x_wconf 88' lang='lat' dir='ltr'><strong>comburendas,</strong></span> <span class='ocrx_word' id='word_1_411' title='bbox 1384 4358 1423 4403; x_wconf 89' lang='lat' dir='ltr'><strong>ae</strong></span> <span class='ocrx_word' id='word_1_412' title='bbox 1435 4339 1643 4417; x_wconf 86' lang='lat' dir='ltr'><strong>imperialem</strong></span> <span class='ocrx_word' id='word_1_413' title='bbox 1657 4340 1766 4415; x_wconf 86' lang='lat' dir='ltr'><strong>legem</strong></span> 
     </span>
    </p>
   </div>
   <div class='ocr_carea' id='block_1_14' title="bbox 136 4436 1769 4615">
    <p class='ocr_par' dir='ltr' id='par_1_17' title="bbox 136 4436 1769 4615">
     <span class='ocr_line' id='line_1_47' title="bbox 136 4436 1765 4519; baseline -0.003 -18"><span class='ocrx_word' id='word_1_414' title='bbox 136 4441 302 4505; x_wconf 82' lang='lat' dir='ltr'><strong>seditiones</strong></span> <span class='ocrx_word' id='word_1_415' title='bbox 326 4442 443 4505; x_wconf 85' lang='lat' dir='ltr'><strong>solitas</strong></span> <span class='ocrx_word' id='word_1_416' title='bbox 467 4441 664 4513; x_wconf 88' lang='lat' dir='ltr'><strong>machinari,</strong></span> <span class='ocrx_word' id='word_1_417' title='bbox 691 4442 733 4503; x_wconf 94' lang='lat' dir='ltr'><strong>ad</strong></span> <span class='ocrx_word' id='word_1_418' title='bbox 749 4442 916 4505; x_wconf 82' lang='lat' dir='ltr'><strong>ciuitatem</strong></span> <span class='ocrx_word' id='word_1_419' title='bbox 971 4458 1079 4519; x_wconf 88' lang='lat' dir='ltr'><strong>nuper</strong></span> <span class='ocrx_word' id='word_1_420' title='bbox 1093 4444 1208 4503; x_wconf 89' lang='lat' dir='ltr'><strong>contra</strong></span> <span class='ocrx_word' id='word_1_421' title='bbox 1232 4440 1407 4502; x_wconf 85' lang='lat' dir='ltr'><strong>haereticos</strong></span> <span class='ocrx_word' id='word_1_422' title='bbox 1432 4437 1553 4499; x_wconf 91' lang='lat' dir='ltr'><strong>editam</strong></span> <span class='ocrx_word' id='word_1_423' title='bbox 1575 4436 1708 4499; x_wconf 84' lang='lat' dir='ltr'><strong>volebat</strong></span> <span class='ocrx_word' id='word_1_424' title='bbox 1730 4437 1765 4497; x_wconf 93' lang='lat' dir='ltr'><strong>in</strong></span> 
     </span>
     <span class='ocr_line' id='line_1_48' title="bbox 136 4534 1769 4615; baseline -0.001 -20"><span class='ocrx_word' id='word_1_425' title='bbox 136 4541 265 4602; x_wconf 71' lang='lat' dir='ltr'><strong>vestram</strong></span> <span class='ocrx_word' id='word_1_426' title='bbox 286 4557 323 4601; x_wconf 90' lang='lat' dir='ltr'><strong>se</strong></span> <span class='ocrx_word' id='word_1_427' title='bbox 344 4540 528 4612; x_wconf 85' lang='lat' dir='ltr'><strong>transtulit,</strong></span> <span class='ocrx_word' id='word_1_428' title='bbox 560 4541 595 4601; x_wconf 93' lang='lat' dir='ltr'><strong>ut</strong></span> <span class='ocrx_word' id='word_1_429' title='bbox 619 4539 667 4600; x_wconf 92' lang='lat' dir='ltr'><strong>ibi</strong></span> <span class='ocrx_word' id='word_1_430' title='bbox 691 4555 727 4600; x_wconf 93' lang='lat' dir='ltr'><strong>se</strong></span> <span class='ocrx_word' id='word_1_431' title='bbox 750 4539 787 4600; x_wconf 90' lang='lat' dir='ltr'><strong>in</strong></span> <span class='ocrx_word' id='word_1_432' title='bbox 811 4541 916 4601; x_wconf 84' lang='lat' dir='ltr'><strong>civem</strong></span> <span class='ocrx_word' id='word_1_433' title='bbox 972 4541 1095 4602; x_wconf 90' lang='lat' dir='ltr'><strong>statuto</strong></span> <span class='ocrx_word' id='word_1_434' title='bbox 1123 4538 1270 4615; x_wconf 66' lang='lat' dir='ltr'><strong>eiusdem</strong></span> <span class='ocrx_word' id='word_1_435' title='bbox 1289 4551 1416 4614; x_wconf 89' lang='lat' dir='ltr'><strong>ponere</strong></span> <span class='ocrx_word' id='word_1_436' title='bbox 1436 4535 1593 4597; x_wconf 85' lang='lat' dir='ltr'><strong>civitatis.</strong></span> <span class='ocrx_word' id='word_1_437' title='bbox 1608 4534 1769 4596; x_wconf 91' lang='lat' dir='ltr'><strong>Nolentes</strong></span> 
     </span>
    </p>
   </div>
   <div class='ocr_carea' id='block_1_15' title="bbox 36 4630 1812 4913">
    <p class='ocr_par' dir='ltr' id='par_1_18' title="bbox 36 4630 1812 4913">
     <span class='ocr_line' id='line_1_49' title="bbox 36 4630 1770 4721; baseline 0.001 -29"><span class='ocrx_word' id='word_1_438' title='bbox 36 4662 37 4721; x_wconf 54' lang='lat' dir='ltr'>j</span> <span class='ocrx_word' id='word_1_439' title='bbox 137 4636 227 4713; x_wconf 86' lang='lat' dir='ltr'><strong>recipi</strong></span> <span class='ocrx_word' id='word_1_440' title='bbox 240 4637 367 4699; x_wconf 83' lang='lat' dir='ltr'><strong>iaciens</strong></span> <span class='ocrx_word' id='word_1_441' title='bbox 381 4636 486 4698; x_wconf 87' lang='lat' dir='ltr'><strong>variis</strong></span> <span class='ocrx_word' id='word_1_442' title='bbox 498 4652 558 4697; x_wconf 82' lang='lat' dir='ltr'><strong>uos</strong></span> <span class='ocrx_word' id='word_1_443' title='bbox 572 4636 739 4698; x_wconf 89' lang='lat' dir='ltr'><strong>discindat</strong></span> <span class='ocrx_word' id='word_1_444' title='bbox 752 4636 914 4709; x_wconf 88' lang='lat' dir='ltr'><strong>dissidiis,</strong></span> <span class='ocrx_word' id='word_1_445' title='bbox 971 4636 1076 4713; x_wconf 89' lang='lat' dir='ltr'><strong>igitur</strong></span> <span class='ocrx_word' id='word_1_446' title='bbox 1099 4635 1309 4711; x_wconf 87' lang='lat' dir='ltr'><strong>aliquatenus</strong></span> <span class='ocrx_word' id='word_1_447' title='bbox 1333 4630 1481 4711; x_wconf 75' lang='lat' dir='ltr'><strong>eJusdem</strong></span> <span class='ocrx_word' id='word_1_448' title='bbox 1508 4635 1533 4694; x_wconf 93' lang='lat' dir='ltr'><strong>l.</strong></span> <span class='ocrx_word' id='word_1_449' title='bbox 1555 4631 1770 4693; x_wconf 90' lang='lat' dir='ltr'><strong>dissimulare</strong></span> 
     </span>
     <span class='ocr_line' id='line_1_50' title="bbox 36 4729 1769 4810; baseline -0.001 -20"><span class='ocrx_word' id='word_1_450' title='bbox 36 4734 38 4803; x_wconf 54' lang='lat' dir='ltr'><strong>i</strong></span> <span class='ocrx_word' id='word_1_451' title='bbox 138 4732 165 4792; x_wconf 91' lang='lat' dir='ltr'><strong>et</strong></span> <span class='ocrx_word' id='word_1_452' title='bbox 180 4735 258 4797; x_wconf 87' lang='lat' dir='ltr'><strong>alios</strong></span> <span class='ocrx_word' id='word_1_453' title='bbox 273 4735 435 4796; x_wconf 73' lang='lat' dir='ltr'><strong>adversus</strong></span> <span class='ocrx_word' id='word_1_454' title='bbox 450 4734 536 4794; x_wconf 88' lang='lat' dir='ltr'><strong>alios</strong></span> <span class='ocrx_word' id='word_1_455' title='bbox 551 4732 764 4805; x_wconf 85' lang='lat' dir='ltr'><strong>scandalizet,</strong></span> <span class='ocrx_word' id='word_1_456' title='bbox 781 4734 867 4797; x_wconf 87' lang='lat' dir='ltr'><strong>sicut</strong></span> <span class='ocrx_word' id='word_1_457' title='bbox 882 4734 916 4794; x_wconf 88' lang='lat' dir='ltr'><strong>ln</strong></span> <span class='ocrx_word' id='word_1_458' title='bbox 973 4734 1142 4810; x_wconf 76' lang='lat' dir='ltr'><strong>injuriam,</strong></span> <span class='ocrx_word' id='word_1_459' title='bbox 1156 4748 1254 4809; x_wconf 91' lang='lat' dir='ltr'><strong>quam</strong></span> <span class='ocrx_word' id='word_1_460' title='bbox 1270 4747 1388 4809; x_wconf 91' lang='lat' dir='ltr'><strong>passus</strong></span> <span class='ocrx_word' id='word_1_461' title='bbox 1403 4732 1453 4792; x_wconf 88' lang='lat' dir='ltr'><strong>est</strong></span> <span class='ocrx_word' id='word_1_462' title='bbox 1467 4746 1527 4807; x_wconf 91' lang='lat' dir='ltr'><strong>pro</strong></span> <span class='ocrx_word' id='word_1_463' title='bbox 1539 4730 1611 4792; x_wconf 87' lang='lat' dir='ltr'><strong>zelo</strong></span> <span class='ocrx_word' id='word_1_464' title='bbox 1626 4729 1708 4790; x_wconf 86' lang='lat' dir='ltr'><strong>fidei</strong></span> <span class='ocrx_word' id='word_1_465' title='bbox 1717 4744 1769 4789; x_wconf 93' lang='lat' dir='ltr'><strong>or·</strong></span> 
     </span>
     <span class='ocr_line' id='line_1_51' title="bbox 36 4825 1812 4913; baseline 0.002 -26"><span class='ocrx_word' id='word_1_466' title='bbox 36 4868 38 4913; x_wconf 28' lang='grc' dir='ltr'>ᾗ</span> <span class='ocrx_word' id='word_1_467' title='bbox 139 4828 203 4891; x_wconf 89' lang='lat' dir='ltr'><strong>aliis</strong></span> <span class='ocrx_word' id='word_1_468' title='bbox 226 4830 419 4893; x_wconf 84' lang='lat' dir='ltr'><strong>civitatibus</strong></span> <span class='ocrx_word' id='word_1_469' title='bbox 453 4846 490 4892; x_wconf 90' lang='lat' dir='ltr'><strong>se</strong></span> <span class='ocrx_word' id='word_1_470' title='bbox 524 4830 648 4892; x_wconf 83' lang='lat' dir='ltr'><strong>fecisse</strong></span> <span class='ocrx_word' id='word_1_471' title='bbox 682 4830 918 4892; x_wconf 88' lang='lat' dir='ltr'><strong>damnabiliter</strong></span> <span class='ocrx_word' id='word_1_472' title='bbox 971 4829 1557 4898; x_wconf 82' lang='lat' dir='ltr'><strong>tbodoxae,universitatemvestram</strong></span> <span class='ocrx_word' id='word_1_473' title='bbox 1568 4825 1766 4887; x_wconf 88' lang='lat' dir='ltr'><strong>monendam</strong></span> <span class='ocrx_word' id='word_1_474' title='bbox 1810 4888 1812 4891; x_wconf 84' lang='lat'><strong>.</strong></span> 
     </span>
    </p>
   </div>
   <div class='ocr_carea' id='block_1_16' title="bbox 140 4921 1766 5012">
    <p class='ocr_par' dir='ltr' id='par_1_19' title="bbox 140 4921 1766 5012">
     <span class='ocr_line' id='line_1_52' title="bbox 140 4921 1766 5012; baseline -0.003 -26"><span class='ocrx_word' id='word_1_475' title='bbox 140 4926 295 5000; x_wconf 82' lang='lat' dir='ltr'><strong>gloriatur.</strong></span> <span class='ocrx_word' id='word_1_476' title='bbox 317 4930 361 4991; x_wconf 86' lang='lat' dir='ltr'><strong>ut</strong></span> <span class='ocrx_word' id='word_1_477' title='bbox 379 4928 484 5004; x_wconf 88' lang='lat' dir='ltr'><strong>igitur</strong></span> <span class='ocrx_word' id='word_1_478' title='bbox 497 4943 558 4989; x_wconf 81' lang='lat' dir='ltr'><strong>vos</strong></span> <span class='ocrx_word' id='word_1_479' title='bbox 572 4928 712 4990; x_wconf 90' lang='lat' dir='ltr'><strong>reddant</strong></span> <span class='ocrx_word' id='word_1_480' title='bbox 735 4928 846 4990; x_wconf 89' lang='lat' dir='ltr'><strong>aliena</strong></span> <span class='ocrx_word' id='word_1_481' title='bbox 859 4945 918 5005; x_wconf 94' lang='lat' dir='ltr'><strong>pe-</strong></span> <span class='ocrx_word' id='word_1_482' title='bbox 972 4928 1128 4989; x_wconf 84' lang='lat' dir='ltr'><strong>dnximus</strong></span> <span class='ocrx_word' id='word_1_483' title='bbox 1141 4930 1174 4989; x_wconf 87' lang='lat' dir='ltr'><strong>et</strong></span> <span class='ocrx_word' id='word_1_484' title='bbox 1186 4927 1463 5002; x_wconf 80' lang='lat' dir='ltr'><strong>hortandamper</strong></span> <span class='ocrx_word' id='word_1_485' title='bbox 1473 4924 1662 5012; x_wconf 69' lang='lat' dir='ltr'><strong>apostoliea</strong></span> <span class='ocrx_word' id='word_1_486' title='bbox 1672 4921 1766 4983; x_wconf 84' lang='lat' dir='ltr'><strong>vobis</strong></span> 
     </span>
    </p>
   </div>
   <div class='ocr_carea' id='block_1_17' title="bbox 36 5019 1769 5298">
    <p class='ocr_par' dir='ltr' id='par_1_20' title="bbox 36 5019 1769 5298">
     <span class='ocr_line' id='line_1_53' title="bbox 36 5019 1764 5103; baseline -0.003 -20"><span class='ocrx_word' id='word_1_487' title='bbox 36 5030 37 5083; x_wconf 73' lang='lat' dir='ltr'><strong>l</strong></span> <span class='ocrx_word' id='word_1_488' title='bbox 140 5021 367 5095; x_wconf 85' lang='lat' dir='ltr'><strong>riculaeautos,</strong></span> <span class='ocrx_word' id='word_1_489' title='bbox 380 5041 455 5087; x_wconf 92' lang='lat' dir='ltr'><strong>cum</strong></span> <span class='ocrx_word' id='word_1_490' title='bbox 467 5024 561 5086; x_wconf 84' lang='lat' dir='ltr'><strong>vobis</strong></span> <span class='ocrx_word' id='word_1_491' title='bbox 572 5028 643 5103; x_wconf 84' lang='lat' dir='ltr'><strong>jam</strong></span> <span class='ocrx_word' id='word_1_492' title='bbox 655 5025 749 5088; x_wconf 86' lang='lat' dir='ltr'><strong>illius</strong></span> <span class='ocrx_word' id='word_1_493' title='bbox 761 5026 917 5087; x_wconf 75' lang='lat' dir='ltr'><strong>versutiae</strong></span> <span class='ocrx_word' id='word_1_494' title='bbox 973 5026 1098 5103; x_wconf 88' lang='lat' dir='ltr'><strong>scripta</strong></span> <span class='ocrx_word' id='word_1_495' title='bbox 1117 5024 1340 5102; x_wconf 81' lang='lat' dir='ltr'><strong>praecipiendo</strong></span> <span class='ocrx_word' id='word_1_496' title='bbox 1356 5022 1563 5093; x_wconf 86' lang='lat' dir='ltr'><strong>mandantes,</strong></span> <span class='ocrx_word' id='word_1_497' title='bbox 1586 5019 1672 5097; x_wconf 86' lang='lat' dir='ltr'><strong>quod</strong></span> <span class='ocrx_word' id='word_1_498' title='bbox 1689 5034 1764 5080; x_wconf 88' lang='lat' dir='ltr'><strong>eum</strong></span> 
     </span>
     <span class='ocr_line' id='line_1_54' title="bbox 36 5116 1767 5201; baseline -0.002 -23"><span class='ocrx_word' id='word_1_499' title='bbox 36 5174 37 5201; x_wconf 48' lang='lat'><strong>,</strong></span> <span class='ocrx_word' id='word_1_500' title='bbox 142 5118 398 5195; x_wconf 82' lang='lat' dir='ltr'><strong>siutnotiseimae,</strong></span> <span class='ocrx_word' id='word_1_501' title='bbox 420 5122 668 5185; x_wconf 82' lang='lat' dir='ltr'><strong>uniuersitatem</strong></span> <span class='ocrx_word' id='word_1_502' title='bbox 686 5124 830 5185; x_wconf 84' lang='lat' dir='ltr'><strong>vestram</strong></span> <span class='ocrx_word' id='word_1_503' title='bbox 846 5139 919 5184; x_wconf 92' lang='lat' dir='ltr'><strong>mo·</strong></span> <span class='ocrx_word' id='word_1_504' title='bbox 972 5139 992 5185; x_wconf 90' lang='lat' dir='ltr'><strong>a</strong></span> <span class='ocrx_word' id='word_1_505' title='bbox 1014 5124 1113 5200; x_wconf 90' lang='lat' dir='ltr'><strong>culpa</strong></span> <span class='ocrx_word' id='word_1_506' title='bbox 1132 5137 1341 5198; x_wconf 86' lang='lat' dir='ltr'><strong>nequaquam</strong></span> <span class='ocrx_word' id='word_1_507' title='bbox 1367 5119 1548 5181; x_wconf 82' lang='lat' dir='ltr'><strong>videamini</strong></span> <span class='ocrx_word' id='word_1_508' title='bbox 1574 5117 1678 5177; x_wconf 82' lang='lat' dir='ltr'><strong>luisse</strong></span> <span class='ocrx_word' id='word_1_509' title='bbox 1701 5116 1767 5176; x_wconf 92' lang='lat' dir='ltr'><strong>im-</strong></span> 
     </span>
     <span class='ocr_line' id='line_1_55' title="bbox 36 5212 1769 5298; baseline -0.003 -20"><span class='ocrx_word' id='word_1_510' title='bbox 36 5214 38 5251; x_wconf 67' lang='lat'><em>³</em></span> <span class='ocrx_word' id='word_1_511' title='bbox 142 5229 240 5281; x_wconf 85' lang='lat' dir='ltr'><strong>nemus</strong></span> <span class='ocrx_word' id='word_1_512' title='bbox 254 5221 390 5292; x_wconf 87' lang='lat' dir='ltr'><strong>attente,</strong></span> <span class='ocrx_word' id='word_1_513' title='bbox 407 5235 467 5296; x_wconf 94' lang='lat' dir='ltr'><strong>per</strong></span> <span class='ocrx_word' id='word_1_514' title='bbox 481 5220 670 5296; x_wconf 83' lang='lat' dir='ltr'><strong>Apostolica</strong></span> <span class='ocrx_word' id='word_1_515' title='bbox 682 5220 779 5283; x_wconf 82' lang='lat' dir='ltr'><strong>vobis</strong></span> <span class='ocrx_word' id='word_1_516' title='bbox 794 5221 918 5298; x_wconf 88' lang='lat' dir='ltr'><strong>scripta</strong></span> <span class='ocrx_word' id='word_1_517' title='bbox 973 5236 1102 5292; x_wconf 90' lang='lat' dir='ltr'><strong>munes,</strong></span> <span class='ocrx_word' id='word_1_518' title='bbox 1119 5234 1159 5281; x_wconf 92' lang='lat' dir='ltr'><strong>eo</strong></span> <span class='ocrx_word' id='word_1_519' title='bbox 1174 5218 1260 5296; x_wconf 87' lang='lat' dir='ltr'><strong>qnod</strong></span> <span class='ocrx_word' id='word_1_520' title='bbox 1281 5218 1434 5295; x_wconf 90' lang='lat' dir='ltr'><strong>potuistis</strong></span> <span class='ocrx_word' id='word_1_521' title='bbox 1460 5216 1493 5278; x_wconf 90' lang='lat' dir='ltr'><strong>et</strong></span> <span class='ocrx_word' id='word_1_522' title='bbox 1519 5213 1677 5274; x_wconf 87' lang='lat' dir='ltr'><strong>noluistis·</strong></span> <span class='ocrx_word' id='word_1_523' title='bbox 1698 5212 1769 5273; x_wconf 88' lang='lat' dir='ltr'><strong>hu-</strong></span> 
     </span>
    </p>
   </div>
   <div class='ocr_carea' id='block_1_18' title="bbox 142 5310 1769 5491">
    <p class='ocr_par' dir='ltr' id='par_1_21' title="bbox 36 5310 1769 5505">
     <span class='ocr_line' id='line_1_56' title="bbox 142 5310 1769 5396; baseline -0.002 -22"><span class='ocrx_word' id='word_1_524' title='bbox 142 5313 192 5374; x_wconf 83' lang='lat' dir='ltr'><strong>sub</strong></span> <span class='ocrx_word' id='word_1_525' title='bbox 207 5334 300 5394; x_wconf 86' lang='lat' dir='ltr'><strong>poena</strong></span> <span class='ocrx_word' id='word_1_526' title='bbox 328 5317 422 5379; x_wconf 90' lang='lat' dir='ltr'><strong>mille</strong></span> <span class='ocrx_word' id='word_1_527' title='bbox 451 5314 613 5377; x_wconf 87' lang='lat' dir='ltr'><strong>librarum</strong></span> <span class='ocrx_word' id='word_1_528' title='bbox 635 5316 776 5379; x_wconf 84' lang='lat' dir='ltr'><strong>firmiter</strong></span> <span class='ocrx_word' id='word_1_529' title='bbox 799 5319 919 5394; x_wconf 85' lang='lat' dir='ltr'><strong>praeci·</strong></span> <span class='ocrx_word' id='word_1_530' title='bbox 969 5317 1115 5396; x_wconf 76' lang='lat' dir='ltr'><strong>Jusmodi</strong></span> <span class='ocrx_word' id='word_1_531' title='bbox 1130 5315 1307 5394; x_wconf 86' lang='lat' dir='ltr'><strong>probibere</strong></span> <span class='ocrx_word' id='word_1_532' title='bbox 1331 5313 1499 5390; x_wconf 91' lang='lat' dir='ltr'><strong>injuriam,</strong></span> <span class='ocrx_word' id='word_1_533' title='bbox 1525 5326 1590 5387; x_wconf 89' lang='lat' dir='ltr'><strong>per</strong></span> <span class='ocrx_word' id='word_1_534' title='bbox 1605 5310 1691 5387; x_wconf 86' lang='lat' dir='ltr'><strong>quod</strong></span> <span class='ocrx_word' id='word_1_535' title='bbox 1714 5310 1769 5371; x_wconf 79' lang='lat' dir='ltr'><strong>vi-</strong></span> 
     </span>
     <span class='ocr_line' id='line_1_57' title="bbox 143 5407 1767 5491; baseline -0.001 -20.124"><span class='ocrx_word' id='word_1_536' title='bbox 143 5408 562 5491; x_wconf 86' lang='lat' dir='ltr'><strong>pieudomandantes,qu0d</strong></span> <span class='ocrx_word' id='word_1_537' title='bbox 578 5413 701 5476; x_wconf 89' lang='lat' dir='ltr'><strong>dictum</strong></span> <span class='ocrx_word' id='word_1_538' title='bbox 715 5414 918 5490; x_wconf 88' lang='lat' dir='ltr'><strong>Hugolinum</strong></span> <span class='ocrx_word' id='word_1_539' title='bbox 973 5415 1096 5476; x_wconf 89' lang='lat' dir='ltr'><strong>demini</strong></span> <span class='ocrx_word' id='word_1_540' title='bbox 1137 5414 1392 5491; x_wconf 85' lang='lat' dir='ltr'><strong>praesumptores</strong></span> <span class='ocrx_word' id='word_1_541' title='bbox 1427 5407 1609 5485; x_wconf 87' lang='lat' dir='ltr'><strong>praedictos·</strong></span> <span class='ocrx_word' id='word_1_542' title='bbox 1635 5409 1670 5468; x_wconf 91' lang='lat' dir='ltr'><strong>in</strong></span> <span class='ocrx_word' id='word_1_543' title='bbox 1697 5424 1767 5469; x_wconf 83' lang='lat' dir='ltr'><strong>suae</strong></span> 
     </span>
    </p>
   </div>
   <div class='ocr_carea' id='block_1_19' title="bbox 36 5504 1767 5589">
    <p class='ocr_par' dir='ltr' id='par_1_22' title="bbox 36 5504 1767 5589">
     <span class='ocr_line' id='line_1_58' title="bbox 36 5504 1767 5589; baseline -0.002 -22"><span class='ocrx_word' id='word_1_544' title='bbox 36 5508 38 5583; x_wconf 69' lang='lat' dir='ltr'><strong>i</strong></span> <span class='ocrx_word' id='word_1_545' title='bbox 145 5509 592 5573; x_wconf 82' lang='lat' dir='ltr'><strong>excommunicatumanobis</strong></span> <span class='ocrx_word' id='word_1_546' title='bbox 614 5525 635 5571; x_wconf 89' lang='lat' dir='ltr'><strong>a</strong></span> <span class='ocrx_word' id='word_1_547' title='bbox 654 5510 792 5573; x_wconf 82' lang='lat' dir='ltr'><strong>civitate</strong></span> <span class='ocrx_word' id='word_1_548' title='bbox 808 5513 919 5574; x_wconf 84' lang='lat' dir='ltr'><strong>uestra</strong></span> <span class='ocrx_word' id='word_1_549' title='bbox 973 5511 1241 5589; x_wconf 74' lang='lat' dir='ltr'><strong>presumptionis</strong></span> <span class='ocrx_word' id='word_1_550' title='bbox 1270 5507 1397 5569; x_wconf 87' lang='lat' dir='ltr'><strong>malitia</strong></span> <span class='ocrx_word' id='word_1_551' title='bbox 1423 5504 1629 5578; x_wconf 85' lang='lat' dir='ltr'><strong>conlevisse,</strong></span> <span class='ocrx_word' id='word_1_552' title='bbox 1660 5505 1767 5566; x_wconf 87' lang='lat' dir='ltr'><strong>eidem</strong></span> 
     </span>
    </p>
   </div>
   <div class='ocr_carea' id='block_1_20' title="bbox 36 5601 1772 5721">
    <p class='ocr_par' dir='ltr' id='par_1_23' title="bbox 36 5601 1772 5721">
     <span class='ocr_line' id='line_1_59' title="bbox 36 5601 1772 5721; baseline -0.002 -56"><span class='ocrx_word' id='word_1_553' title='bbox 36 5644 38 5721; x_wconf 35' lang='grc'>1</span> <span class='ocrx_word' id='word_1_554' title='bbox 147 5602 308 5682; x_wconf 73' lang='lat' dir='ltr'><strong>eicientes,</strong></span> <span class='ocrx_word' id='word_1_555' title='bbox 325 5607 464 5670; x_wconf 91' lang='lat' dir='ltr'><strong>omnino</strong></span> <span class='ocrx_word' id='word_1_556' title='bbox 488 5606 595 5684; x_wconf 89' lang='lat' dir='ltr'><strong>ipsum</strong></span> <span class='ocrx_word' id='word_1_557' title='bbox 611 5606 645 5668; x_wconf 90' lang='lat' dir='ltr'><strong>in</strong></span> <span class='ocrx_word' id='word_1_558' title='bbox 661 5607 765 5669; x_wconf 84' lang='lat' dir='ltr'><strong>civem</strong></span> <span class='ocrx_word' id='word_1_559' title='bbox 785 5608 838 5670; x_wconf 84' lang='lat' dir='ltr'><strong>vel</strong></span> <span class='ocrx_word' id='word_1_560' title='bbox 855 5625 918 5686; x_wconf 91' lang='lat' dir='ltr'><strong>po·</strong></span> <span class='ocrx_word' id='word_1_561' title='bbox 974 5611 1002 5670; x_wconf 88' lang='lat'><strong>1.</strong></span> <span class='ocrx_word' id='word_1_562' title='bbox 1026 5610 1073 5672; x_wconf 89' lang='lat' dir='ltr'><strong>lta</strong></span> <span class='ocrx_word' id='word_1_563' title='bbox 1101 5604 1331 5678; x_wconf 79' lang='lat' dir='ltr'><strong>satisfaciatis,</strong></span> <span class='ocrx_word' id='word_1_564' title='bbox 1360 5607 1395 5667; x_wconf 85' lang='lat' dir='ltr'><strong>et</strong></span> <span class='ocrx_word' id='word_1_565' title='bbox 1421 5602 1553 5666; x_wconf 82' lang='lat' dir='ltr'><strong>faciatis</strong></span> <span class='ocrx_word' id='word_1_566' title='bbox 1570 5601 1726 5664; x_wconf 79' lang='lat' dir='ltr'><strong>satisfieri</strong></span> <span class='ocrx_word' id='word_1_567' title='bbox 1752 5616 1772 5661; x_wconf 79' lang='lat' dir='ltr'><strong>a</strong></span> 
     </span>
    </p>
   </div>
   <div class='ocr_carea' id='block_1_21' title="bbox 0 0 1985 6196">
    <p class='ocr_par' dir='ltr' id='par_1_24' title="bbox 0 0 1985 6196">
     <span class='ocr_line' id='line_1_60' title="bbox 0 0 1985 6196; baseline 0 0"><span class='ocrx_word' id='word_1_568' title='bbox 0 0 1985 6196; x_wconf 95' lang='lat' dir='ltr'><strong> </strong></span> 
     </span>
    </p>
   </div>
  </div>
 </body>
</html>
