3950 6200
86 268 147 331 989

124 428 207 489 Item
235 425 306 488 alio
329 426 427 488 modo
456 425 671 490 contunditur
695 428 782 506 quis,
809 443 884 491 cnm

84 523 322 586 manifestatur
335 514 407 602 ejus
422 524 617 600 ignominia,
633 540 708 602 quae
727 525 813 588 alias
828 526 883 588 la·

84 622 189 696 tebat3
207 621 296 683 unde
316 621 499 683 Ezechielis
514 620 580 701 (16,
594 621 672 702 37);
695 626 795 699 «Ego
815 639 882 684 nu-

84 719 170 781 dabo
187 719 406 796 ignominiam
421 719 513 781 tuam
528 735 641 780 coram
661 721 722 792 eis,
739 721 772 782 et
785 720 883 783 vide-

83 818 166 879 bunt
190 832 322 878 omnem
345 817 586 893 turpitudinem
607 820 743 879 tuam.»
763 818 885 881 Peccat

83 916 209 993 aliquis
232 914 372 986 occulte,
395 914 453 975 sed
475 915 674 993 quandoque
694 915 884 977 obstinatur

85 1013 141 1086 ita,
172 1012 261 1090 quod
286 1011 448 1088 permittit
473 1014 561 1074 Deus
590 1028 688 1073 suum
710 1014 883 1090 peccatum

84 1107 256 1187 propalari
266 1108 299 1169 in
308 1111 471 1185 apertum,
481 1109 684 1171 utconlusns
695 1109 881 1182 erubescat,

84 1207 220 1285 pudeat,
234 1208 266 1269 et
276 1206 444 1281 emendet;
462 1206 548 1268 unde
560 1206 657 1268 lsaiae
669 1204 734 1287 (47,
747 1209 763 1269 4
775 1207 817 1268 ad
828 1205 882 1286 3)=

83 1304 307 1376 «Descende,
333 1303 411 1365 sede
440 1303 476 1365 in
510 1304 660 1381 pulvere,
688 1305 784 1382 virgo
813 1304 883 1366 fllia

82 1401 245 1479 Babylon,
274 1400 352 1464 sede
379 1400 413 1462 in
440 1401 559 1462 terra:
590 1418 657 1463 non
684 1403 736 1463 est
761 1401 883 1464 solium

84 1500 163 1561 nliae
176 1498 420 1569 Chaldaeorum,
435 1499 513 1575 quia
528 1499 614 1562 ultra
629 1515 696 1561 non
708 1498 883 1561 vocaberis

81 1597 205 1670 mollis,
223 1599 256 1658 et
270 1597 397 1658 tenera.
413 1596 508 1658 Tolle
523 1596 657 1670 molam,
674 1599 708 1659 et
725 1597 812 1659 mole
826 1596 881 1658 ia-

82 1695 194 1756 rinam
209 1714 217 1753 ε
232 1693 366 1755 denuda
379 1694 620 1770 turpitudinem
635 1696 740 1768 tuam,
756 1694 885 1756 discoo-

81 1792 156 1870 peri
166 1793 355 1864 humerum,
367 1792 481 1853 revela
492 1808 603 1865 crura,
612 1792 719 1853 transi
730 1792 880 1853 flumina.

81 1888 302 1953 Revelabitnr
313 1889 499 1967 ignominia
512 1891 582 1963 tua,
596 1891 630 1952 et
641 1890 810 1952 videbitur
822 1906 884 1967 op-

82 1987 256 2066 probrium
280 1987 373 2048 tuum
392 2008 400 2047 ι
422 1979 583 2048 ultionem
604 1987 746 2065 capiam,
767 1988 800 2050 et
814 2003 882 2049 non

81 2086 218 2147 resistet
232 2084 315 2145 mihi
326 2084 438 2146 homo.
452 2101 471 2144 s
484 2085 605 2146 Anima
620 2085 744 2146 misera
759 2084 882 2146 dicitur

82 2182 177 2258 virgo
192 2181 386 2254 inioecunda
406 2180 504 2243 bonis
525 2181 699 2260 operibns3
722 2197 762 2244 ac
784 2182 813 2243 si
835 2181 883 2242 di·

82 2281 207 2342 reret:
237 2279 401 2341 descendo
425 2280 460 2339 in
486 2279 702 2357 Babylonem,
727 2280 814 2341 idest
846 2279 881 2340 in

82 2376 314 2440 contusionem
334 2379 546 2454 peccatorum
567 2398 575 2439 r
599 2380 632 2440 et
650 2378 729 2440 sede
744 2378 781 2439 in
801 2378 881 2454 pul·

82 2491 172 2536 vere.
188 2473 307 2536 Pulvis
322 2476 470 2537 excaecat
489 2475 616 2547 oculos,
633 2476 712 2552 quia
725 2474 882 2552 superbia

82 2572 206 2633 mentis
234 2571 325 2632 oculi
348 2572 587 2634 excaecantur:
612 2572 691 2633 sede
714 2572 750 2633 in
777 2573 880 2644 terra,

82 2670 170 2731 idest
186 2669 224 2730 in
242 2669 399 2741 terrenis,
418 2668 497 2746 quia
518 2672 591 2746 eJ'us
610 2669 881 2746 concupiscentia

83 2766 177 2829 sedet
187 2766 226 2827 in
238 2767 382 2828 terrenis
395 2786 402 2827 ε
417 2782 484 2828 non
495 2768 546 2828 est
556 2767 677 2828 solium
690 2767 770 2829 tiliae
782 2767 883 2828 dhal-

83 2864 244 2937 daeorum,
273 2864 420 2925 Chaldaei
446 2865 575 2927 seroces
602 2864 880 2942 interpretantem

84 2962 172 3024 unde
193 2962 376 3038 Gregorius
389 2959 459 3042 (1):
482 2962 624 3024 «Valde
643 2964 721 3025 sunt
741 2961 880 3035 feroces,

83 3061 140 3139 qui
159 3059 234 3122 suis
249 3055 397 3121 moribus
415 3075 483 3122 nou
497 3061 648 3138 pareunt.
665 3062 772 3123 »Non
787 3075 883 3122 voca·

83 3158 173 3220 beris
199 3158 324 3231 mollis,
350 3159 384 3219 et
410 3162 539 3230 tenera,
566 3159 645 3236 quia
672 3174 746 3236 qnae
769 3158 883 3236 pravis

83 3255 357 3333 cogitationibus,
380 3256 413 3318 et
435 3255 610 3317 desideriis
629 3254 723 3318 fuisti
737 3255 880 3326 subdita,

82 3352 259 3415 laboribus
283 3353 383 3430 hujus
409 3353 524 3414 saeculi
550 3353 763 3430 relinqueris.
790 3351 884 3413 Tolle

83 3451 222 3523 molam,
239 3450 325 3511 idest
337 3449 452 3511 mnndi
470 3449 655 3512 actionem:
678 3451 711 3512 et
722 3449 809 3511 mole
829 3447 883 3510 ia-

81 3549 207 3620 riuam,
251 3547 338 3609 idest
376 3547 618 3609 minutissimas
651 3547 881 3624 cogitationes.

83 3645 225 3708 Denuda
249 3643 490 3721 turpitudinem
511 3648 614 3720 tuam,
637 3644 750 3706 revela
772 3659 882 3706 crura.

84 3746 163 3805 Istae
192 3742 274 3804 sunt
298 3743 411 3818 partes
440 3741 684 3818 ignominiosae,
710 3744 744 3805 et
769 3757 884 3803 omnes

83 3840 225 3903 latebrae
252 3839 408 3901 luxuriae.
430 3839 626 3900 Denudatur
647 3838 830 3916 turpitudo,
852 3840 885 3901 et

84 3953 188 4000 crura
217 3937 422 4009 revelantur,
453 3936 684 4014 quandoque
712 3938 805 4014 prius
833 3937 886 3999 la-

84 4035 190 4108 tebat,
214 4034 376 4111 iniqnitas
400 4033 644 4096 manifestatur.
671 4034 792 4095 Transi
815 4034 884 4095 ttu-

83 4135 190 4205 mina,
214 4131 303 4193 idest
324 4146 439 4194 omues
468 4130 579 4192 fluxus
605 4130 773 4192 carnales.
802 4131 885 4192 Flu-

85 4231 180 4292 mina
206 4228 342 4301 transit,
378 4227 457 4289 dum
491 4243 558 4289 non
592 4228 628 4289 in
661 4243 728 4290 una
753 4228 886 4290 actione

84 4326 228 4399 insistit,
245 4326 302 4388 sed
323 4325 474 4386 diversas
490 4324 568 4386 inde
585 4325 726 4388 fluentes
741 4326 884 4402 appetit;

84 4424 145 4487 sed
172 4426 208 4486 et
235 4422 321 4485 alias
349 4422 579 4499 relinquendo,
611 4422 697 4484 alias
723 4423 884 4500 sequitur,

85 4521 190 4584 etsie
210 4521 307 4597 quasi
328 4519 369 4581 de
387 4519 526 4580 flumine
547 4518 588 4580 ad
610 4519 734 4580 flumen
753 4519 884 4581 transit.

84 4619 163 4690 Vel,
189 4618 299 4680 transi
330 4617 479 4688 flumina,
514 4615 600 4678 idest
628 4632 743 4678 omnes
775 4617 887 4678 fluxus

84 4716 256 4779 carnales.
271 4719 399 4792 Aquam
419 4713 600 4791 lugientem
614 4713 666 4775 vis
686 4714 886 4791 precedere,

85 4827 166 4873 cum
198 4825 266 4871 non
304 4810 448 4871 sufficiat
478 4806 594 4870 bibere
621 4808 662 4869 de
688 4824 755 4870 una
786 4824 885 4887 aqua,

85 4908 157 4970 nisi
183 4907 280 4973 bibas
306 4907 347 4969 de
374 4905 528 4968 omuibus
554 4906 650 4983 aquis
672 4905 885 4979 deliciarum;

86 5006 177 5067 unde
200 5007 301 5066 Amos
325 5001 714 5082 (l,1o):‹uscendere
737 5003 801 5065 ieci
825 5019 889 5080 pu-

85 5102 256 5165 tredinem
287 5102 473 5162 castrorum
504 5103 692 5162 vestrorum
723 5100 760 5161 in
788 5115 888 5162 nares

85 5203 233 5272 vestras,
257 5202 290 5260 et
311 5213 378 5260 non
393 5197 522 5262 reversi
545 5197 628 5259 estis
652 5197 694 5258 ad
718 5212 782 5273 me,
808 5197 890 5260 dicit

86 5385 221 5457 filiarum
239 5382 469 5449 Palestinorum,
491 5379 576 5449 LXX,
600 5379 676 5454 apud
698 5382 725 5438 S.
748 5380 886 5463 Hierony·

87 5468 170 5513 mum
185 5453 296 5525 legunt,
310 5452 440 5525 filiarum
451 5451 539 5507 alieni
557 5466 687 5518 enorum,
706 5450 780 5507 idest
792 5452 890 5508 Philus

88 5521 329 5595 tbinorumjuxtn
342 5536 373 5578 re
396 5521 471 5578 ulam
482 5528 526 5579 trs
546 5523 616 5578 itam
627 5520 662 5578 ab
673 5520 776 5578 eodem
786 5523 814 5579 S.
827 5522 890 5579 ilie

89 5607 225 5665 ronymo,
241 5592 290 5665 qui
305 5592 353 5649 lib.
390 5592 430 5649 lll
445 5591 604 5650 comment.
619 5593 649 5648 in
668 5591 784 5662 Ezecb,
800 5607 826 5650 c.
844 5592 889 5661 tt,

468 268 576 331 rins
605 267 752 331 parua.
767 298 808 315 -
825 255 1120 362 mnostrum
1149 219 1353 337 renunes,

1675 278 1736 341 990

939 430 1146 493 Dominus.»
1166 431 1311 495 Putredo
1330 431 1529 506 castrorum,
1548 433 1636 498 idest
1654 451 1735 498 cor·

939 543 1069 603 porum,
1091 528 1178 592 idest
1198 545 1330 591 omnem
1351 530 1503 592 foetorem
1521 533 1735 609 peccatorum

939 626 1126 687 vestrorum
1159 625 1223 687 ieci
1248 626 1382 689 resilire
1406 627 1441 688 in
1465 643 1565 690 nares
1588 631 1733 703 vestras,

938 721 1026 784 idest
1044 737 1064 783 a
1083 722 1206 784 dantia
1228 723 1456 786 cordisvestri
1476 741 1581 803 usque
1599 725 1641 787 ad
1665 727 1737 787 dis-

939 818 1139 893 cussionem,
1154 821 1192 882 ut
1203 820 1403 898 displiceant
1414 837 1488 899 quae
1501 822 1733 898 commisistis;

939 917 972 978 et
984 916 1063 993 quia
1083 916 1364 981 abominationem
1379 919 1590 996 peccatorum
1605 922 1736 982 vestro-

938 1029 1013 1074 rum
1033 1029 1094 1075 vos
1115 1031 1317 1091 cognoscere
1344 1014 1420 1089 ieci,
1450 1018 1484 1078 et
1504 1016 1582 1079 inde
1603 1033 1665 1079 nec
1685 1017 1736 1079 sio

937 1111 1067 1172 reversi
1077 1113 1170 1186 estis,
1181 1112 1258 1174 ideo
1269 1112 1601 1190 peccatumvestrum
1611 1129 1741 1200 angra-q

938 1209 1049 1270 vatur.

1208 1387 1349 1448 SERMO
1370 1387 1463 1449 CLX.

1039 1523 1147 1595 Quibus
1161 1524 1299 1599 gradibus
1312 1526 1470 1585 ascendere
1483 1525 1632 1586 debemus.

937 1659 1068 1721 Beatus
1093 1664 1162 1734 etr,
1188 1665 1287 1737 θυαε
1310 1662 1363 1723 cst
1387 1665 1559 1725 comitium
1581 1667 1641 1726 cos
1667 1666 1735 1727 tc:

977 1760 1195 1819 ascensiones
1216 1761 1253 1819 tn
1281 1761 1470 1822 corticano
1493 1763 1671 1835 disposuit,
1696 1766 1734 1825 in

976 1860 1062 1917 vade
1080 1860 1317 1931 lacrymarum
1332 1860 1369 1918 in
1389 1861 1471 1930 leco,
1491 1872 1593 1933 quem
1604 1860 1732 1933 posuit.

978 1948 1083 2031 (Psal.
1098 1954 1149 2026 83,
1166 1954 1185 2014 6
1199 1953 1233 2015 et
1247 1950 1294 2033 7.)

977 2087 1025 2147 De
1039 2085 1093 2146 his
1107 2085 1374 2155 ascensionibus,
1390 2085 1462 2149 sive
1476 2087 1646 2163 gradibus,
1663 2089 1736 2167 qui-

936 2180 999 2243 bus
1012 2182 1195 2244 ascendere
1210 2182 1380 2258 debemus,
1396 2183 1539 2246 habetur
1555 2184 1592 2245 in
1606 2186 1636 2246 Ν
1639 2201 1735 2248 ume-

936 2279 983 2341 ris
997 2278 1062 2358 (33,
1075 2278 1130 2359 42)
1143 2301 1151 2340 :
1163 2295 1182 2340 s
1192 2282 1239 2341 De
1254 2281 1411 2343 Salmone
1424 2280 1552 2358 egressi
1566 2285 1733 2346 venerunt

935 2377 971 2438 iu
984 2376 1169 2438 Phanou.»
1183 2377 1341 2439 Salmone
1354 2378 1596 2455 interpretatur
1607 2379 1730 2456 imago.

936 2472 999 2545 Qui
1023 2473 1167 2535 enimin
1189 2473 1319 2537 deserto
1338 2475 1439 2552 hujus
1462 2476 1578 2537 saeculi
1597 2477 1732 2551 transit,

937 2571 1027 2644 dum,
1054 2587 1128 2633 cum
1158 2572 1368 2648 serpentibus
1393 2573 1509 2649 ignitis
1535 2573 1731 2651 percutitur,

936 2667 1076 2731 sanatur
1096 2668 1281 2745 respiciens
1302 2669 1344 2730 ad
1368 2669 1548 2746 imaginem
1568 2672 1733 2749 serpentis

936 2765 1034 2847 aenei,
1056 2765 1144 2827 idest
1163 2766 1330 2843 passionis
1350 2767 1486 2840 Christi,
1510 2783 1648 2830 neeesse
1668 2768 1733 2842 est,

937 2863 974 2925 nt
987 2862 1147 2926 ascendat
1160 2863 1196 2924 in
1214 2866 1374 2937 Phoron,
1390 2864 1478 2941 quod
1492 2864 1734 2942 interpretatur

936 2976 986 3032 os,
1004 2959 1139 3038 quiade
1158 2975 1216 3022 ore
1231 2960 1344 3022 cordis
1359 2961 1605 3022 ascendendum
1624 2961 1732 3025 estad

937 3057 1178 3121 confusionem.
1194 3059 1235 3121 nt
1245 3059 1298 3120 est
1316 3072 1475 3121 ascensus
1490 3059 1532 3120 ad
1553 3061 1655 3123 Oootli
1671 3057 1733 3139 (2),

937 3156 1025 3234 qnod
1051 3157 1292 3233 interpretatur
1315 3171 1443 3231 magus,
1469 3156 1522 3218 vel
1546 3156 1659 3233 pytbo.
1686 3158 1735 3223 De

937 3252 1012 3314 istis
1027 3254 1136 3329 magis
1156 3251 1370 3329 pythonibus,
1391 3251 1448 3329 qui
1469 3252 1734 3328 interpretantur

937 3350 1135 3427 ventiloqui,
1152 3349 1232 3413 dicit
1252 3349 1358 3410 Isaiae
1377 3346 1442 3427 (47,
1464 3346 1516 3428 12)
1529 3365 1537 3410 :
1552 3366 1570 3409 s
1586 3349 1643 3410 Sta
1658 3364 1734 3410 cum

937 3445 1203 3509 incantatoribus
1214 3446 1293 3519 tuis,
1308 3446 1428 3508 etcum
1441 3445 1654 3508 multitudine
1668 3461 1736 3507 ma·

938 3544 1124 3606 leticiorum
1139 3544 1285 3611 tuorum,
1309 3543 1345 3605 in
1366 3543 1487 3620 quibus
1507 3542 1669 3604 laborasti
1691 3543 1734 3605 ab

938 3641 1165 3704 adolescentia
1179 3644 1248 3703 tua.
1263 3642 1492 3703 Incantatores
1507 3642 1585 3702 sunt
1597 3642 1733 3702 terrena

939 3738 1118 3813 desideria,
1132 3740 1165 3802 et
1176 3738 1363 3814 voluptates
1378 3737 1566 3811 mundanae,
1583 3753 1657 3815 quae
1672 3738 1737 3799 ho·

938 3838 1074 3909 minem
1087 3835 1141 3898 vel
1155 3836 1303 3898 animam
1317 3835 1497 3913 decipiunt.
1515 3835 1572 3898 Sta
1587 3850 1663 3897 cum
1678 3835 1735 3896 in·

939 3933 1184 4008 cantatoribus;
1206 3949 1246 3995 ac
1270 3934 1300 3994 si
1323 3933 1460 4005 diceret,
1485 3949 1561 3995 cum
1581 3932 1736 3995 omnibus

939 4032 1116 4094 desideriis
1139 4031 1294 4100 terrenis,
1317 4047 1391 4108 quae
1414 4029 1522 4093 iecisti
1542 4030 1584 4092 ab
1603 4030 1738 4092 adoles-

940 4130 1050 4193 centia
1069 4132 1138 4192 tua.
1160 4129 1340 4206 Pythonos,
1365 4128 1452 4191 idest
1475 4128 1673 4205 ventiloqui,
1694 4126 1737 4190 de

941 4227 1061 4306 quibus
1075 4226 1182 4289 lsaias
1197 4224 1268 4315 (29,
1279 4225 1312 4304 4)
1326 4241 1333 4286 :
1350 4242 1369 4284 t
1385 4225 1454 4285 [trit
1466 4224 1564 4301 quasi
1578 4223 1755 4301 pythonis„

940 4341 1007 4386 vox
1025 4325 1095 4397 tua,
1119 4325 1153 4385 et
1173 4324 1213 4384 de
1230 4323 1332 4384 humo
1356 4320 1546 4383 mussitabit
1567 4320 1737 4398 eloquium

940 4423 1044 4485 tuum.
1062 4420 1257 4482 »Debemus
1272 4417 1417 4480 transire
1433 4417 1551 4493 Oboth,
1566 4417 1654 4480 idest
1664 4434 1739 4481 ser·

941 4520 1069 4603 pentes,
1099 4517 1186 4578 unde
1220 4517 1257 4578 in
1291 4515 1549 4577 Deuteronomio
1575 4513 1625 4594 (8,
1653 4515 1735 4596 15):

941 4618 1102 4677 «Ductor
1120 4616 1200 4677 tuns
1222 4613 1286 4675 init
1310 4613 1471 4674 Dominus
1496 4613 1532 4675 iu
1557 4613 1737 4676 solitudine

942 4728 1074 4789 magna,
1102 4713 1202 4788 atque
1235 4709 1391 4783 terribili,
1420 4710 1574 4773 abierat
1600 4726 1737 4788 serpens

942 4810 1024 4871 tlatu
1039 4824 1100 4870 suo
1114 4809 1271 4881 adurens,
1288 4808 1431 4884 scorpio,
1450 4810 1485 4870 et
1500 4809 1623 4885 dipsas,
1638 4824 1657 4867 s
1670 4810 1737 4869 So-

942 4906 1047 4969 litudo
1062 4907 1113 4969 est
1127 4907 1191 4968 hoc
1204 4905 1386 4979 saeculum,
1397 4904 1454 4965 ubi
1469 4908 1546 4966 sunt
1566 4905 1738 4982 serpentes

942 5005 1025 5069 datu
1038 5020 1099 5066 suo
1112 5003 1291 5067 adurentes
1304 5002 1452 5063 animam
1465 5000 1506 5061 ad
1520 5000 1735 5078 peccandum.

943 5105 980 5162 ln
1004 5101 1068 5163 hoc
1089 5102 1221 5163 deserto
1244 5100 1295 5161 est
1320 5098 1463 5174 scorpio,
1486 5098 1543 5175 qui
1563 5098 1673 5173 eapite
1689 5096 1737 5177 (3)

942 5197 1114 5261 blanditur
1144 5212 1204 5274 per
1231 5194 1483 5267 exultationem,
1519 5193 1577 5256 sed
1611 5193 1647 5254 in
1672 5193 1738 5256 dne

944 5380 1023 5439 addit
1038 5398 1045 5438 :
1061 5379 1236 5438 Phiiistbiim
1250 5379 1476 5448 interpretamur
1490 5377 1738 5447 inauspicato.

980 5452 1022 5523 (4)
1038 5451 1149 5519 lioral,
1163 5449 1211 5506 lib.
1226 5451 1275 5517 Vl,
1290 5447 1543 5520 inceptione.
1559 5447 1603 5504 tt.

981 5522 1010 5590 (4
1038 5522 1136 5587 Num,
1149 5520 1194 5590 tl,
1209 5520 1253 5589 lo,
1267 5526 1296 5576 et
1306 5533 1370 5591 cap.
1384 5518 1429 5587 33,
1443 5517 1477 5575 is
1489 5515 1525 5574 ad
1540 5518 1585 5574 lv.
1733 5572 1736 5576 .

981 5593 1011 5666 (3
1042 5589 1170 5663 Scorpio,
1187 5590 1234 5662 qui
1246 5589 1350 5663 capite,
1363 5595 1419 5646 ete.
1438 5589 1538 5647 Glossa
1550 5586 1612 5646 ord.
1626 5587 1655 5644 in
1671 5586 1740 5646 illud
