3950 6200
207 313 263 373 111

206 471 287 544 tino,
315 484 375 549 per
407 471 554 549 ipsorum
585 472 854 543 conversionem,
880 474 913 532 et
942 472 997 546 pia

207 570 431 631 sollicitudine
452 569 623 640 suscitent,
646 571 679 629 31
701 568 844 631 sollicita
876 568 998 644 pietate

206 665 401 742 gubernent.

246 763 345 825 Istius
358 761 583 823 miserationis
602 761 747 822 officium
762 762 849 838 patri
861 762 996 823 miseri-

206 860 395 922 cordiarum
414 859 504 921 omni
529 857 695 919 sacrificio
710 858 863 920 firmabat
876 858 924 937 (1)
935 875 997 920 ac-

205 954 343 1031 ceptius,
371 954 516 1014 maxime
540 952 569 1013 si
597 953 706 1014 studio
728 952 829 1014 fuerit
843 953 997 1029 perlectae

204 1051 354 1113 caritatis
391 1050 588 1128 impensum,
622 1052 658 1111 111
692 1049 733 1111 ad
765 1050 797 1110 id
829 1050 999 1111 laboretur

204 1147 310 1224 magis
334 1148 499 1224 exemplo,
512 1157 616 1224 quam
631 1146 730 1208 verbo
743 1164 751 1219 ;
768 1147 874 1222 magis
887 1147 999 1222 lacry-

204 1261 297 1307 mosa
322 1261 431 1322 prece,
456 1260 554 1320 quam
570 1244 701 1320 loquaci
716 1257 880 1306 sermone.
897 1244 999 1304 Plan-

204 1342 347 1419 gandum
388 1341 527 1419 proinde
561 1341 692 1402 dicebat
726 1341 996 1419 praedicatorem,

203 1443 362 1516 tanquam
382 1455 464 1500 vera
493 1439 616 1515 pietate
641 1440 817 1515 privatum,
849 1439 922 1499 sive
941 1440 998 1515 qui

205 1538 240 1597 in
251 1536 486 1614 praedicatione
502 1552 568 1596 non
592 1537 779 1597 animarum
801 1537 922 1613 quaerit
941 1551 998 1596 sa-

203 1635 318 1705 lutem,
335 1634 392 1694 sed
416 1633 584 1710 propriam
606 1633 750 1702 laudem,
764 1634 835 1694 sive
850 1634 906 1710 qui
921 1649 1000 1709 pra-

204 1732 307 1794 vitate
325 1730 466 1792 destruit
487 1725 581 1802 11133,Ι
592 1731 679 1807 quod
695 1731 838 1791 aediiicat
855 1731 1000 1792 veritate

204 1829 377 1890 doctrinae.
405 1827 652 1889 Praeierendum
676 1827 755 1889 huic
781 1828 911 1889 dicabat
926 1828 998 1888 tra·

203 1929 288 1987 trsm
315 1925 511 2002 simplicem,
545 1927 579 1985 31
611 1925 797 2001 elinguem,
823 1927 879 2003 qui
911 1926 999 1986 bono

203 2024 355 2098 exemplo
383 2024 467 2084 alios
495 2024 652 2099 provocat
680 2023 721 2083 ad
750 2016 884 2083 borium.
914 2022 999 2083 Illud

203 2137 334 2198 quoque
370 2119 507 2183 verbum
526 2125 663 2182 :Donec
697 2121 829 2181 eteritis
858 2122 1000 2193 peperit

198 2221 372 2290 1113111133
394 2217 423 2295 (l
433 2220 527 2292 aeg,
541 2233 578 2288 11,
593 2217 638 2296 5).
649 2217 775 2278 Taliter
789 2216 976 2293 exponebat
990 2238 997 2276 :

203 2314 345 2387 sterilia,
361 2315 480 2391 inquit,
498 2317 548 2375 331
567 2313 672 2376 frater
686 2315 926 2391 pauperculuse
943 2314 999 2390 qui

202 2412 385 2488 generandi
408 2413 443 2472 in
462 2412 611 2472 Ecclesia
627 2411 714 2471 tilios
727 2427 794 2471 non
807 2411 907 2472 habet
921 2411 999 2472 oill-

203 2511 303 2570 cium.
319 2510 381 2571 Hic
397 2510 505 2586 pariet
526 2510 561 2568 111
578 2509 704 2585 judicio
728 2509 900 2585 plurimos,
919 2508 998 2585 quia

202 2606 999 2683 nuncprivatisorationibusconvertitadChris·

202 2704 284 2775 tum,
301 2719 369 2764 suae
387 2704 503 2778 gloriae
524 2703 604 2763 tuno
624 2702 730 2779 judex
745 2702 899 2764 ascribet.
917 2707 999 2771 Quae

202 2803 329 2861 multos
362 2801 461 2861 babet
494 2803 591 2872 111133,
632 2801 878 2871 irestrmabttur,
920 2801 998 2875 quia

202 2895 403 2973 praedicator
441 2911 548 2958 vanus
576 2899 609 2958 et
633 2897 769 2973 loquax,
796 2897 853 2974 qui
886 2898 998 2958 multis

202 3008 293 3053 nunc
315 2994 411 3069 quasi
425 3009 486 3056 sua
499 2994 620 3055 virtute
630 2995 753 3069 genitis
765 2994 897 3069 gaudet,
919 3011 999 3070 cog·

191 3090 320 3153 ⁴noscet
342 3093 425 3152 tunc
451 3107 487 3152 se
515 3091 562 3151 nil
588 3091 713 3168 proprii
741 3091 863 3154 habere
878 3092 913 3153 in
936 3093 996 3154 eis.

644 313 700 373 Ab
722 313 858 373 OPERA
880 313 914 371 S.
938 313 1406 392 1111111313311331311113

1792 315 1854 376 lla

1051 472 1145 533 131111
1156 472 1315 548 prodiiis,
1325 472 1858 550 responsumhujusmodirepor·

1051 569 1134 629 tavit
1154 583 1174 629 a
1189 570 1348 630 Domino:
1364 571 1430 630 Cur
1446 573 1493 640 tu,
1510 585 1637 647 pauper
1651 570 1855 638 homuncio,

1052 665 1279 725 conturbaris?
1305 670 1356 726 An
1385 681 1445 741 ego
1472 669 1504 727 13
1526 682 1627 743 super
1650 668 1858 743 religionem

1052 777 1159 822 meam
1184 762 1233 822 sic
1257 767 1422 846 pastorem
1437 764 1578 835 institui,
1595 766 1630 826 ut
1647 780 1699 826 me
1721 766 1862 840 princi-

1052 859 1160 933 palem
1185 859 1317 919 nescias
1345 875 1419 920 esse
1451 863 1645 936 patronumt
1671 862 1860 923 Hominem

1053 954 1236 1030 simplicem
1252 956 1293 1016 ad
1318 955 1381 1017 hoc
1395 959 1428 1018 te
1442 958 1610 1030 constitui,
1629 961 1665 1019 ut
1679 975 1753 1035 quse
1768 959 1808 1019 in
1824 963 1862 1019 te

1052 1050 1173 1123 secero,
1191 1067 1257 1113 non
1273 1052 1427 1114 humanae
1442 1053 1627 1126 industriae,
1647 1055 1705 1115 sed
1730 1071 1863 1131 super-

1053 1163 1106 1208 nae
1141 1149 1260 1223 gratia
1285 1149 1508 1212 ascribantur.
1535 1153 1604 1226 Ego
1625 1152 1758 1223 vocavi,
1786 1167 1863 1213 ser·

1052 1243 1149 1315 vabo,
1164 1247 1197 1306 31
1218 1260 1363 1320 pascam,
1383 1249 1418 1307 31
1429 1247 1507 1308 aliis
1522 1247 1753 1309 excidentibus
1767 1249 1863 1310 alios

1053 1340 1250 1416 subrogabo,
1266 1342 1313 1403 ita
1324 1346 1359 1404 ut
1369 1345 1398 1403 si
1414 1345 1484 1405 nati
1494 1359 1561 1404 non
1575 1344 1713 1414 luerint,
1727 1345 1861 1406 faciam

1052 1438 1129 1499 illos
1144 1439 1249 1511 nasci,
1272 1443 1305 1501 et
1318 1442 1592 1519 quantiscumque
1613 1441 1713 1503 luerit
1727 1442 1863 1518 impul-

1054 1534 1145 1596 sibus
1172 1537 1374 1613 paupercula
1410 1539 1482 1599 haec
1513 1554 1676 1600 concussa
1711 1540 1854 1614 religio,

1054 1633 1147 1693 salva
1167 1650 1297 1710 semper
1314 1650 1387 1696 meo
1403 1650 1541 1697 munere
1557 1635 1777 1712 permanebit
1794 1640 1866 1698 De-

1054 1731 1229 1791 tractionis
1254 1746 1385 1807 quoque
1412 1733 1528 1794 vitium
1559 1733 1733 1794 inimicum
1766 1734 1857 1795 sonti

1054 1827 1188 1903 pietatis
1200 1830 1234 1888 31
1247 1831 1375 1904 gratiae,
1386 1832 1542 1907 tanquam
1557 1831 1786 1906 serpentinum
1801 1832 1864 1893 ab·

1054 1923 1213 1987 horrebat
1225 1942 1383 1999 morsum,
1404 1931 1438 1988 et
1449 1928 1691 1990 atrocissimam
1712 1931 1860 2004 pestem,

1054 2022 1088 2081 et
1113 2021 1264 2096 piissimo
1291 2026 1360 2084 Deo
1393 2023 1616 2085 abominabile
1643 2024 1714 2087 iore
1742 2025 1863 2086 firma·

1054 2116 1189 2197 113112),
1217 2135 1277 2196 pro
1300 2136 1340 2182 eo
1365 2120 1450 2198 quod
1475 2121 1643 2183 detractor
1664 2122 1862 2184 animarum

1054 2216 1217 2290 sanguine
1246 2219 1403 2293 pascitur,
1427 2234 1510 2294 quas
1531 2218 1642 2293 gladio
1656 2219 1783 2294 linguae
1799 2237 1862 2282 ne-

1054 2313 1118 2372 cat
1131 2313 1279 2375 Audiens
1292 2315 1392 2375 semel
1408 2313 1544 2376 tratrem
1558 2316 1733 2392 quemdam
1756 2317 1862 2378 deni-

1053 2424 1152 2483 grare
1172 2411 1293 2471 tamam
1320 2411 1470 2480 alterius,
1498 2427 1678 2473 conversus
1699 2413 1742 2473 ad
1758 2415 1862 2475 vica-

1054 2506 1140 2566 rium
1168 2523 1265 2566 suum
1298 2508 1408 2568 dixit:
1431 2511 1547 2584 Surge,
1573 2524 1684 2585 surge,
1717 2511 1858 2574 discute

1053 2601 1241 2676 diligenter,
1254 2608 1287 2664 et
1297 2605 1325 2663 si
1336 2607 1527 2664 accusatum
1540 2605 1675 2666 tratrem
1686 2606 1862 2668 innocen-

1053 2699 1118 2758 tem
1132 2702 1311 2776 repereris,
1323 2702 1624 2786 accusantemdura
1641 2704 1862 2766 correctione

1054 2797 1182 2857 cunctis
1224 2798 1326 2858 redde
1370 2798 1561 2860 notabilem.
1602 2801 1860 2877 Nonnunquam

1053 2908 1133 2954 vero
1153 2909 1239 2965 eum,
1270 2896 1327 2971 qui
1353 2895 1489 2957 tratrem
1508 2912 1603 2956 suum
1624 2896 1721 2958 iamae
1741 2899 1861 2973 gloria

1053 2992 1222 3066 spoliaret,
1234 2992 1406 3067 judicabat
1419 2992 1533 3054 habitu
1549 2994 1773 3070 spoliandum,
1791 3012 1861 3058 nec

1053 3088 1094 3149 ad
1119 3089 1293 3150 Dominum
1325 3090 1439 3151 oculos
1472 3106 1569 3167 posse
1610 3091 1739 3163 levare,
1785 3094 1862 3155 nisi

131 3780 136 3787 ·
202 3771 315 3832 1113113
345 3771 468 3831 induci.
496 3773 535 3830 Et
561 3771 677 3831 talium
697 3772 812 3832 auditu
826 3771 998 3832 exultabat

205 3190 285 3249 Cum
320 3189 424 3264 igitur
449 3190 636 3250 animarum
665 3189 805 3251 salutem
829 3190 997 3251 viscerosa
1053 3186 1156 3262 prius,
1181 3187 1266 3263 quod
1291 3186 1485 3259 abstulerat,
1514 3189 1653 3250 reddere
1672 3206 1732 3265 pro
1753 3207 1863 3267 posse

201 3286 324 3363 pietate
349 3276 533 3362 appeteret,
571 3291 604 3347 et
629 3286 756 3348 fervida
785 3287 998 3349 aemulatione
1053 3287 1196 3344 curaret.
1221 3285 1326 3345 Tanto
1349 3288 1458 3362 major
1477 3288 1538 3356 est,
1561 3286 1687 3358 aiebat,
1713 3287 1862 3350 detrac-

202 3382 336 3453 zalarst,
359 3383 567 3443 suavissimis
582 3398 618 3444 se
631 3383 762 3446 dicabat
774 3385 897 3460 repleri
912 3385 997 3444 odo·
1052 3381 1160 3440 torum
1189 3380 1354 3456 impietas,
1382 3398 1480 3458 quam
1509 3382 1692 3455 latronum,
1724 3390 1861 3461 quanto

201 3478 307 3549 ribus,
318 3480 450 3557 etquasi
464 3484 631 3555 unguento
645 3480 789 3556 pretioso
802 3481 904 3551 liniri,
922 3497 997 3540 cum
1052 3476 1108 3536 lex
1123 3477 1256 3549 Christi,
1274 3493 1347 3554 quae
1361 3479 1395 3539 in
1409 3479 1621 3541 observantia
1634 3480 1770 3557 pietatis
1782 3482 1861 3543 im-

202 3577 393 3639 sanctorum
422 3576 560 3640 fratrum
587 3592 646 3654 per
665 3577 778 3638 orbem
801 3578 996 3641 distantium
1052 3573 1173 3649 pietur,
1201 3575 1307 3650 magis
1326 3576 1525 3648 animarum,
1542 3593 1640 3654 quarn
1658 3593 1860 3653 corporum,

201 3673 368 3735 odorifera
384 3673 483 3745 sarna,
498 3675 620 3735 multos
634 3674 766 3736 audiret
781 3675 822 3734 ad
833 3675 921 3736 viam
938 3691 998 3737 va-
1053 3686 1113 3731 nos
1128 3672 1283 3746 astringit
1302 3676 1418 3748 optare
1433 3673 1585 3734 salutem.

1091 3768 1230 3829 Afflictis
1256 3785 1386 3845 quoque
1414 3770 1647 3848 qualicumque
1679 3776 1861 3848 corporali

200 3868 236 3927 in
251 3867 382 3942 spiritu,
396 3866 683 3928 benedictionibus
698 3868 789 3929 omni
803 3870 996 3945 acceptione
1052 3865 1215 3935 molestia,
1237 3867 1322 3925 mira
1352 3869 1592 3943 compassionis
1621 3869 1857 3932 teneritudine

201 3963 405 4038 dignissimis
433 3963 552 4026 iratres
576 3965 652 4024 illos
675 3966 910 4036 accumulans,
939 3968 996 4042 qui
1051 3962 1330 4034 condescendens,
1361 3965 1492 4040 siquid
1517 3966 1676 4041 penuriae,
1705 3967 1734 4026 si
1765 3969 1852 4043 quid

201 4059 314 4131 verbo,
335 4061 388 4121 vel
409 4076 519 4136 opere,
537 4061 578 4121 ad
593 4062 716 4123 Christi
731 4078 878 4123 amorem
893 4063 995 4122 indu·
1051 4059 1199 4121 detectus
1218 4060 1254 4120 in
1269 4060 1381 4138 aliquo
1396 4064 1557 4133 cerneret,
1575 4064 1622 4138 pii
1636 4063 1746 4123 cordis
1766 4065 1855 4127 dul-

200 4160 316 4219 cerent
339 4160 542 4234 peccatores.
561 4159 595 4219 Si
611 4160 711 4221 etiam
728 4160 784 4236 qui
798 4160 995 4234 religionem
1052 4156 1168 4216 cedine
1195 4157 1369 4231 regerebat
1393 4159 1428 4217 in
1458 4159 1636 4221 Christum.
1661 4163 1750 4222 Sane
1774 4162 1855 4223 cle-

178 4273 182 4282 ·
200 4271 331 4316 sacram
343 4256 467 4332 iniquis
483 4256 648 4317 violarent
661 4256 830 4333 operibus,
845 4257 997 4318 maledic·
1052 4254 1209 4313 mentiam
1220 4254 1856 4333 habehatingenitamquamsuperin-

199 4352 346 4413 tionibus
361 4354 680 4430 ejusgravissimum
696 4354 911 4415 incurrebant
925 4370 997 4414 sen·
1051 4350 1125 4410 susa
1135 4350 1258 4412 Christi
1269 4352 1583 4428 pietasduplicabat.
1595 4356 1708 4430 ltaque
1720 4355 1857 4432 liques-

199 4451 349 4510 tantiam.
374 4450 423 4510 Ad
448 4455 491 4520 13,
518 4452 655 4512 Domine
680 4449 829 4528 (inquit),
854 4452 998 4512 sanctis-
1052 4447 1370 4524 cebatanimusejus
1385 4449 1426 4509 ad
1446 4464 1620 4525 pauperes,
1635 4453 1668 4511 et
1683 4451 1853 4526 1311111133,

200 4547 295 4618 sima,
311 4548 550 4609 atotacoelesti
566 4549 671 4619 ciiria,
688 4550 722 4608 et
745 4564 764 4609 a
789 4564 841 4609 me
856 4549 995 4625 parvulo
1051 4547 1084 4605 at
1109 4544 1228 4621 quibus
1253 4561 1320 4605 non
1347 4546 1478 4620 poterat
1502 4562 1648 4618 manum,
1668 4548 1856 4614 exhibebat

199 4647 268 4713 tuo,
284 4644 352 4705 sint
366 4644 545 4715 maledicti,
574 4646 630 4721 qui
656 4660 716 4706 suo
739 4646 827 4706 malo
841 4646 996 4721 exemplo
1051 4641 1217 4703 affectum.

200 4742 415 4813 contundunt,
429 4745 463 4804 et
477 4743 661 4813 destruunt,
684 4743 770 4818 quod
787 4758 846 4819 per
861 4746 995 4804 sanctos
1068 4788 1074 4799 .
1091 4740 1235 4814 Contigit
1257 4740 1360 4799 semel
1383 4741 1419 4801 ut
1441 4743 1580 4817 pauperi
1595 4743 1726 4805 cuidam
1751 4746 1850 4809 elee-

200 4841 322 4900 iratres
333 4840 461 4899 ordinis
475 4839 575 4915 hujus
587 4838 771 4910 aedificasti,
785 4842 818 4900 et
829 4840 996 4902 aedificare
1051 4850 1224 4911 mosynam
1247 4835 1435 4911 importune
1458 4839 1596 4912 petenti,
1620 4856 1706 4900 unus
1732 4842 1850 4904 esra-

199 4952 267 4997 non
295 4952 418 4997 cessas.
444 4938 549 4996 Tanta
576 4935 766 5011 frequenter
788 4936 997 4998 alliciebatur
1050 4932 1156 4993 tribus
1181 4931 1296 4992 (11111113
1321 4934 1547 5009 163101116161·
1582 4936 1674 5006 Quod
1706 4939 1854 5002 audiens

199 5033 358 5095 moestitia
373 5048 473 5109 super
494 5032 652 5093 scandala
665 5033 872 5106 pusillorum,
890 5037 925 5095 ut
937 5034 997 5095 de-
1050 5044 1233 5105 pauperum
1251 5030 1324 5105 pios
1349 5033 1488 5101 amator,
1510 5031 1606 5094 fratri
1622 5036 1794 5112 praecepit,
1814 5043 1854 5101 ut

199 5131 298 5193 licere
318 5146 354 5191 33
380 5132 522 5206 putaret,
551 5129 616 5189 nisi
635 5130 760 5190 divinas
786 5131 904 5192 luisset
927 5132 997 5192 cle·
1050 5127 1091 5186 ad
1108 5128 1198 5187 illius
1218 5129 1375 5203 pauperis
1394 5128 1495 5204 pedes
1515 5146 1551 5190 se
1575 5132 1736 5193 nudatum
1752 5152 1854 5211 pros-

198 5229 332 5290 mentiae
347 5227 575 5289 consolatione
590 5226 757 5289 suffultus.
779 5231 859 5288 Cum
883 5231 994 5290 autern
1049 5227 1207 5292 terneret,
1223 5226 1443 5301 proclamaret
1456 5226 1668 5302 culpabilem,
1682 5232 1854 5295 orationis

200 5326 303 5387 3311131
329 5325 436 5386 malus
460 5325 613 5386 turbatus
643 5327 732 5386 esset
756 5327 935 5402 exemplis,
962 5331 996 5389 et
1050 5322 1247 5397 suffragium
1285 5323 1471 5398 postularet
1506 5328 1539 5385 31
1573 5328 1718 5387 veniam.
1754 5332 1853 5402 Quod

199 5424 300 5491 anxio
322 5422 443 5499 spiritu
458 5422 710 5487 misericordem
730 5425 858 5510 patrem
877 5439 997 5501 preca-
1049 5436 1124 5480 cum
1141 5420 1197 5480 ille
1220 5420 1354 5480 lecisset
1380 5419 1562 5494 humiliter,
1584 5422 1727 5487 dulciter
1754 5428 1856 5503 pater

235 5622 277 5693 11)
296 5624 360 5693 Lep.
377 5623 546 5680 affirmabat.
561 5690 568 5697 ‚
1086 5622 1127 5693 (2)
1142 5622 1211 5691 Lea,
1224 5621 1395 5679 affirmabat.
