3950 6200
131 368 330 439 ,avt

272 556 423 608 senilem·
443 558 563 611 ANIMA,
585 554 650 603 VEL
673 554 824 606 SANCTUS
850 556 1066 607 manaseds

366 690 550 751 (Pantomatri.)

273 810 337 870 Gor
349 807 431 868 mibi
443 806 574 868 iuratus
589 807 682 884 cogis
693 807 817 871 babere
829 807 980 870 modumt

271 907 308 967 In
317 906 350 968 te
364 906 490 967 mutmo
503 905 582 983 quid
596 920 771 983 superasse
783 908 909 983 potesti

273 1004 328 1065 sic
342 1003 421 1079 igne
433 1003 468 1063 in
484 1003 593 1064 medio
613 1002 723 1065 terrea
735 1019 847 1065 massa
859 1004 962 1079 calet3

270 1102 358 1162 Aere
373 1100 422 1162 sic
434 1099 535 1162 vestit
546 1100 616 1161 sole
628 1100 774 1163 micante
782 1099 894 1177 jubar.

270 1196 327 1259 Sic
341 1197 429 1274 perit
442 1197 515 1274 ipse
530 1211 600 1269 aer,
618 1198 667 1258 sic
679 1197 766 1274 perit
778 1197 850 1274 ipse
866 1196 1016 1276 chalybs.

270 1294 367 1356 Haud
383 1293 483 1355 aliter
496 1292 641 1354 mentem
656 1290 787 1355 Christe
801 1293 944 1356 resolvis
958 1307 1063 1355 amor.

310 1425 394 1498 Quid
410 1440 516 1495 mens,
527 1425 607 1503 quid
623 1425 724 1488 iaciat
733 1438 800 1488 non
812 1426 899 1504 potis
914 1426 988 1503 ipsa
997 1425 1068 1486 suit

271 1523 306 1585 Si
320 1524 355 1585 te
369 1522 500 1585 Christe
515 1521 617 1585 refert
631 1538 724 1584 meus
739 1538 825 1595 mea,
840 1522 928 1586 facte
942 1524 1012 1594 tua,

269 1619 374 1697 Culpa
388 1620 446 1682 tua
461 1620 522 1692 est,
541 1619 702 1697 quidquid
724 1621 832 1682 victus
847 1634 961 1682 amore
972 1634 1064 1698 gero.

269 1718 423 1795 Desipiot
439 1718 631 1795 pertesum
646 1716 787 1779 rationis
804 1732 917 1794 egeus,

268 1815 389 1878 Mentis
404 1814 519 1894 inopsi
532 1818 634 1878 Amor
651 1817 712 1889 est,
729 1816 786 1894 qui
800 1815 882 1879 iacit
898 1828 973 1878 esse
990 1814 1068 1877 luo-

967 1909 1065 1993 [pem.

425 2032 630 2098 umentes.)

391 2170 430 2231 In
444 2170 522 2246 igne
536 2168 744 2242 curlocabas‚

391 2268 428 2329 Si
441 2267 681 2344 temperantem
697 2265 852 2328 amabast

388 2365 524 2427 Tenelle
539 2380 592 2426 me
607 2363 785 2443 coquebas,

389 2460 474 2535 Quid
488 2462 650 2538 grandior
663 2459 839 2539 patrabast

390 2558 486 2620 Hanc
498 2559 651 2620 semitam
666 2558 793 2635 parasti

389 2658 492 2718 Amor
503 2654 597 2716 mibi.
614 2653 707 2726 Quod
721 2668 830 2717 errem

390 2754 461 2813 'rua
477 2751 585 2814 omnis
600 2766 680 2827 ergo
695 2751 804 2828 culpa.

430 2886 480 2945 Tu
494 2882 689 2945 vulneratus
704 2883 776 2960 ipse

390 2982 522 3044 Amoris
537 2996 572 3042 es
588 2981 731 3057 sagittis.

388 3080 433 3141 Te
447 3077 622 3142 devocavit
636 3077 754 3147 aethra,

387 3176 566 3254 Terrisque
581 3176 758 3239 collocavit

386 3275 596 3352 Nudumque‚
614 3285 875 3352 pauperemque3

388 3373 464 3435 Non
478 3373 579 3445 tecta,
595 3388 662 3434 nou
677 3371 778 3449 agelli

387 3471 418 3532 N
420 3485 520 3532 overe
534 3469 778 3547 possidentem

390 3569 432 3629 Ut
447 3567 566 3630 divites
582 3570 713 3644 egestas

385 3666 468 3738 Tua,
485 3665 626 3737 Christe,
644 3680 705 3726 nos
720 3663 844 3727 bearet.

385 3764 490 3825 Andes
506 3777 619 3824 amore
633 3763 763 3834 vivens,

388 3860 428 3921 Et
441 3859 598 3920 occidens
614 3874 738 3920 amore.

428 3990 505 4052 ibas
519 4005 633 4052 amore
647 3990 756 4053 victus

387 4087 455 4152 Ceu
469 4087 581 4150 ebrius
596 4103 657 4164 per
669 4086 804 4150 orbem:
890 4077 896 4088 ’

386 4186 571 4262 Praedaque
585 4186 618 4247 te
632 4184 843 4262 triumphans

388 4287 490 4347 Amor
504 4282 728 4360 superbiebat.

382 4385 504 4445 Amore
518 4382 567 4443 nil
582 4380 737 4452 vacabat,

385 4482 500 4558 'l'uque
514 4480 587 4557 ipse
601 4480 634 4541 te
645 4476 801 4541 vacabas.

390 4578 431 4637 Et
443 4575 567 4653 templa
582 4591 657 4637 cum
672 4575 831 4647 subisses,

337 4721 340 4728 .
389 4673 444 4732 Sic
458 4687 540 4733 voce
555 4672 781 4747 personabas:

388 4770 413 4829 0
429 4769 486 4845 qui
500 4768 585 4838 sitis,
603 4766 729 4839 adesto,

384 4864 471 4926 Ades
487 4863 567 4937 buc;
585 4862 676 4924 sitim
690 4861 829 4924 levabos

384 4955 538 5022 Mercede
551 4973 615 5035 qua
629 4955 784 5019 bibendi?

387 5060 520 5128 Amore,
536 5067 661 5126 amore,
675 5067 800 5116 amore.

360 5256 528 5320 (timeant.)
661 5325 664 5330 Ι

306 5394 382 5455 Νον
396 5391 607 5470 sempiternae
618 5392 671 5453 vis
685 5390 860 5469 sapientiae

268 5490 397 5553 celavit
410 5489 506 5566 ignes
520 5488 666 5566 pectoris
681 5503 812 5561 aureos,

269 5587 353 5660 Quin
368 5601 457 5663 saepe
470 5600 625 5647 versares
639 5585 770 5646 Amoris

269 5687 394 5760 Largus
409 5698 500 5760 opes,
516 5682 758 5758 gravidumque
771 5696 886 5744 cornu.

711 365 744 423 S.
768 362 988 424 sanuciani
1008 363 1237 426 assistatis
1258 360 1487 427 opuscola.
1828 377 1876 439 sta

1141 587 1148 611 ,
1164 526 1210 587 Το
1222 524 1354 603 lapsum
1366 526 1503 604 Olympo
1515 525 1662 602 Virginis
1673 527 1707 589 ln
1717 528 1815 592 smum

1123 624 1226 686 Amor
1239 623 1387 701 puellum
1399 639 1466 685 non
1481 638 1560 686 caro
1574 625 1694 687 vestiit.

1123 723 1245 783 Amore
1260 722 1376 800 captus
1389 723 1427 784 tu
1440 721 1561 785 subisti

1125 819 1325 891 Quadrilidae
1340 819 1428 881 mala
1444 820 1540 895 siqua
1555 834 1705 897 quercus.

1164 938 1299 996 Haesere
1310 950 1421 1008 voces,
1435 933 1604 1013 verbaque
1616 934 1760 999 saucibus

1124 1033 1255 1094 Amoris
1270 1047 1366 1109 erg03
1383 1048 1458 1094 cum
1472 1032 1672 1096 taciturnior

1124 1131 1266 1191 Causam
1280 1130 1368 1192 tueri
1381 1129 1553 1207 denegasti

1122 1229 1142 1290 J
1144 1226 1254 1289 udicio
1267 1226 1452 1305 expositam
1467 1225 1618 1306 profano.

1161 1344 1211 1404 Tu
1224 1354 1343 1420 nempe
1357 1343 1479 1406 amoris
1494 1344 1631 1405 victima
1644 1340 1760 1407 nobilis

1122 1442 1203 1502 Esse
1217 1438 1407 1517 expetebas.
1423 1440 1664 1519 insuperabilis

1123 1536 1179 1599 Sic
1192 1537 1296 1598 robur
1309 1536 1497 1600 immortale
1512 1538 1639 1601 dextrae

1121 1632 1239 1695 vinxit
1253 1647 1357 1705 amor,
1373 1632 1575 1710 latebrisque
1590 1633 1721 1695 clausit.

1246 1815 1400 1882 (dimas.)

1282 1924 1369 2001 Ergo
1384 1925 1413 1985 si
1428 1924 1508 1987 tacit
1521 1920 1664 1997 ebrium,

1242 2022 1279 2085 Si
1291 2022 1410 2084 mentis
1425 2021 1505 2084 iacit
1516 2022 1687 2101 impotem,

1242 2121 1278 2182 Si
1290 2118 1380 2183 vires
1395 2130 1490 2183 amor
1503 2120 1620 2198 eripit;

1239 2220 1342 2280 Amor
1354 2217 1388 2279 te
1402 2228 1532 2296 quoque
1544 2216 1700 2295 perdidit,

1241 2313 1360 2392 injecit
1372 2314 1434 2376 tibi
1448 2312 1593 2388 vincula,

1240 2408 1436 2489 Ademitque
1451 2410 1645 2488 potentiam.

1240 2510 1362 2571 Contra
1376 2509 1471 2586 queis
1485 2524 1548 2588 ego
1562 2506 1693 2572 viribus

1239 2604 1357 2669 Nitsri
1371 2604 1456 2679 Quid
1471 2604 1554 2668 mibi
1567 2604 1713 2679 roboris,

1240 2706 1308 2766 Has
1323 2704 1360 2765 ut
1373 2703 1559 2766 sustineam
1572 2703 1684 2767 incest

1241 2801 1304 2875 Qui
1316 2814 1369 2863 me
1383 2798 1536 2879 desipere
1550 2800 1696 2879 impulit,

1240 2898 1302 2962 Hic
1316 2900 1459 2961 mentem
1474 2898 1598 2977 eripuit
1610 2898 1685 2962 tibi.

1240 2996 1303 3069 Qui
1320 3012 1372 3058 me
1387 2995 1617 3073 languidulum
1633 2995 1724 3059 iacit.

1239 3095 1285 3156 'le
1296 3091 1463 3157 imbellem
1476 3110 1607 3172 quoque
1620 3090 1774 3157 reddidit.

1239 3192 1337 3264 Nolo,
1351 3207 1414 3253 nec
1429 3206 1514 3269 queo
1527 3191 1668 3269 perpeti.

1239 3289 1369 3351 Amoris
1384 3285 1456 3350 tera
1468 3288 1596 3366 praelia.

1239 3385 1370 3457 vicisti,
1388 3387 1491 3448 Pater
1502 3386 1639 3464 optime.
1660 3393 1669 3408 ⁴

1240 3485 1288 3544 Do
1301 3498 1420 3562 manus
1433 3485 1545 3555 Amor,
1562 3482 1691 3560 accipe.

1238 3582 1312 3643 Jam
1327 3580 1493 3642 sententia
1505 3579 1670 3653 constitit,

1238 3678 1360 3739 Amore
1376 3679 1414 3740 ut
1426 3689 1561 3754 peream
1575 3673 1683 3739 brevi.

1238 3776 1313 3837 iam
1325 3773 1488 3836 solamina
1499 3789 1635 3850 respuo,

1237 3873 1360 3935 Amore
1372 3872 1407 3934 ut
1421 3871 1519 3949 cupio
1534 3870 1632 3932 morl.

1213 4062 1327 4127 (iambici
1337 4063 1466 4126 triam)

1158 4178 1290 4243 Amoris
1304 4195 1405 4241 unum
1420 4192 1542 4241 nomeu
1554 4193 1591 4241 os
1606 4180 1641 4242 et
1655 4191 1716 4242 cor
1726 4175 1826 4239 sonat

1118 4278 1239 4339 Amore
1255 4292 1313 4339 cor
1327 4276 1491 4355 liquescit.
1509 4279 1534 4338 0
1548 4291 1656 4351 amor,
1670 4275 1758 4338 mori

1118 4377 1239 4437 Amore
1253 4390 1305 4436 me
1317 4374 1481 4451 permitte.
1497 4376 1516 4436 J
1518 4389 1577 4436 esu
1591 4390 1699 4448 amor,
1714 4371 1842 4435 oamorl

1119 4474 1194 4536 tam
1204 4473 1301 4534 teneo
1315 4473 1442 4548 portus,
1457 4471 1601 4548 aequoris
1613 4472 1682 4533 vici
1697 4471 1813 4532 minas.

1120 4572 1145 4631 Ο
1160 4584 1255 4630 amor
1268 4571 1377 4640 iesus,
1390 4583 1409 4630 o
1424 4583 1529 4641 amor,
1546 4569 1690 4645 quantas
1706 4567 1810 4629 iacest

1120 4668 1145 4728 0
1160 4681 1255 4728 amor
1268 4667 1377 4737 Jesus,
1394 4680 1531 4737 camon,
1547 4664 1618 4727 vita
1633 4663 1775 4740 aufugit

1118 4767 1180 4835 Da,
1195 4762 1238 4823 da
1249 4762 1364 4824 beatos
1377 4762 1472 4824 ducis
1487 4762 1663 4840 amplexus
1678 4775 1783 4823 amor.

1119 4862 1228 4922 Mutsr
1241 4859 1277 4920 iu
1292 4874 1439 4921 amorem
1456 4881 1464 4920 z
1481 4859 1632 4921 deseram
1647 4857 1786 4929 memet,
1794 4846 1865 4914 mibi

1118 4959 1280 5028 Mortuus,
1296 4955 1514 5030 amorivivus‚
1528 4958 1628 5034 atque
1642 4970 1740 5018 amor
1754 4962 1858 5014 novus·

1117 5061 1353 5129 Amor,oamor
1371 5049 1889 5126 amonemniaexclamantamort

1118 5153 1226 5230 Magis
1235 5099 1413 5229 expostus,
1421 5166 1486 5229 quo
1494 5151 1601 5228 magis
1610 5149 1779 5214 amantem
1787 5140 1893 5220 reple&

1277 5250 1303 5309 Ο
1318 5247 1464 5309 circulus

1276 5338 1326 5397 Tu
1340 5335 1450 5397 cordis
1466 5350 1513 5409 es,

1276 5424 1326 5484 'l'u
1338 5422 1440 5484 vestis
1454 5435 1503 5494 es,

1276 5509 1502 5572 mmmm

1278 5601 1303 5660 0
1318 5611 1542 5670 amonemur,

1279 5688 1424 5756 Oamor,
1441 5688 1550 5746 amori
