3950 6200
203 313 260 375 lot
817 311 993 374 HONORII
1015 312 1059 373 111
1082 313 1228 376 OPERA.
1784 317 1845 376 168

200 470 995 551 11111111111111111111111111111111111-
1050 471 1159 532 nicam
1172 469 1329 532 instantis
1348 469 1616 547 Quadragesimae
1631 470 1846 533 transmitta-

199 572 300 642 tibus,
319 570 402 633 locis
413 571 445 632 et
460 568 612 647 personis
628 569 793 645 imperiali
804 569 996 632 celsitudini
1048 569 1104 635 tis,
1126 584 1185 644 per
1202 583 1336 628 manum
1351 567 1516 642 publicam
1535 568 1675 644 scriptas
1690 570 1723 630 et
1741 570 1846 631 vestri

200 668 458 739 adhaerentibus,
475 669 508 729 et
526 682 743 743 quaecumque
758 681 802 727 ex
817 667 865 726 eis
881 668 995 728 secuta
1049 680 1089 726 ac
1099 665 1230 741 praelati
1244 665 1458 737 marchionis,
1476 667 1509 725 et
1522 665 1747 741 quarumlibet
1760 667 1847 727 civi-

200 770 279 829 sunt
290 766 344 827 val
354 766 395 827 ob
404 781 453 825 ea.
467 764 695 841 captivosqui
705 763 880 824 occasione
894 764 995 839 hujus
1048 763 1153 822 tatum
1179 761 1219 823 de
1248 762 1320 838 ipsa
1336 762 1494 823 societate
1516 762 1704 837 sigillorum
1719 778 1845 839 appen-

200 863 376 925 discordiae
403 863 490 938 capti
515 862 592 922 sunt
613 876 688 922 cum
702 860 798 921 bonis
815 876 941 932 eorum,
962 861 995 921 et
1049 857 1144 917 sione
1159 858 1315 918 munitas.
1331 860 1450 919 Datum
1471 857 1638 929 Laterani,
1664 873 1770 918 nonas
1781 862 1843 934 ja·

199 961 266 1023 alia
282 976 356 1037 quae
375 959 551 1019 occasione
574 958 680 1034 ipsius
702 957 877 1018 discordiae
897 958 993 1033 capta
1049 954 1170 1026 nuarii,
1190 954 1403 1030 pontificatus
1422 954 1527 1016 nostri
1544 970 1633 1016 anno
1651 955 1841 1017 undecimo.

198 1059 276 1119 sunt
289 1057 341 1118 vel
358 1057 501 1126 detenta,
514 1055 702 1122 restituant,
720 1055 766 1115 ita
782 1054 869 1132 quod
879 1055 995 1115 adbae·

197 1156 308 1217 rentes
324 1154 388 1231 ipsi
412 1153 604 1230 imperatori
628 1153 782 1213 similiter
794 1152 844 1212 eis
856 1150 991 1223 iaciant,

198 1252 233 1314 et
254 1251 441 1313 observent.
466 1250 533 1312 Alii
550 1251 660 1311 autem
675 1250 799 1327 captivi
812 1250 993 1311 secundum
1364 1254 1526 1342 XXXVI

193 1351 250 1427 tus
273 1348 406 1426 imperii
431 1348 663 1420 restituantur,
691 1348 862 1424 cumipse
887 1347 995 1422 impe·

197 1446 290 1508 rator
317 1445 463 1520 legatum
488 1460 585 1504 suum
608 1444 644 1504 in
672 1443 905 1505 lombardiam
932 1458 993 1520 pro
1047 1415 1268 1476 Adabbatem
1288 1416 1321 1475 εἰ
1340 1415 1547 1526 σθ’ῑῗθῃῳῃῑ
1563 1416 1699 1477 sami&
1714 1417 1845 1478 Mam

196 1557 280 1620 pace
305 1540 515 1602 1111111111
542 1540 629 1601 11111
659 1540 829 1601 discordes
859 1538 994 1601 duxerit
1298 1513 1428 1573 M⁰²²t²³
1441 1512 1588 1573 Minati·

197 1639 441 1701 destinandum.
462 1637 720 1699 constitutiones
741 1652 833 1709 vero,
856 1636 946 1713 leges
960 1638 994 1698 et
1324 1659 1474 1732 gjanuafg
1490 1659 1568 1717 litt.

197 1739 333 1810 statuta,
363 1736 406 1796 ab
423 1736 573 1796 Ecclesia
601 1738 751 1796 Romana
774 1737 808 1796 et
833 1735 992 1796 Romanis

197 1832 465 1910 imperatoribus,
479 1833 512 1893 et
533 1831 724 1908 specialiter
738 1831 779 1892 ab
799 1831 871 1907 ipso
886 1832 993 1907 impe-

195 1934 308 1994 ratore
327 1934 442 1992 contra
467 1930 653 2000 haereticos,
673 1931 907 2006 receptatores,
933 1929 994 1988 de·
1047 1915 1200 1976 conflrmat
1223 1921 1337 1988 pactum
1363 1931 1420 1988 lul>
1437 1916 1478 1973 illi
1500 1917 1655 1990 1111101110,
1676 1917 1802 1976 ostiensi
1815 1927 1849 1975 et

197 2029 359 2099 senseras,
380 2027 553 2088 credentes
572 2027 604 2086 11
618 2025 765 2087 fautores
781 2025 992 2086 111111111-
1081 2005 1251 2063 111111θῦὓὶ
1265 2005 1410 2076 elllssssllw·
1423 2013 1453 2062 et
1467 2005 1578 2063 clericis
1589 2004 1730 2078 Nlffllhffl
1754 2022 1844 2078 (1118·

1081 2092 1146 2149 111
1162 2094 1358 2164 possessiones
1372 2094 1561 2164 contulerant,
1577 2093 1612 2151 de
1633 2094 1737 2166 quibus
1749 2096 1780 2151 in
1796 2093 1843 2153 iu·

1082 2188 1174 2238 turum
1189 2184 1368 2255 perciperent
1379 2180 1516 2240 decimas.

1186 1790 1358 1856 [spicilegium
1373 1790 1547 1852 Liberiannm,
1564 1791 1620 1850 717,
1638 1805 1664 1842 1.
1681 1793 1718 1858 a]

196 2127 296 2189 tenus
324 2125 544 2201 promulgata,
573 2124 625 2184 vel
650 2123 686 2183 in
717 2123 885 2199 posterum
914 2137 994 2199 pro·

196 2222 376 2299 mulgenda
389 2221 566 2298 recipiant,
581 2221 614 2282 et
626 2220 802 2281 observent
813 2219 993 2281 inviolabi-

196 2321 274 2382 liter
295 2321 328 2381 et
351 2318 534 2381 efficaciter
562 2318 805 2394 exsequantur,
831 2318 993 2379 constitu·
1085 2316 1753 2392 Honoriusepiscopns,servusservorum
1763 2319 1838 2392 Dei,

194 2417 343 2479 tionibus
370 2415 628 2492 municipalibus
655 2415 754 2477 editis
776 2416 892 2476 eontra
907 2413 991 2475 tales
1046 2413 1177 2474 dilectis
1204 2412 1283 2472 liliis
1309 2411 1419 2473 abbati
1448 2415 1481 2474 et
1505 2414 1682 2476 conventui
1710 2417 1845 2478 Sanctae

194 2514 414 2577 nibilominus
428 2514 464 2573 in
478 2513 549 2573 suis
563 2512 646 2574 locis
661 2511 801 2598 firmiter
811 2511 993 2573 observari·
1046 2511 1162 2572 Mariae
1177 2510 1300 2571 Montis
1317 2510 1452 2581 Mirteti,
1469 2510 1655 2573 salutemet
1672 2513 1846 2587 Apostoli-

197 2612 259 2672 dis.
283 2611 469 2672 Potestates
484 2612 605 2679 autem,
627 2609 781 2669 consules
796 2609 829 2669 et
842 2611 991 2669 rectores
1046 2623 1119 2669 cam
1134 2607 1411 2668 benedictionem.

197 2708 380 2779 civitatum,
408 2707 617 2781 aliorumque
642 2706 802 2776 locorum,
828 2721 991 2781 quocum·
1087 2707 1210 2765 Cuma
1235 2704 1331 2764 nobis
1356 2705 1479 2780 petitur
1492 2705 1579 2781 quod
1596 2706 1724 2783 justum
1743 2707 1795 2768 est
1809 2707 1846 2770 et

198 2821 262 2883 qne
283 2803 417 2865 nomine
439 2804 651 2873 censeantur,
668 2804 783 2878 jurent
804 2802 890 2878 quod
915 2802 991 2863 illas
1046 2802 1234 2873 honestum,
1250 2802 1317 2862 tam
1331 2802 1428 2876 vigor
1445 2802 1622 2878 aequitatis,
1638 2819 1736 2879 quam
1760 2804 1847 2865 ordo

197 2901 341 2962 fideliter
369 2898 606 2970 observabunt,
637 2897 736 2975 idque
767 2913 846 2959 suos
875 2900 992 2975 jnrare
1046 2900 1151 2974 exigit
1167 2898 1318 2969 rationis,
1336 2901 1372 2959 nt
1391 2898 1423 2958 id
1446 2914 1506 2975 per
1520 2900 1778 2962 sollicitudinem
1792 2901 1848 2961 or-

198 2997 324 3061 iaciant
333 3011 555 3067 successores,
571 2997 730 3072 ponentes
741 3011 798 3056 eas
808 2997 844 3056 in
859 2997 991 3059 statutis
1046 2995 1115 3056 licii
1127 2997 1233 3057 nostri
1246 2995 1287 3056 ad
1299 2995 1445 3056 debitum
1460 2996 1662 3072 perducatur
1673 2997 1844 3058 effectum.

199 3096 381 3168 civitatum,
408 3094 615 3170 aliorumque
636 3092 795 3166 locorum,
813 3094 890 3154 illas
914 3093 991 3155 inde
1046 3096 1095 3155 Ex
1115 3093 1343 3155 insinuatione
1357 3093 1490 3170 quidem
1504 3097 1615 3155 vestra
1630 3093 1726 3157 nobis
1739 3094 1848 3157 inno-

199 3209 407 3271 nequaquam
433 3193 468 3252 in
493 3193 660 3268 posterum
683 3191 837 3252 deleturi.
863 3192 998 3253 statuta
1046 3192 1126 3261 tuit,
1157 3191 1243 3267 quod
1270 3206 1344 3252 cum
1370 3190 1572 3253 venerabilis
1600 3190 1704 3253 111111
1728 3193 1848 3254 noster

198 3294 309 3353 omnia
324 3289 513 3351 communia
532 3291 565 3350 et
577 3288 794 3364 particularia
809 3289 896 3349 lacta
910 3305 993 3349 con·
1046 3288 1243 3363 Hugolinus,
1256 3289 1418 3350 Ostiensis
1433 3290 1466 3349 et
1477 3288 1695 3350 velletrensis
1708 3290 1848 3365 episco-

194 3392 251 3451 -tra
278 3387 437 3449 ecclesias
461 3386 494 3447 11
517 3385 780 3447 ecclesiasticam
805 3386 991 3447 libertatem
1046 3401 1119 3461 pus,
1141 3385 1175 3446 et
1198 3384 1311 3445 clerici
1331 3384 1493 3461 Nymphae
1517 3386 1681 3446 instanter
1695 3386 1848 3448 decimas

197 3487 329 3564 penitus
355 3484 522 3555 revocent,
546 3483 587 3544 de
612 3484 683 3543 suis
701 3483 992 3545 constitutionibus
1047 3482 1173 3543 avobis
1188 3482 1362 3557 exigerent
1385 3482 1426 3542 de
1445 3482 1711 3559 possessionibus
1725 3484 1849 3560 acqui-

198 3585 342 3654 deleant,
360 3583 393 3644 et
411 3598 462 3654 ea,
479 3581 532 3643 vel
545 3581 593 3642 eis
609 3580 733 3641 similia
742 3580 782 3641 de
792 3582 912 3643 caetero
924 3597 991 3643 non
1046 3579 1119 3641 sitis
1136 3586 1211 3656 post
1227 3579 1411 3640 Concilium
1432 3580 1600 3655 generale,
1623 3595 1762 3656 quarum
1778 3581 1848 3643 sibi
1881 3625 1885 3633 .

198 3680 381 3744 resumant.
424 3679 660 3740 Lateranensis
705 3693 836 3754 quoque
867 3680 991 3741 statuta
1046 3677 1159 3738 deberi
1175 3677 1320 3738 decimas
1335 3676 1609 3746 asserebant,vos
1621 3678 1670 3738 eis
1681 3677 1847 3754 quasdam

198 3778 351 3848 Concilii,
371 3778 405 3837 et
421 3774 676 3837 constitutiones
692 3790 712 3835 a
729 3773 836 3846 nobis,
856 3777 889 3836 et
901 3776 992 3851 leges
1046 3776 1274 3851 possessiones
1300 3773 1487 3835 contulistis
1506 3775 1539 3835 et
1560 3774 1775 3848 assignastis,
1801 3775 1847 3838 de

198 3876 240 3938 ab
268 3876 341 3951 ipso
367 3874 568 3948 imperatore
600 3869 776 3946 superbis
802 3872 907 3933 editas
927 3873 991 3933 ob·
1046 3870 1371 3948 quibusiniuturum
1387 3871 1596 3947 perciperent
1610 3871 1755 3931 decimas
1778 3888 1846 3933 su·

198 3973 343 4042 servent,
364 3969 397 4029 et
418 3971 533 4044 iurent
553 3969 588 4027 in
609 3968 777 4043 posterum
799 3968 990 4040 observare,
1047 3984 1106 4044 pra
1121 3968 1237 4033 dIctas,
1250 3967 1336 4043 quod
1350 3967 1414 4044 ipsi
1430 3969 1687 4043 acceptaverunt
1700 3972 1845 4044 gratan-

198 4083 343 4145 euosque
363 4068 482 4143 iurare
502 4064 628 4125 iaciant
650 4079 870 4126 successores.
886 4068 991 4128 Porro
1045 4067 1107 4136 ter,
1124 4062 1318 4124 subtractas.
1329 4064 1488 4139 praeteriti
1511 4065 1669 4140 temporis
1683 4062 1845 4127 'decimas

197 4165 374 4245 praedictos
397 4160 658 4238 quadringentos
673 4159 795 4221 milites
812 4161 847 4221 in
869 4163 990 4235 eundo,
1045 4160 1139 4222 vobis
1172 4159 1356 4221 liberaliter
1384 4160 1602 4222 remittentes.
1633 4162 1703 4222 Nos
1738 4162 1846 4237 igitur

197 4262 370 4330 morando,
402 4257 571 4320 redeundo
607 4256 668 4317 sub
699 4258 812 4319 nostra
843 4259 878 4320 et
916 4276 993 4336 spe-
1046 4258 1132 4335 quod
1148 4272 1249 4333 super
1274 4257 1337 4317 hoe
1356 4257 1411 4333 pie
1434 4270 1473 4316 ac
1494 4257 1631 4333 provide
1653 4256 1846 4322 factumest

197 4361 276 4423 ciali
310 4357 404 4420 Sedis
437 4353 635 4432 apostolicae
673 4355 877 4430 protectione
917 4372 993 4416 sus-
1047 4358 1155 4415 ratum
1181 4353 1353 4424 babentes,
1378 4352 1412 4414 id
1440 4352 1636 4415 auctoritate
1650 4356 1845 4430 apostolica

196 4458 338 4534 cipimus
353 4470 427 4515 eum
440 4452 593 4513 omnibus
605 4451 703 4511 bonis
724 4451 806 4511 suis.
824 4452 993 4529 iidemque
1046 4452 1292 4518 confirmamus,
1303 4452 1336 4511 et
1347 4451 1520 4526 praesentis
1529 4450 1644 4527 scripti
1655 4452 1845 4528 patrocinio

141 4546 146 4563 '
196 4551 476 4617 teneanturirein
487 4549 592 4625 ipsius
603 4548 813 4624 imperatoris
824 4550 990 4626 passagio,
1046 4547 1298 4609 communimus.
1314 4546 1407 4607 Nulli
1420 4562 1499 4622 ergo
1513 4549 1648 4608 omnino
1669 4549 1847 4613 hominum

198 4651 286 4731 qrrod
306 4648 347 4710 ab
367 4664 406 4708 eo
422 4648 579 4708 statutum
595 4647 656 4712 est,
672 4648 739 4706 eta
760 4649 909 4708 Romana
929 4649 993 4708 111-
1047 4647 1145 4706 liceat
1158 4645 1245 4705 banc
1265 4644 1420 4721 paginam
1436 4647 1559 4706 nostrae
1579 4646 1848 4711 confirmationis

198 4749 301 4812 clesia
340 4743 568 4822 approbatum.
606 4742 748 4818 Ideoque
778 4744 992 4806 universitati
1046 4744 1080 4804 et
1097 4742 1322 4804 concessionis
1345 4741 1539 4817 intringere,
1560 4742 1614 4804 vel
1630 4743 1763 4804 clausu
1783 4746 1843 4805 te-

197 4848 318 4910 111111
341 4858 400 4919 per
422 4839 612 4917 apostolica
641 4840 765 4915 scripta
795 4840 992 4901 mandamus
1046 4841 1190 4902 merario
1205 4839 1382 4899 contraire.
1398 4838 1433 4898 Si
1448 4840 1522 4914 quis
1537 4841 1648 4900 autem
1659 4840 1849 4903 bocatten-

199 4946 298 5021 atque
312 4939 534 5020 praecipimus,
550 4936 713 5013 qnatenus
721 4936 911 5013 supradicta
920 4954 993 4997 om·
1046 4941 1117 4998 tare
1149 4935 1415 5013 praesumpserit,
1443 4935 1706 5012 indignationem
1733 4941 1850 4999 omni·

199 5040 255 5104 nia
270 5056 331 5119 pro
344 5038 438 5115 parte
448 5036 560 5097 vestra
573 5034 772 5094 inconcussa
784 5035 935 5105 servetis,
952 5050 993 5096 ac
1047 5034 1188 5110 potentis
1215 5033 1286 5103 Dei,
1309 5034 1342 5093 et
1369 5031 1543 5093 beatorum
1569 5035 1661 5094 Petri
1685 5034 1719 5094 et
1745 5036 1848 5098 Pauli

198 5154 299 5216 super
313 5137 377 5198 hoc
395 5132 491 5195 nobis
509 5132 543 5194 ot
567 5130 761 5208 imperatori
776 5132 991 5206 111111111-
1047 5129 1273 5207 apostolorum
1300 5132 1384 5205 ejus,
1409 5144 1445 5189 se
1462 5130 1592 5191 noverit
1616 5130 1845 5194 incursurum.

198 5253 280 5307 rem,
315 5249 412 5312 quem
438 5229 532 5292 vobis
562 5226 834 5298 transmittimus,
864 5228 993 5289 vestras
1047 5231 1165 5289 Datum
1184 5228 1351 5297 Laterani,
1372 5228 1415 5287 VI
1437 5225 1512 5286 idus
1529 5228 1690 5303 januarii,
1707 5230 1849 5305 pontill-

199 5334 349 5416 patentes
364 5330 495 5393 litteras
507 5341 612 5404 usque
627 5324 668 5388 ad
686 5324 873 5401 proximam
884 5325 994 5387 Domi·
1051 5326 1144 5387 catus
1154 5324 1259 5385 nostri
1274 5338 1362 5384 anno
1375 5322 1561 5384 undecimo.
