3950 6200
267 249 328 320 6911
686 249 720 310 S.
747 247 922 311 ANTONII
954 247 1141 310 PADUANI
1171 248 1311 310 OPERA
1340 248 1487 309 OMNIA.
1844 259 1894 318 1011

268 414 320 478 θεῖ
338 411 380 478 ad
402 410 631 475 conhrsionem
652 408 803 486 inimioi;
827 408 861 472 et
876 407 952 470 ideo
975 408 1061 469 bene
1115 408 1301 485 latereeJus
1310 407 1505 485 repleamini
1516 410 1676 487 tanquam
1684 410 1891 490 palliaquila.

268 513 405 574 dicitur:
434 509 644 574 convertisti
669 508 846 583 penetrem
882 521 1000 569 mum
1024 509 1061 567 tit
1116 505 1194 584 quia
1213 505 1330 567 haedo
1347 522 1451 568 causa
1469 505 1531 568 sub
1553 507 1660 571 ubere
1674 509 1843 572 lanceatus
1855 517 1894 576 est

267 609 541 687 pertentaverint.
1116 603 1279 665 Christus.

309 705 512 769 Coiwctdtstt
544 718 683 765 saccum
703 717 831 764 aarum.
864 705 989 764 Saccus
1012 703 1062 764 θεῖ
1156 701 1248 771 Quod
1269 699 1315 762 ibi
1336 701 1459 765 dicitur
1473 724 1481 763 ε
1497 706 1651 779 Propter
1670 720 1800 767 norwit
1815 709 1893 770 tuum

268 802 401 868 habitus
417 801 580 872 laborum,
592 803 625 862 et
639 799 795 872 tristitiae,
803 802 836 860 et
844 799 1059 877 poeuitentiae,
1116 802 1261 862 deduces
1279 814 1346 872 nte,
1370 805 1424 862 vet
1446 804 1521 863 duc
1538 806 1625 864 irriti
1642 807 1727 874 eris,
1754 803 1812 865 hic
1831 805 1894 868 dieii

270 917 334 979 quo
354 900 403 962 uti
425 898 582 962 dehemus
601 897 664 958 hoc
683 898 831 974 tempore
845 896 1013 972 dolorum3
1030 901 1063 958 θῖ
1117 897 1306 974 Propheta:
1323 913 1342 958 s
1357 900 1481 959 Ducam
1496 899 1531 959 in
1547 900 1774 962 solitudinem.
1787 919 1808 961 s
1819 904 1892 965 Unde

268 999 316 1062 ita
331 997 510 1062 induemur
524 995 653 1067 laetitia,
671 994 758 1057 idest
778 995 978 1057 vestimento
993 995 1061 1057 im·
1115 994 1177 1057 Job
1193 993 1258 1072 (39,
1274 995 1315 1055 29
1327 998 1359 1056 et
1373 994 1426 1074 30)
1442 1017 1449 1055 :
1465 1013 1483 1056 s
1498 997 1593 1058 Oculi
1607 999 1729 1075 aquilas
1744 1000 1892 1076 aspiciunt

267 1095 493 1160 mortalitatis.
518 1092 612 1155 Unde
634 1092 732 1153 isaiae
755 1090 819 1178 (532,
841 1091 873 1170 l)
897 1113 905 1152 ε
928 1107 946 1151 e
969 1093 1060 1154 Con·
1117 1091 1891 1172 alonget5)etpulliejuslamhenisanguinem.›

268 1209 380 1269 surge,
403 1207 580 1268 consurge,
608 1191 748 1251 induere
770 1189 964 1252 tortitudine
990 1191 1060 1261 tua,
1115 1189 1257 1265 elonga
1272 1189 1430 1252 dehemus
1445 1192 1608 1269 aspicere,
1625 1195 1661 1255 ut
1681 1208 1749 1255 non
1770 1194 1891 1272 ligamus

271 1291 369 1366 Sion3
386 1307 405 1351 a
420 1290 515 1366 quasi
531 1281 620 1350 dicat
643 1310 651 1348 ε
673 1289 845 1363 consurge
866 1303 996 1349 mecum
1020 1287 1061 1349 ad

268 1388 428 1458 lahorem,
443 1387 476 1448 et
490 1386 643 1463 praelium
658 1386 774 1446 contra
787 1385 952 1460 inimicos,
964 1400 1063 1444 mun-

269 1485 357 1557 dum,
374 1499 521 1554 carnem,
539 1484 572 1545 et
582 1481 763 1544 diabolum.
775 1482 917 1544 Induere
929 1497 1059 1543 mecum

270 1596 380 1654 sacco,
397 1581 431 1642 et
440 1579 647 1655 tortitudine,
668 1581 753 1642 idest
771 1580 850 1642 lorti
873 1581 1060 1652 armatura,

269 1693 369 1757 quam
392 1677 488 1739 docet
507 1677 686 1755 Apostolus
703 1699 711 1738 z
733 1680 929 1739 induimini
939 1681 1061 1739 limni-

268 1778 486 1838 namtarum
497 1772 744 1853 certatuml).
760 1775 853 1848 Quod
873 1774 901 1835 si
916 1775 964 1836 ita
980 1790 1063 1836 cou-

270 1873 471 1942 surrexeris,
484 1873 516 1934 et
525 1872 664 1934 indutus
674 1872 792 1945 fueris,
816 1873 857 1933 de
878 1872 964 1935 bello
980 1889 1063 1935 cou-

269 1987 387 2048 surges
397 1971 438 2032 ad
452 1970 638 2048 praemium,
647 1969 688 2032 de
700 1970 838 2031 miseria
851 1969 892 2031 ad
904 1970 1060 2046 gloriam,

268 2071 302 2130 θῖ
313 2068 465 2130 indueris
479 2067 685 2130 heatitudine
695 2067 968 2131 immortalitatis.

556 2327 696 2388 SERMO
718 2326 770 2387 LI.

267 2473 392 2545 Qualiter
412 2475 489 2531 Deus
503 2480 600 2531 noster
619 2479 784 2544 tatastat
802 2472 876 2544 dnx;
896 2481 925 2531 et
941 2471 1062 2545 qualiter

302 2578 356 2621 nos
370 2563 466 2634 iactat,
488 2570 518 2620 et
536 2561 572 2619 ad
591 2576 641 2620 cor
661 2577 713 2636 per
726 2563 999 2636 conwmplationem
1016 2562 1059 2620 lo·

303 2653 407 2726 quitur.

267 2795 421 2869 Propter
431 2805 557 2855 uomet
569 2792 668 2854 titum
679 2796 823 2855 αθααθθε
836 2808 903 2865 nte,
920 2799 974 2857 oet
987 2798 1062 2856 due

306 2893 474 3067 {rsstsitglegtoe
485 2888 615 3067 (gam
628 2888 744 2952 littera
757 2908 768 2950 .·
779 2891 814 2951 et
825 2892 981 2955 caninas
993 2906 1059 2954 me.

306 3145 344 3204 In
364 3140 417 3202 his
432 3116 543 3202 verbis
557 3133 693 3216 'semper
707 3140 783 3202 orat
797 3140 956 3214 Ecclesia,
978 3157 1060 3219 spe-

268 3255 347 3303 rans
372 3254 409 3301 se
434 3236 624 3300 habituram
646 3237 821 3299 Dominum
846 3237 975 3301 ducem.
1002 3240 1059 3301 si-

1116 1287 1249 1350 oculum
1272 1288 1308 1350 in
1333 1289 1487 1362 terrenis,
1514 1290 1582 1352 imo
1607 1291 1644 1352 iu
1668 1293 1891 1369 superioribus,

1115 1385 1202 1448 idest
1223 1386 1258 1446 in
1282 1385 1484 1462 coelestihus,
1505 1387 1689 1450 lambentes
1713 1392 1892 1466 sanguinein

1117 1483 1260 1546 Domini.
1281 1485 1322 1546 Et
1345 1485 1435 1557 uota,
1460 1485 1547 1562 quod
1566 1487 1602 1547 iu
1623 1487 1688 1549 hoc
1708 1488 1813 1549 verbo
1825 1488 1892 1549 lan-

1116 1581 1210 1654 buut,
1245 1583 1297 1643 est
1329 1581 1484 1655 aviditas,
1521 1584 1555 1646 et
1588 1584 1777 1658 delectatio,
1813 1603 1891 1664 quan

1116 1679 1224 1744 sancti
1238 1677 1362 1741 bahent
1375 1680 1602 1756 recogitando,
1621 1683 1655 1743 et
1673 1682 1833 1745 imitando
1845 1699 1891 1760 pm

1116 1792 1215 1853 posse
1243 1792 1304 1839 suo
1330 1778 1519 1854 passionem
1547 1778 1682 1841 Christi.
1717 1780 1812 1842 Unde
1839 1782 1892 1841 ulia

1117 1874 1229 1936 littera
1243 1873 1344 1937 habet
1356 1873 1404 1955 (6)
1417 1892 1425 1936 :
1442 1893 1461 1936 r
1476 1876 1565 1938 Pulli
1579 1879 1653 1953 ejus
1667 1878 1891 1939 volutanturin

1117 1972 1290 2049 sanguine.
1306 1975 1387 2034 »Ita
1401 1974 1496 2036 tincti
1513 1989 1587 2036 esse
1606 1974 1776 2049 debemus,
1794 1976 1827 2037 ut
1839 1979 1891 2037 lota

1116 2071 1231 2131 nostra
1257 2071 1467 2133 conversatio
1502 2073 1637 2135 resonet
1669 2073 1817 2150 passioni
1840 2076 1891 2134 lto-

1117 2167 1210 2242 mini,
1225 2168 1304 2247 quia
1319 2167 1414 2229 nohis
1430 2169 1628 2245 sanguinem
1643 2171 1831 2248 propinavit
1843 2187 1890 2231 ex·

1115 2266 1167 2325 tra
1183 2265 1350 2346 civitatem
1365 2267 1400 2326 in
1421 2267 1532 2328 monte
1553 2267 1727 2329 Calrariae.
1745 2270 1794 2330 lta
1814 2284 1890 2330 mor-

1115 2360 1204 2434 tuus,
1218 2362 1253 2421 et
1270 2361 1451 2423 crucifixus
1474 2363 1569 2426 extra
1595 2361 1766 2425 civitatem
1787 2379 1890 2440 passus

1115 2458 1167 2517 θεῖ
1184 2472 1244 2535 pro
1262 2456 1373 2533 nohis3
1393 2457 1481 2520 unde
1501 2459 1679 2536 Apostolus
1695 2458 1743 2540 (7)
1759 2481 1767 2521 :
1784 2464 1888 2522 Paea-

1114 2570 1194 2616 mus
1206 2557 1312 2617 caetra
1323 2557 1500 2618 civitatem
1511 2555 1571 2637 (8),
1586 2558 1682 2635 quasi
1695 2558 1784 2619 dicat
1794 2575 1802 2618 :
1814 2558 1889 2619 Sicut

1116 2653 1211 2714 extra
1234 2653 1404 2716 civitatem
1430 2668 1549 2731 passus
1570 2657 1621 2718 θεῖ
1641 2671 1703 2732 pro
1727 2655 1830 2728 nohis,
1853 2657 1889 2715 ita

1115 2765 1175 2827 pro
1188 2764 1228 2811 eo
1242 2750 1471 2829 relinquamus
1485 2752 1601 2813 muudi
1613 2753 1760 2826 divitias,
1776 2769 1889 2815 exeun·

1115 2848 1165 2909 tes
1188 2847 1224 2908 in
1246 2849 1401 2920 montem,
1422 2848 1509 2911 idest
1527 2849 1563 2910 in
1583 2850 1796 2912 eminentiam
1813 2851 1888 2910 rita.

1116 2945 1156 3006 Et
1168 2946 1305 3021 propter
1321 2945 1385 3006 hoc
1403 2945 1490 3022 quod
1507 2946 1598 3019 dicit,
1615 2947 1793 3019 Cauarae,
1809 2947 1890 3008 docet

1115 3057 1177 3104 uos
1201 3040 1288 3120 quod
1313 3042 1417 3104 simus
1441 3043 1540 3124 cairi,
1563 3043 1618 3106 rel
1640 3043 1703 3106 filii
1725 3044 1888 3107 calvorum.

1116 3139 1315 3217 Praecipitur
1329 3141 1419 3201 enim
1441 3142 1476 3202 iu
1491 3142 1648 3203 Numeris
1663 3141 1707 3223 (8,
1723 3140 1768 3220 7),
1783 3144 1817 3204 ut
1832 3144 1889 3202 Le·

1114 3237 1192 3303 titae
1216 3236 1336 3299 radant
1359 3237 1445 3315 pilos
1469 3239 1581 3301 carnis
1604 3255 1674 3301 suae
1695 3262 1703 3300 :
1728 3243 1767 3301 111
1784 3241 1817 3300 iu
1836 3239 1889 3298 hoc

265 3332 846 3414 milehabeturosee(2,14)1«Ecoe
858 3351 920 3413 ego
930 3336 1060 3399 lactabo
1115 3333 1210 3396 uobis
1225 3334 1429 3412 praecipitur,
1446 3337 1483 3398 ut
1502 3336 1662 3415 quidquid
1682 3340 1733 3399 est
1752 3338 1785 3398 in
1805 3335 1888 3397 nobis

264 3452 350 3508 eam,
367 3436 400 3497 et
412 3434 531 3495 ducam
545 3433 581 3494 in
593 3432 818 3506 solitudinem,
839 3434 873 3495 et
886 3435 1006 3511 loquar
1018 3434 1059 3496 ad
1115 3433 1293 3504 mortuum,
1309 3432 1477 3494 radamus.
1494 3433 1645 3496 Christus
1660 3434 1816 3511 siquidem
1829 3432 1889 3494 cal·

266 3548 325 3596 cor
336 3535 419 3609 ejus.
435 3549 454 3591 s
469 3529 560 3603 Quod
581 3530 629 3593 ihi
644 3530 724 3592 dicit
743 3530 944 3593 psalmista:
962 3535 1061 3593 Ertu-
1114 3545 1176 3590 vus
1193 3528 1265 3602 luit,
1282 3530 1340 3607 qui
1353 3545 1416 3591 nec
1431 3530 1578 3593 radicem
1599 3531 1752 3609 pilorum,
1768 3547 1824 3593 nec
1835 3546 1888 3592 ca-

266 3632 352 3693 triae
368 3645 435 3701 me,
460 3628 515 3690 hic
539 3627 706 3705 Propheta
725 3648 733 3687 :
755 3627 898 3691 Lactabo
913 3644 998 3691 eam.
1022 3631 1061 3692 Εῖ
1115 3625 1213 3703 pillos
1227 3626 1355 3697 habuit,
1371 3626 1459 3689 idest
1476 3642 1539 3689 nec
1560 3630 1707 3705 peccata,
1724 3645 1782 3690 nec
1798 3627 1884 3689 lomi·

265 3728 345 3805 quia
358 3741 479 3789 nomen
491 3725 623 3788 Domini
636 3727 688 3787 θεῖ
701 3725 910 3798 admirabile,
927 3726 968 3787 ad
983 3742 1060 3788 eum
1114 3724 1181 3785 tem
1196 3724 1335 3800 peccati.
1350 3725 1414 3786 Sed
1427 3725 1490 3786 hoc
1502 3740 1576 3787 esse
1590 3727 1778 3804 nequimus;
1792 3728 1886 3788 umen

265 3826 424 3902 unquam
434 3823 476 3884 ad
488 3838 559 3883 rem
571 3822 802 3884 admirabilem
813 3824 949 3899 excitat,
961 3826 994 3885 et
1006 3840 1062 3885 ro-
1115 3820 1212 3898 pilos,
1228 3821 1315 3884 idest
1328 3823 1438 3883 motus
1458 3822 1611 3884 carnales
1625 3823 1826 3901 reprimendo
1837 3836 1885 3882 ra·

267 3925 392 3984 catnos
405 3920 571 3997 Propheta
582 3919 696 3980 dicens
708 3941 716 3979 ε
728 3936 747 3980 a
757 3921 841 3982 Ecce
854 3936 915 3997 ego
928 3921 1060 3985 lactabo
1115 3918 1243 3991 damus,
1260 3920 1292 3981 et
1305 3919 1353 3980 ita
1368 3919 1472 3980 simus
1488 3919 1550 3981 lilii
1564 3920 1664 3995 calvi,
1684 3921 1770 3983 idest
1786 3919 1882 3981 imita·

266 4035 352 4083 eam.
365 4019 469 4079 »Nou
481 4018 533 4078 est
546 4016 677 4089 mirum,
692 4016 749 4078 sed
761 4018 926 4090 naturale,
943 4019 979 4080 ut
994 4034 1061 4081 ma·
1114 4018 1203 4078 tores
1219 4016 1353 4078 Christi.
1369 4018 1520 4080 Mortuus
1534 4017 1636 4079 etiam
1648 4017 1713 4080 hoc
1727 4017 1814 4081 nohis
1824 4029 1885 4093 pro

265 4118 317 4180 ter
330 4115 431 4177 lactet
443 4113 629 4191 parvulum.
646 4113 710 4175 Sed
725 4113 812 4192 quod
832 4117 928 4192 pater
945 4115 1058 4192 lactet,
1114 4112 1253 4190 pinarit,
1278 4115 1316 4175 ut
1331 4114 1454 4175 mundo
1475 4114 1660 4176 moriamur
1678 4136 1686 4176 :
1710 4113 1884 4181 mucffixua

265 4215 386 4275 mirum
396 4213 455 4284 est,
469 4209 725 4288 etadmirahile3
740 4213 774 4274 et
784 4211 858 4273 ideo
869 4211 1057 4275 dicitOsee:
1114 4211 1225 4273 uiuos
1241 4209 1476 4287 crucifigamur
1490 4211 1593 4284 vitiis,
1610 4213 1644 4274 et
1665 4212 1884 4289 coucupiscen-

264 4316 363 4374 Ecce.
376 4310 460 4383 Quia
469 4323 549 4370 vero
560 4324 628 4369 non
639 4323 772 4370 eramus
782 4309 875 4385 digni
885 4309 1059 4373 comedere
1112 4307 1182 4379 tiis,
1197 4311 1233 4369 ut
1247 4308 1359 4369 dicere
1373 4308 1540 4386 possimus
1554 4309 1642 4371 sicut
1657 4310 1780 4371 Paulus
1793 4331 1800 4369 :
1812 4306 1885 4369 Mitt

265 4408 407 4471 solidum
421 4406 532 4469 cibum
549 4406 764 4483 Angelorum,
784 4423 844 4485 per
862 4406 1059 4470 misericor·
1113 4407 1263 4467 mundus
1280 4406 1472 4477 cratim<
1490 4405 1554 4481 est,
1575 4406 1610 4468 et
1627 4421 1691 4483 epo
1704 4401 1883 4481 miradola).

265 4506 354 4567 diam
379 4504 559 4581 assumpsit
586 4503 692 4565 Pilius
726 4504 787 4565 Dei
823 4520 971 4577 carnem,
1000 4521 1060 4582 per
1114 4504 1265 4565 Mortuus
1278 4503 1328 4564 est
1340 4502 1434 4574 mihi,
1450 4504 1484 4565 et
1495 4518 1557 4580 ego
1569 4503 1613 4564 ei.
1627 4504 1732 4566 Vivus
1744 4502 1885 4581 siquidem

265 4617 364 4681 quam
387 4600 538 4662 eumdem
560 4599 670 4663 cibum
690 4601 875 4679 traJicieus,
891 4601 987 4664 nohis
1007 4602 1059 4664 lac
1114 4597 1404 4672 abominatIonem
1446 4602 1480 4662 et
1520 4598 1695 4662 horrorem
1734 4600 1825 4662 habet
1856 4595 1883 4655 si

265 4713 335 4759 suae
356 4695 556 4772 cognitionis
576 4696 774 4774 propinavit.
800 4699 847 4758 De
869 4698 933 4760 isto
957 4697 1059 4760 ubere
1114 4698 1244 4774 quando
1258 4698 1374 4773 tangat
1389 4698 1571 4773 mortuum;
1592 4700 1625 4761 et
1639 4698 1686 4759 ita
1700 4696 1883 4759 saeculariter

265 4794 371 4857 isaias
386 4794 525 4870 loquens
544 4792 585 4854 de
598 4793 785 4856 Jerusalem
801 4792 866 4873 (66,
882 4797 921 4856 10
935 4797 968 4858 θῖ
983 4793 1035 4876 11)
1049 4818 1057 4856 :
1113 4795 1230 4856 virens
1245 4794 1355 4866 homo,
1372 4794 1428 4871 qui
1450 4810 1516 4856 non
1531 4796 1583 4857 θεῖ
1605 4798 1755 4856 mortuus
1768 4791 1879 4858 mundo.

264 4891 446 4957 «Gaudete
461 4890 495 4955 iu
511 4888 558 4970 (3)
575 4906 615 4953 ea
630 4891 792 4964 universi,
806 4891 863 4968 qui
876 4892 1009 4968 lugetis,
1024 4894 1061 4956 ut
1113 4907 1175 4953 nec
1190 4891 1370 4952 crucifixus
1389 4891 1492 4966 vitiis,
1515 4890 1615 4954 hahet
1639 4891 1805 4954 horrorem
1821 4901 1880 4950 com

264 4989 403 5068 sugatis,
419 4990 453 5050 et
469 4988 666 5065 repleamini
687 4987 728 5049 ab
743 4986 844 5048 ubere
865 4986 912 5068 (4)
933 4992 1023 5066 θ]ιιε;
1039 5007 1058 5051 »
1113 4988 1205 5051 videt
1213 4988 1420 5064 religiosum.
1433 4988 1527 5049 Unde
1536 4988 1760 5051 Ecclesiastici
1771 4988 1809 5067 (l,
1819 4983 1878 5060 itt:

264 5087 350 5149 idest
364 5085 406 5148 ah
425 5084 629 5147 abundantia
650 5085 826 5160 sanguinis
845 5084 1058 5150 detinentisa
1112 5086 1317 5148 ‹Execratio
1331 5085 1511 5163 peccatori,
1523 5085 1655 5147 cultura
1665 5087 1738 5147 Dei.
1750 5082 1878 5145 »Eodem

301 5223 557 5296 (l)lloin.13,ll.
815 5293 821 5304 .
1148 5226 1188 5298 (6)
1208 5225 1270 5283 Alia
1286 5224 1377 5283 littera
1397 5224 1493 5294 habel,
1516 5233 1571 5283 etc.
1593 5226 1695 5283 versio
1714 5238 1799 5299 grace
1817 5217 1875 5277 th

265 5293 843 5492 8.(Ξῖῃὲῖιθιὲ1ηὲὢξ111θεθοσὶθιῖιέηξῖῶιιονὲθ
857 5292 934 5353 huuc
947 5294 1014 5368 loc,
1030 5305 1058 5355 et
1112 5296 1199 5438 legiis
1212 5296 1369 5436 ggllhejsss’
1381 5303 1611 5424 consperguntur
1625 5297 1807 5370 insanguine.

313 5437 342 5574 ἓξ
363 5434 701 5576 νὲἱὲἶὲῗθξῖῃεοωῑίοθίε.
722 5575 728 5587 .
749 5576 755 5588 ι
1148 5438 1189 5577 &3
1209 5437 1435 5577 gglff'ii‚⁰?if.tra'

300 5576 340 5645 (ὅ)
361 5574 445 5645 vulg.
459 5592 465 5630 :
481 5573 517 5631 dc
531 5575 617 5647 longe
633 5584 817 5647 prospiciunt.
