3950 6200
48 310 102 369 785
426 302 534 371 PARS
565 307 711 370 PRIMA.
726 336 768 352 -
785 309 1006 370 EXPOSITIO
1034 309 1080 370 IN
1107 310 1311 372 PSALMOS.
1634 313 1695 381 786

48 468 139 533 stella
153 467 265 529 maris
284 466 534 545 interpretatur,
547 483 633 546 quae,
648 466 795 545 inquam,
808 467 843 530 in
898 468 970 529 teat
997 467 1215 546 corruptioni.
1238 468 1334 539 Vide,
1355 483 1397 530 ne
1424 483 1522 546 geras
1545 468 1696 534 libellum

48 568 105 628 hee
127 565 220 626 mari
241 580 374 642 magne,
396 564 480 626 idest
502 563 538 625 iu
558 564 680 626 munde
704 579 845 626 eonver-
897 564 1042 641 repudii,
1059 566 1115 642 qui
1136 565 1193 635 dat
1211 566 1437 628 testimonium
1457 567 1573 629 eontra
1595 571 1629 630 te
1653 569 1695 631 de

51 666 157 725 santes
183 678 251 738 per
280 661 359 723 boni
392 662 536 739 exempli
558 662 844 744 conversationem
898 660 1052 723 omnibus
1074 661 1277 745 foeditatibus
1309 664 1396 738 tuis;
1427 664 1575 742 quandiu
1604 666 1694 727 enim

50 759 238 832 illuminat;
252 758 340 821 uude
353 759 578 821 Ecclesiastici
591 758 655 837 (26,
671 757 724 838 22)
735 779 743 818 z
755 774 773 818 t
783 759 845 820 Lu·
898 773 994 834 geres
1009 758 1110 821 talem
1124 759 1286 833 libellum,
1306 776 1371 822 nen
1385 762 1509 839 peteris
1522 777 1595 823 esse
1607 764 1694 825 ami·-

51 872 143 918 cerna
158 856 348 932 splendens
370 872 470 933 super
489 855 725 918 caudelabrum
746 871 845 916 sano-
899 852 1092 931 cussponsi.

46 958 118 1024 tum,
132 953 263 1016 »idest
282 954 404 1015 mulier
424 953 511 1015 bena
532 953 567 1013 in
582 952 744 1015 Ecclesia.
760 954 844 1014 Eece
937 954 1028 1013 Audi
1041 967 1121 1028 ergo
1137 953 1221 1026 litte,
1238 956 1271 1016 et
1283 956 1371 1016 etde.
1392 954 1432 1015 Et
1451 954 1529 1031 quid
1544 953 1695 1017 videbitl

47 1049 135 1112 stella
159 1051 290 1127 maris3
314 1053 348 1112 et
367 1053 441 1128 pest
461 1050 613 1128 sequitur
628 1067 636 1105 :
653 1051 693 1111 nt
714 1049 843 1127 species
899 1047 982 1108 Illud
998 1048 1138 1123 scilieet,
1153 1049 1240 1129 quod
1255 1049 1339 1113 vidit
1351 1050 1471 1113 Esther
1485 1070 1492 1111 :
1506 1051 1592 1113 vidit
1602 1052 1694 1113 enim

47 1148 135 1210 faciei
161 1150 247 1224 ejus
271 1164 371 1226 super
405 1148 536 1210 aetatem
567 1147 732 1209 stabilem.
761 1148 844 1208 Ecce
898 1145 1042 1223 speciem
1061 1146 1210 1215 Assueri,
1229 1148 1262 1208 et
1283 1145 1370 1209 iacta
1392 1148 1443 1209 est
1461 1149 1556 1224 quasi
1572 1148 1693 1210 exani-

45 1260 130 1307 sorer
141 1244 289 1307 Christi.
306 1246 425 1306 Frater
442 1244 532 1307 enim
551 1247 585 1306 et
601 1259 698 1306 soror
717 1243 844 1306 similes
899 1242 973 1314 mis,
986 1242 1020 1303 et
1029 1241 1114 1304 dixit
1125 1243 1269 1305 :evideo
1281 1242 1329 1323 (3)
1340 1243 1434 1321 quasi
1445 1245 1607 1323 Angelum
1615 1245 1697 1325 Dei,

46 1341 156 1403 debent
170 1356 276 1416 esse;
293 1343 326 1403 et
347 1342 418 1412 illa,
431 1342 579 1419 iuquam,
597 1341 725 1419 species
745 1340 844 1401 faciei
898 1342 931 1401 et
945 1339 1175 1401 conturbatum
1190 1343 1242 1403 est
1253 1356 1427 1402 cormeum
1442 1356 1511 1418 praa
1526 1341 1690 1419 magnitu-

45 1439 179 1507 Ilomini,
198 1455 281 1516 quae
291 1437 411 1500 similis
424 1439 517 1500 estei
530 1438 565 1499 in
577 1438 751 1499 honestate
764 1452 845 1498 eou-
898 1436 976 1497 dine
997 1434 1043 1516 (4)
1057 1436 1173 1512 gloriae
1187 1439 1263 1499 tuae.
1287 1437 1391 1499 Valde
1416 1437 1505 1499 euim
1531 1436 1694 1498 mirabilis

45 1535 258 1606 versationis
271 1536 307 1596 ut
326 1536 371 1596 sit
388 1535 484 1613 quusi
504 1534 642 1596 lucerna
665 1533 843 1612 splendens
898 1548 945 1603 es,
957 1534 990 1595 et
1004 1533 1108 1595 facies
1121 1535 1179 1596 tua
1189 1534 1288 1611 plena
1298 1536 1349 1597 est
1357 1535 1543 1611 gratiarum
1554 1531 1640 1613 »(5).
1653 1534 1694 1596 Et

48 1647 137 1708 super
144 1632 410 1704 candelabrum,
423 1631 617 1693 illuminaus
630 1647 744 1693 omnes
758 1630 845 1693 exis·
898 1629 983 1693 dixit
998 1631 1029 1692 ei
1050 1646 1133 1693 ren:
1150 1636 1288 1704 Accede,
1313 1633 1348 1692 et
1374 1632 1476 1709 tanae
1498 1631 1686 1706 sceptrum.

48 1728 844 1809 tentesind0m03etsieeritspeciesiacieisuper
897 1731 1073 1801 assuerus,
1122 1728 1179 1806 qui
1217 1728 1456 1804 interpretatur
1500 1726 1689 1807 beatitudo,

49 1828 169 1887 aetntem
183 1825 358 1887 stabilem.
376 1827 452 1888 Vita
468 1825 610 1897 stabilis,
622 1827 691 1888 vita
706 1826 841 1898 aeterna,
898 1825 1064 1888 Christum
1073 1825 1250 1902 signifieat,
1264 1825 1321 1903 qui
1333 1827 1479 1887 animam
1490 1825 1525 1885 in
1534 1824 1588 1885 his
1599 1839 1695 1884 mun·
1708 1819 1713 1829 ’

49 1938 193 1999 quaeneu
205 1923 339 1997 defluit,
356 1924 444 1986 sicut
461 1923 530 1985 vita
550 1923 754 2002 temperatis,
771 1939 843 2001 quae
898 1922 995 1984 danis
1018 1923 1242 1984 exanimatam
1267 1923 1386 2000 diligit,
1411 1925 1443 1985 et
1468 1923 1499 1984 ei
1526 1922 1694 1999 sceptrum

50 2019 148 2081 labilis
162 2024 232 2082 est.
898 2021 993 2096 regni
1018 2019 1191 2097 promittit.
1206 2020 1291 2082 Hinc
1305 2019 1457 2096 estquod
1476 2017 1592 2093 Jacob,
1608 2018 1695 2080 sieut

80 2117 178 2194 Aperi
194 2116 843 2197 mihiamicamea,quasicustoscordis
897 2116 1024 2192 legitur
1038 2117 1073 2177 in
1090 2116 1211 2178 Genesi
1236 2114 1299 2196 (27,
1322 2114 1387 2195 46),
1415 2115 1524 2178 noluit
1540 2115 1694 2191 accipere

50 2214 116 2286 nei,
128 2215 184 2293 qui
196 2216 516 2292 sumamicustuus;
531 2213 844 2277 undeinParabelis
898 2229 1037 2275 uxorem
1052 2214 1094 2275 de
1108 2213 1241 2276 filiabus
1267 2213 1365 2285 Heth,
1384 2213 1470 2289 quod
1491 2213 1694 2291 interpreta-

50 2311 844 2392 in.tine(31,11):confiditineaeorvirisuizcor
898 2311 1151 2388 turrimque
1177 2309 1328 2372 Christus
1352 2310 1503 2371 mortuus
1527 2323 1596 2370 non
1621 2306 1694 2371 vult

50 2410 127 2470 enim
141 2410 278 2472 Christi
293 2410 429 2472 contidit
442 2411 479 2471 in
498 2411 606 2472 amica
620 2426 697 2487 sua,
714 2412 747 2472 et
760 2424 842 2485 spe·
897 2408 962 2469 sibi
991 2407 1150 2484 conjungi
1182 2406 1329 2469 animam
1365 2407 1532 2468 viventem
1559 2406 1596 2466 in
1625 2404 1688 2466 hee

52 2506 175 2569 liisnen
191 2506 374 2583 indigebit.
394 2506 544 2577 Prudens
557 2508 720 2585 siquidem
735 2506 843 2568 amica
897 2504 1031 2577 mundo,
1047 2502 1106 2566 sed
1125 2504 1197 2581 ipse
1216 2505 1365 2566 mortuus
1387 2502 1596 2565 consimilem
1624 2501 1690 2562 sihi

51 2605 183 2667 sollicita
209 2606 277 2677 est,
308 2606 345 2666 ut
369 2603 472 2668 iaciat
496 2604 603 2667 amice
628 2619 688 2667 suo
711 2605 840 2679 vestes;
897 2600 1027 2679 quaerit,
1048 2601 1177 2663 scilicet
1198 2602 1363 2664 mortuam
1387 2600 1521 2674 mundo,
1543 2597 1690 2670 diabole,

52 2702 126 2763 unde
144 2702 330 2780 sequitur:
347 2702 507 2773 Quaesivit
527 2702 653 2776 lanam,
670 2702 703 2764 et
724 2701 840 2763 linum.
896 2699 928 2761 et
942 2697 1046 2759 carni.
1063 2698 1159 2760 Unde
1176 2697 1212 2759 in
1226 2698 1375 2760 Levitico
1391 2695 1455 2777 (21,
1478 2695 1542 2777 15),
1566 2694 1622 2757 ubi
1642 2694 1693 2757 le-

51 2799 179 2861 lalana
207 2814 316 2876 opera
350 2800 562 2871 innocentiae,
592 2799 626 2861 et
646 2798 842 2876 simplicitas
896 2796 986 2871 gitur
1000 2795 1041 2857 de
1052 2794 1208 2874 conjugio
1218 2794 1401 2859 sacerdotis
1415 2792 1534 2874 (Levit.
1550 2790 1690 2871 21,15):

51 2896 350 2972 significanturzlu
364 2896 435 2971 lino
452 2897 578 2959 eander
592 2897 766 2959 castitatis.
783 2895 842 2957 His
896 2895 976 2954 Non
1023 2893 1243 2975 cemmtsceet
1280 2893 1428 2966 stirpem
1463 2894 1604 2968 pencris
1637 2892 1694 2952 sut
1797 2970 1812 2991 l

50 2994 188 3056 vestibus
217 2994 345 3071 gaudet
366 3010 402 3056 se
427 2994 521 3056 indui
537 2994 677 3067 ¹amicus
699 3009 840 3071 sponsae,
897 2996 997 3066 culpe
1009 2991 1124 3065 peritis
1133 3005 1217 3052 suoe.
1232 2991 1420 3073 Generosos
1432 2989 1565 3066 quidem
1579 2990 1691 3066 Spen-

51 3107 121 3168 quas
133 3092 282 3169 operata
297 3090 347 3151 est
361 3090 503 3153 consilio
518 3107 675 3152 manuum
689 3106 840 3163 suarum3
899 3104 955 3149 sus
967 3103 1164 3164 generosam
1178 3087 1251 3150 vult
1264 3085 1389 3149 habere
1406 3088 1569 3164 Sponsam
1583 3108 1590 3146 :
1606 3100 1693 3146 mer·

51 3190 135 3264 quasi
156 3189 255 3250 dieat
272 3187 386 3250 :Nihil
410 3188 563 3251 interfuit
590 3187 730 3250 consilio
757 3190 841 3263 ejus,
897 3185 975 3245 tuus
998 3186 1051 3246 est
1069 3183 1203 3255 mundo,
1231 3184 1266 3244 et
1284 3187 1448 3244 mortuam
1474 3180 1598 3242 munde
1626 3179 1691 3240 sihi

52 3286 107 3346 uisi
128 3302 202 3359 cer,
229 3287 265 3347 et
285 3300 417 3358 manus,
442 3286 478 3347 ut
499 3284 585 3361 qued
613 3283 736 3350 bonum
759 3284 841 3359 erat,
897 3281 969 3346 uult
983 3279 1154 3357 conjungi.
1174 3279 1332 3364 Sequitur
1348 3301 1356 3341 ε
1371 3279 1417 3340 nt
1429 3282 1556 3341 inclina
1569 3291 1694 3339 aierem

50 3381 166 3460 inopus
180 3381 396 3462 produceret,
404 3397 470 3444 nen
479 3398 632 3460 quaerens
643 3382 843 3444 exteriorem
899 3379 1006 3449 leem,
1024 3392 1083 3454 per
1099 3375 1326 3451 obedentiam
1343 3375 1430 3437 unde
1444 3375 1619 3438 Salomon:
1632 3375 1693 3435 Vir

51 3479 217 3553 honorem,
234 3479 423 3541 imosolum
438 3496 555 3541 manus
574 3479 615 3542 ad
637 3479 842 3556 operandum
898 3478 1054 3540 obediens
1086 3474 1244 3548 coquetur
1271 3473 1457 3535 victoriam
1486 3469 1604 3552 (Prev.
1636 3470 1688 3543 21,

50 3575 163 3639 bouum
179 3579 382 3654 conceptum
396 3577 432 3638 in
446 3578 567 3639 mente.
581 3579 683 3655 Aperi
694 3576 777 3638 mihi
791 3593 843 3638 co·
896 3570 962 3653 28).
1518 3651 1521 3658 Ι

49 3673 154 3736 lumba
169 3673 843 3751 mea.lncelumbasignificaturSpiritus
936 3669 982 3732 El
995 3672 1190 3732 obliviscere
1197 3670 1480 3748 pepmemluum,
1491 3665 1691 3731 sicutohlita

51 3774 203 3847 Sanetus3
217 3770 342 3832 dicitur
351 3786 430 3847 erge
441 3771 604 3844 columba,
612 3787 671 3848 per
681 3770 845 3833 inhabite·
899 3769 949 3830 est
963 3766 1064 3839 Ruth,
1081 3783 1155 3844 quae
1165 3767 1283 3829 exiens
1299 3767 1339 3828 de
1353 3765 1451 3829 Moab
1464 3767 1577 3843 nupsit
1585 3768 1689 3827 Booz:

51 3869 168 3930 tionem
179 3869 314 3946 gratiae.
332 3868 368 3928 Si
379 3868 481 3945 igitur
493 3868 658 3943 columba,
668 3869 843 3943 careatus
898 3863 987 3927 Ruth
1015 3863 1254 3941 interpretatur
1281 3864 1409 3936 videns,
1435 3864 1489 3926 vel
1513 3863 1688 3934 festinans,

51 3967 207 4042 Spiritum
220 3966 379 4028 Sanctum
397 3965 571 4028 contristet
589 3965 849 4037 inhabitantem,
897 3961 950 4025 vel
974 3960 1144 4040 deficiens.
1170 3964 1235 4022 Per
1259 3962 1348 4042 Ruth
1374 3977 1454 4038 ergo
1481 3961 1691 4038 significatur

50 4064 100 4139 qui
111 4079 174 4140 per
183 4063 328 4124 mortale
338 4064 511 4137 peccatum
522 4062 703 4139 expellitur
713 4083 721 4123 e
733 4062 844 4124 Nolite
898 4059 1007 4121 tidelis
1022 4074 1195 4131 conversa,
1212 4075 1286 4137 quae
1299 4059 1411 4122 illecta
1426 4059 1555 4121 visione
1573 4072 1691 4135 super-

49 4172 121 4233 erge
134 4156 342 4220 contristare
348 4156 508 4233 Spiritum
524 4158 694 4219 Sanctum.
707 4155 842 4236 (Ephes.
895 4172 1030 4231 norum,
1040 4158 1111 4218 teto
1119 4155 1287 4218 desiderio
1300 4155 1342 4218 ad
1356 4155 1690 4226 claustrumiestiuat,

50 4253 157 4333 l,30.)
899 4253 1057 4314 deficiens
1070 4252 1112 4314 ab
1127 4268 1243 4314 amore
1262 4253 1506 4330 temperalium,
1523 4253 1557 4314 et
1571 4251 1620 4312 sic
1632 4265 1690 4311 re-

81 4351 187 4430 Aperi
202 4350 418 4411 immaculata
434 4366 520 4412 mea.
539 4352 667 4416 Etvere
682 4352 845 4412 immacu·
899 4349 1022 4427 linquit
1035 4347 1145 4422 Moab,
1169 4349 1225 4426 qui
1250 4350 1490 4427 interpretatur
1516 4364 1560 4409 ex
1582 4348 1690 4424 patre,

49 4448 110 4510 lata
138 4447 242 4509 debet
261 4463 338 4509 esse
363 4447 471 4509 amica
498 4449 612 4525 sponsi
638 4447 844 4510 :nonenim
898 4447 985 4509 idest
999 4445 1143 4518 diabole,
1159 4446 1312 4524 etjungit
1332 4461 1368 4507 se
1388 4448 1484 4518 Boea,
1510 4444 1566 4522 qui
1597 4443 1692 4505 tertis

49 4547 166 4624 recipit
186 4534 350 4619 Christus,
374 4545 440 4605 nisi
464 4561 628 4622 spensam¹
646 4545 844 4607 immacula-
898 4543 1149 4621 interpretetur,
1167 4542 1253 4605 idest
1267 4541 1413 4615 Christe,
1432 4544 1467 4604 ut
1480 4541 1586 4619 pessit
1599 4541 1692 4604 reci-

48 4645 130 4717 tam;
151 4642 243 4703 unde
256 4641 293 4702 in
308 4641 456 4703 Levitico
476 4641 541 4721 (21,
557 4640 591 4721 7)
610 4664 617 4703 :
633 4643 846 4715 scortumst
898 4657 977 4719 pere
986 4639 1256 4702 benedictionem
1272 4638 1393 4701 iactam
1406 4640 1506 4713 Ruth,
1523 4640 1610 4701 hane
1625 4639 1694 4701 sei-

47 4741 110 4802 sile
123 4738 421 4817 prestibulumnen
429 4739 574 4816 accipies
584 4739 619 4800 in
632 4738 679 4819 (1)
692 4754 842 4812 uxorem,
897 4739 999 4800 lieet:
1029 4737 1181 4799 «Faciat
1208 4737 1369 4799 Dominus
1390 4736 1477 4800 hanc
1504 4738 1690 4809 mulierem,

49 4854 106 4899 nee
117 4838 216 4899 illam
236 4853 310 4914 quae
331 4835 505 4914 repudiata
520 4837 571 4897 est
584 4852 604 4899 a
617 4837 690 4898 viro
706 4853 768 4899 suo
782 4834 842 4916 (2),
899 4852 972 4914 quae
984 4834 1171 4912 ingreditur
1186 4834 1319 4895 domurn
1329 4837 1432 4908 tuam,
1450 4835 1537 4896 sicut
1551 4835 1690 4906 Rachel,
1745 4895 1749 4900 .

47 4934 107 4998 hoc
117 4937 184 5008 est,
195 4933 287 4995 illam
298 4933 754 5011 meretricem,qnaeanimum
763 4933 846 4995 mul·
899 4936 932 4996 et
957 4933 1051 4994 Liam
1081 4954 1089 4992 ε
1119 4934 1156 4993 ut
1183 4932 1228 4994 sit
1261 4932 1450 5010 exemplum
1486 4931 1622 4992 virtutis
1654 4931 1692 4991 in

48 5035 157 5094 torum
173 5031 279 5108 pascit
292 5029 516 5102 libidine‚uon
530 5031 675 5107 accipies
688 5047 696 5104 ;
712 5031 844 5093 etcerte
898 5030 1055 5108 Ephrata,
1070 5031 1103 5091 et
1124 5029 1246 5091 habeat
1258 5028 1390 5092 celebre
1405 5042 1524 5090 nemen
1539 5028 1575 5088 in
1590 5026 1692 5087 Beth-

47 5131 160 5193 multae
181 5130 309 5198 mentes
345 5129 471 5204 apertae
495 5129 607 5191 essent
625 5129 841 5206 corruptioni,
899 5129 1008 5190 lehem
1024 5127 1140 5208 (Ruth.
1157 5133 1189 5199 4,
1214 5125 1279 5206 11).
1296 5127 1410 5189 Faciet
1424 5141 1504 5202 ergo
1516 5124 1603 5185 hanc
1613 5139 1692 5184 mu·

49 5225 389 5297 sireniretdiabolus,
403 5225 746 5302 etpretiumetrerret.
760 5225 843 5287 Vide
898 5226 1026 5298 liorem,
1044 5226 1131 5287 sicut
1146 5224 1284 5298 Rachel,
1311 5225 1346 5286 et
1368 5224 1473 5295 Liam,
1499 5224 1537 5284 ut
1563 5221 1693 5283 seilicet

48 5339 140 5402 ergo,
157 5323 242 5401 quod
257 5333 351 5387 mens
368 5323 426 5385 tua
440 5322 518 5384 talis
531 5323 585 5396 sit,
597 5322 682 5401 quod
698 5338 763 5383 non
777 5339 842 5400 pa·
898 5323 938 5386 de
954 5322 1214 5400 contemplativa
1238 5320 1422 5403 descendat,
1432 5319 1473 5382 ad
1489 5318 1642 5393 activam,
1655 5319 1692 5395 et

81 5487 93 5550 t
97 5486 126 5552 1)
140 5482 225 5555 vulg.
241 5500 248 5540 :
265 5497 323 5539 non
337 5480 452 5540 ducent.
932 5481 973 5550 (1)
992 5480 1078 5552 Vulg.
1096 5495 1103 5534 :
1118 5477 1229 5535 timore.

81 5557 127 5624 ‹a›
143 5555 249 5627 vulg:
267 5567 283 5610 a
300 5553 412 5609 marito.
932 5551 974 5621 (5)
996 5549 1108 5619 Esther,
1120 5549 1163 5618 15,
1180 5549 1214 5606 16
1228 5555 1258 5605 et
1272 5547 1316 5606 17.

82 5625 126 5697 (3)
144 5625 228 5698 vulg.
245 5639 252 5679 :
270 5621 336 5681 vidi
350 5630 387 5679 le.
