3950 6200
206 301 265 361 139
815 305 991 368 BONORII
1011 307 1056 367 ΙΙΙ
1077 304 1225 370 OPERA.
1784 306 1846 367 140

206 461 392 535 NCGXXV,
416 454 531 525 niense
562 448 756 535 decembris,
779 464 857 524 xiil
884 462 997 526 indIc-
1052 464 1276 527 incursurum
1298 467 1418 527 Datum
1437 464 1607 537 Laterani,
1629 465 1661 525 X
1683 461 1848 525 kalendas

206 559 310 631 tione,
321 560 545 636 praesentibus
560 559 693 620 domino
714 559 889 622 Iamberto
909 562 1000 639 epts·
1052 562 1248 637 decembris,
1266 562 1476 641 pontiooatus
1501 562 1607 626 nostri
1630 577 1719 624 anno
1739 560 1850 622 ande-

207 670 289 732 copo
313 656 523 732 Semigalliae,
549 656 682 718 domino
708 657 815 718 (luido
841 659 998 735 episcopo
1053 659 1151 720 cimo.

206 753 399 821 Renelensi,
415 753 574 828 magistro
598 754 773 815 Lamberto
795 755 999 816 Constenda-

206 849 292 912 lensi
307 849 479 922 canonico,
496 851 616 913 comite
629 852 810 925 Borgardo,
827 843 997 913 Bernardo
1410 827 1487 915 XII

206 947 279 1008 cive
303 946 451 1022 Rigensi,
477 946 615 1008 Ludollo
630 947 671 1008 de
691 951 876 1021 llanovere,
891 949 997 1010 Lubi-

206 1044 296 1105 censi
316 1045 488 1116 canonico,
504 1044 756 1118 mercatoribus,
780 1048 813 1107 et
826 1046 926 1108 etiam
939 1062 999 1123 pe-

204 1141 362 1217 regrinis.

243 1237 336 1300 Nulli
359 1253 451 1314 ergo,
472 1239 553 1311 etc,
582 1238 854 1312 confirmationis,
875 1241 938 1303 etc.
962 1242 997 1302 Si
1317 1223 1353 1280 2²
1368 1222 1501 1280 ⁰⁰l2fflll·
1518 1222 1599 1281 ¹²²⁶·

205 1336 290 1413 quis,
308 1336 369 1397 etc.
398 1337 517 1397 Datum
545 1337 712 1410 Laterani,
732 1340 808 1399 XIII
834 1338 997 1400 kalendas
1095 1354 1231 1420 [conquat
1243 1352 1356 1406 nocuas
1366 1354 1519 1412 sistunt,
1529 1353 1585 1404 ⁷7⁷.
1597 1352 1762 1418 nogennio.
1775 1354 1809 1411 Χ,

205 1433 400 1503 decembris,
416 1449 504 1496 anno
519 1434 706 1496 undecimo.
1369 1432 1445 1497 epist.
1458 1432 1526 1498 ³⁸³]

1051 1549 1120 1607 Cnrn
1137 1547 1249 1620 petierit
1270 1548 1426 1620 imperator
1448 1547 1558 1605 restitui
1575 1547 1629 1605 sibi
1648 1547 1787 1621 mandem
1805 1547 1849 1604 cl·

573 1657 629 1747 XI
1085 1637 1187 1694 vitales
1197 1643 1226 1693 et
1237 1643 1330 1693 eastra
1344 1636 1371 1692 in
1384 1635 1512 1709 partibus
1524 1636 1681 1694 Provinciae
1692 1636 1850 1694 occasione

1085 1724 1151 1781 belli
1165 1724 1302 1782 adversus
1319 1723 1490 1797 albigenses
1509 1732 1657 1796 occupem,
1673 1731 1757 1797 rogat
1780 1739 1850 1781 erm

206 1809 256 1867 Ad
274 1806 428 1869 abbatem
452 1808 486 1869 et
510 1810 714 1871 conventum
732 1812 939 1874 monasterti
954 1814 997 1873 de
1087 1813 1228 1870 Honorius
1238 1819 1271 1870 nt
1284 1811 1449 1869 dilationem
1465 1813 1615 1882 sustineat,
1635 1811 1727 1869 donec
1741 1813 1779 1870 sit
1793 1826 1848 1868 ex·

245 1905 348 1977 Oinoa
362 1908 400 1966 to
415 1909 574 1978 Proiecto,
591 1910 724 1970 ordinis
745 1910 994 1981 cisterciensis,
1086 1900 1226 1973 ploratum
1250 1915 1314 1973 qna
1334 1900 1397 1957 loca
1421 1899 1457 1958 ad
1472 1900 1626 1974 Imperium
1639 1915 1739 1958 revera
1753 1901 1846 1973 perti·

249 2002 537 2065 Waacntaoieosn
549 2006 714 2066 diaecesis.
1086 1996 1183 2047 neant-

414 2182 416 2186 .
462 2132 497 2190 22
511 2132 645 2191 novemb.
662 2134 742 2192 lito.
1092 2111 1847 2190 Honoriusepiscopns...carissimoinilbristo

236 2253 409 2319 primm,
421 2253 483 2306 eod.
502 2255 566 2321 pipp,
578 2256 746 2315 rememsis,
755 2257 775 2317 1,
787 2256 843 2317 373,
853 2270 880 2308 n.
899 2257 965 2322 m]
1052 2210 1120 2272 illio
1155 2212 1205 2281 F„
1234 2208 1357 2270 illustri
1390 2212 1613 2271 Romanorum
1650 2207 1849 2286 imperatori

1052 2323 1182 2384 semper
1209 2307 1361 2382 augusto,
1384 2306 1418 2367 et
1437 2306 1509 2381 regi
1536 2305 1672 2377 Sicillae,
1702 2305 1850 2367 salutem

203 2381 253 2438 Eis
267 2380 398 2454 indulget
410 2395 446 2437 ne
467 2381 555 2454 legati
569 2379 831 2452 sedisapostolicae
848 2382 911 2439 sine
931 2397 996 2455 spe·
1052 2405 1084 2465 ep
1098 2402 1321 2480 Apostolifflm
1335 2401 1609 2462 benedictionem·

238 2468 304 2526 ciali
313 2468 448 2526 mandato
460 2469 489 2524 in
498 2466 548 2525 e'os
558 2469 860 2527 excommunicationis
872 2470 919 2528 vel
931 2485 994 2527 sus·
1091 2502 1171 2560 Tuae
1185 2497 1399 2560 sublimitatis
1414 2497 1604 2559 sollicitudo
1619 2512 1685 2558 non
1695 2495 1850 2572 improbe

239 2570 385 2628 ¹³⁶⁰⁸¹⁰¹¹¹⁵
397 2563 553 2613 ⁸⁰⁰¹e⁰¹¹³⁸
573 2556 764 2629 pmmmgem‘
1051 2596 1241 2672 postulavit,
1262 2596 1297 2655 nt
1318 2594 1482 2666 civitates,
1510 2595 1620 2655 castra
1638 2594 1672 2654 et
1689 2592 1757 2654 alia
1771 2592 1851 2655 loca

244 2690 915 2765 Honorinseplscopns,servasservorum
924 2691 994 2763 Dei,
1051 2694 1092 2754 ad
1108 2693 1285 2769 imperium
1307 2691 1508 2768 pertinentia
1530 2691 1566 2751 in
1588 2689 1737 2767 partibus
1761 2692 1852 2750 Pro-

203 2786 333 2848 dilectis
348 2785 426 2846 tiliis
437 2784 548 2847 abbati
562 2788 595 2846 et
609 2787 784 2847 conventui
802 2788 997 2849 monasterii
1050 2790 1171 2852 vinciae
1193 2790 1226 2850 et
1249 2789 1345 2865 regni
1359 2786 1576 2860 Arelatensis,
1601 2789 1634 2850 st
1648 2786 1849 2848 nominatim

203 2883 412 2960 deOvaain
436 2884 586 2954 Pruscia,
607 2882 836 2945 elstercisnsIs
856 2885 994 2958 ordinis,
1051 2903 1091 2948 ea
1106 2884 1358 2964 quaequondam
1371 2885 1589 2954 Raimundus,
1611 2900 1720 2946 comes
1746 2882 1852 2944 Tolo-

205 2980 345 3042 salntem
361 2982 393 3041 et
408 2980 631 3056 spostolmam
646 2979 920 3042 benedictionem.
1052 3000 1166 3051 sanus,
1182 2982 1224 3044 ab
1235 2983 1378 3060 imperio
1389 2982 1499 3053 tibi...,
1516 2983 1587 3042 siva
1602 2981 1643 3043 ad
1656 2979 1768 3041 dilecti
1785 2980 1851 3041 filii

245 3079 325 3139 Cum
360 3077 488 3139 ordinis
516 3077 618 3138 vestri
647 3092 809 3153 generosa
835 3079 997 3156 plantatio
1051 3078 1158 3142 nostri
1173 3075 1355 3156 Rlomanil,
1376 3078 1409 3138 S.
1425 3074 1545 3153 Angeli
1574 3075 1705 3137 dlaconi
1729 3074 1849 3136 cardi-

203 3176 316 3237 multae
327 3174 501 3250 religionis
514 3177 547 3236 et
561 3175 744 3238 bonestatis
754 3176 853 3237 fiores
864 3179 897 3238 et
911 3176 997 3238 irno-
1051 3176 1149 3247 nalis,
1161 3180 1199 3236 Α.
1217 3176 1250 3235 S.
1266 3173 1379 3250 legati,
1394 3175 1464 3235 sive
1481 3173 1523 3234 ad
1538 3176 1775 3250 cujuscumque
1791 3172 1852 3234 al·

201 3275 258 3335 tus
269 3273 453 3350 protulerit,
466 3271 572 3333 effuso
584 3271 682 3348 longe
694 3272 826 3350 lateque
838 3273 995 3336 laudabi·
1049 3273 1157 3334 terius
1172 3287 1301 3342 manns,
1323 3271 1499 3332 occasione
1521 3271 1687 3332 exercitus
1708 3269 1788 3330 lacti
1804 3270 1850 3331 ob

203 3370 246 3431 lis
261 3370 525 3431 conversationis
546 3368 658 3441 odore,
684 3370 997 3446 apostolicaesedis
1052 3369 1299 3446 exstirpandam
1321 3369 1361 3429 de
1385 3367 1534 3444 partibus
1555 3368 1623 3428 illis
1646 3368 1850 3443 pravitatem

1172 989 1224 1049 Ad
1238 989 1474 1054 stedevtmm,
1488 989 1724 1048 Romonoivon

1320 1085 1580 1158 ceoperatorem.

101 3499 104 3504 ·
203 3466 383 3529 auctoritas
398 3466 624 3538 considerans,
640 3483 700 3542 per
713 3468 852 3529 Marthae
868 3469 995 3530 sollici·
1052 3468 1255 3538 haereticam,
1270 3465 1465 3527 devenerint
1479 3481 1539 3525 seu
1562 3465 1671 3525 adbuc
1687 3464 1771 3525 torte
1786 3464 1852 3524 de-

204 3563 352 3627 tudinem
374 3562 614 3639 providendum
641 3577 714 3623 esse
737 3563 853 3625 Mariae
880 3566 995 3640 quieti,
1052 3565 1196 3635 venient,
1212 3561 1342 3625 restitui
1358 3562 1556 3624 laceremus.
1573 3561 1712 3624 Noverit
1732 3562 1850 3639 itaque

204 3663 240 3726 ut
263 3662 296 3722 et
324 3661 451 3721 orands
477 3660 593 3721 Mariae
619 3659 789 3736 suffragiis
815 3662 996 3737 satagentis
1051 3663 1108 3723 tna
1123 3662 1300 3730 serenitas,
1328 3675 1389 3720 nos
1404 3660 1460 3736 qni
1485 3661 1542 3720 tua
1567 3660 1601 3721 et
1622 3658 1755 3734 Imperii
1766 3661 1850 3734 jura

203 3758 343 3820 Martbae
359 3756 546 3819 sollicitudo
561 3756 936 3834 ministeriijuvaretur,
955 3774 996 3820 ne
1052 3759 1157 3822 minui
1184 3758 1350 3827 nolumus,
1391 3756 1449 3817 sed
1484 3755 1613 3832 angeri,
1648 3757 1726 3816 viva
1764 3772 1850 3817 voce

204 3856 347 3932 alicujus
375 3854 573 3916 temeritatis
593 3855 747 3916 incursus
762 3857 886 3917 sanotae
908 3872 996 3918 oon·
1052 3856 1177 3915 dixisse
1202 3853 1367 3915 cardinali
1394 3852 1567 3930 praedicto,
1598 3852 1677 3913 dum
1702 3853 1791 3918 esset
1812 3853 1850 3914 in

204 3953 404 4014 versationis
417 3952 520 4011 otium
539 3949 758 4026 perturbaret,
777 3952 926 4016 ordinem
941 3953 993 4029 ip·
1052 3951 1166 4013 nostra
1188 3950 1364 4027 praesentia
1389 3949 1603 4020 constitutus,
1629 3964 1669 4010 ac
1699 3949 1852 4025 postmo-

204 4066 278 4111 snm
293 4050 326 4111 et
340 4048 536 4126 privilegiis,
551 4053 584 4109 et
596 4048 765 4109 nonnullis
780 4049 996 4126 indulgentiis
1052 4048 1129 4109 dum
1144 4047 1251 4109 eidem
1266 4047 1387 4108 litteris
1400 4046 1600 4123 Apostolicis
1622 4045 1848 4116 mandavisse,

204 4148 358 4225 specialis
377 4146 486 4222 gratia
508 4146 728 4221 praerogativa
756 4147 907 4208 munivit.
927 4150 996 4209 Nos
1052 4145 1138 4223 qnod
1162 4143 1355 4206 volebamus
1372 4146 1496 4205 terram
1521 4143 1611 4203 illam
1627 4142 1676 4204 sic
1688 4142 1851 4205 haeretica

203 4249 325 4318 autem,
341 4245 395 4322 qni
411 4241 584 4307 salutifera
608 4242 778 4304 commoda
803 4245 914 4305 vestra
937 4244 997 4307 be-
1051 4243 1214 4319 pravitate
1241 4242 1389 4318 purgari,
1416 4243 1453 4301 ut
1470 4243 1549 4318 jura
1570 4239 1705 4317 Imperii
1729 4255 1851 4302 serva·

203 4343 305 4419 nigno
343 4344 457 4404 lavore
489 4341 732 4418 prosequimur,
762 4341 996 4417 tranquillitati
1050 4341 1167 4401 rentur
1177 4339 1295 4400 illaesa.

201 4441 323 4501 vestrae
337 4438 488 4510 libenter,
511 4439 607 4514 prout
629 4452 818 4514 possumus,
840 4438 997 4514 provide-
1091 4437 1182 4498 Licet
1197 4436 1299 4511 igitur
1312 4437 1369 4497 tua
1380 4434 1531 4511 petitioa
1546 4435 1659 4496 nostro
1675 4434 1850 4510 proposito

199 4551 287 4608 mus,
303 4536 500 4598 auctoritate
511 4535 724 4611 praesentinm
737 4534 936 4609 ianbentes,
953 4553 996 4600 ne
1051 4549 1116 4595 non
1142 4533 1320 4604 discordet,
1336 4532 1580 4593 restitutionem
1593 4534 1705 4592 tamen
1724 4530 1851 4607 hujus·

188 4633 303 4718 ‚legati
320 4632 627 4708 sedisapostolicae
651 4632 723 4692 sine
746 4634 885 4709 speciali
899 4650 997 4696 man·
1050 4631 1139 4693 modi
1162 4630 1367 4708 providimus
1388 4619 1616 4700 differendam,
1645 4628 1750 4688 donec
1774 4644 1851 4704 quae

200 4731 279 4793 dato
302 4731 416 4790 nostro
431 4728 465 4788 in
490 4744 550 4790 vos
573 4731 927 4792 excommunicationis
941 4732 995 4793 vel
1049 4731 1148 4791 terrae
1170 4728 1212 4789 ad
1228 4726 1406 4803 imperium
1430 4725 1465 4786 in
1488 4725 1639 4801 partibus
1659 4725 1728 4784 illis
1743 4726 1853 4801 perti-

200 4825 441 4906 suspensionis,
466 4826 500 4888 et
524 4826 559 4886 in
581 4827 819 4888 monasterium
834 4828 993 4901 vestrum,
1050 4828 1162 4897 neant,
1186 4841 1225 4886 ac
1240 4823 1342 4885 totius
1365 4822 1491 4897 negotii
1511 4822 1770 4883 circumstantiae
1786 4838 1853 4884 no-

199 4926 368 4989 interdicti
394 4924 576 4985 sententias
600 4925 716 4985 contra
739 4938 791 4995 ea,
813 4940 886 5000 quae
899 4926 994 4988 vobIs
1050 4923 1101 4984 bis
1117 4939 1178 5000 per
1195 4921 1392 4983 relationem
1415 4920 1521 4996 ipsius
1534 4919 1636 4995 legati
1649 4918 1780 4996 plenius
1794 4919 1852 4980 in-

200 5022 333 5086 suntab
354 5021 544 5099 apostolica
563 5020 647 5083 Sede
660 5036 829 5092 concessa,
846 5022 995 5097 promni—
1049 5021 1233 5082 notescant.
1251 5017 1317 5093 Ipsi
1329 5017 1438 5078 autem
1454 5016 1619 5078 cardinali
1641 5016 1682 5076 ad
1698 5031 1850 5091 praesens

198 5123 289 5198 pent.
314 5121 407 5181 Nulli
433 5134 513 5195 ergo
536 5119 671 5179 omnino
699 5118 871 5180 bominum
895 5120 995 5181 liceat
1049 5134 1108 5194 per
1123 5118 1246 5192 scripta
1276 5116 1389 5176 nostra
1417 5113 1660 5185 mandavimus,
1682 5114 1719 5174 nt
1735 5117 1848 5175 terras

198 5218 286 5281 hanc
302 5220 457 5296 paginam
485 5219 609 5278 nostrae
638 5215 846 5277 inhibitionis
870 5217 995 5277 inirin-
1048 5215 1214 5291 adipsum
1235 5212 1413 5289 Imperium
1436 5210 1642 5288 pertinentes
1666 5210 1701 5270 in
1727 5225 1789 5271 sna
1815 5213 1851 5275 et

197 5331 288 5390 gere,
309 5316 361 5376 vel
385 5317 417 5376 si
441 5330 526 5375 ausu
549 5314 728 5375 temerario
751 5314 930 5374 contraire.
956 5316 991 5375 Si
1048 5311 1199 5374 ecclesiae
1212 5311 1374 5387 potestate
1387 5309 1541 5379 retineat,
1552 5307 1704 5369 iaciendo
1715 5322 1773 5368 eas
1786 5324 1850 5385 per

196 5412 271 5489 quis
284 5414 394 5472 autem
410 5413 473 5473 boc
483 5413 649 5473 attentare
662 5411 921 5487 praesumpserit,
938 5411 994 5471 ia·
1047 5410 1220 5486 episcopos
1232 5409 1265 5469 et
1273 5407 1359 5468 alios
1369 5406 1587 5466 ecclesiarum
1601 5405 1758 5481 praelatos
1769 5421 1849 5468 cnm

196 5509 421 5585 dignationem
436 5508 672 5585 omnipotentis
686 5508 758 5579 Dei,
772 5510 806 5568 et
818 5506 990 5569 beatorum
1047 5506 1219 5583 diligentia
1248 5504 1419 5575 custodiri,
1455 5503 1511 5579 qui
1552 5505 1659 5564 terras
1697 5503 1846 5576 easdem,

196 5607 286 5670 Petri
299 5609 332 5668 et
347 5605 442 5667 Pauli
460 5605 687 5683 apostolorum
712 5608 785 5682 ejus
805 5622 843 5665 se
860 5607 993 5669 noverit
1046 5606 1139 5667 salvo
1157 5606 1232 5683 jnre
1258 5605 1326 5675 tuo,
1354 5600 1619 5663 custodientem
1644 5601 1679 5661 in
1706 5600 1791 5677 ipsis
1813 5605 1849 5666 et
