3950 6200
220 293 299 358 1059
644 295 678 354 S.
704 294 878 356 ANTONll
906 294 1093 358 PADUANI
1124 296 1261 356 OPERA
1289 296 1435 360 omnis,
1782 298 1849 364 1030

133 480 139 484 ·
218 453 274 516 tur
288 453 447 520 Dominus
470 454 511 514 ad
535 451 734 525 Jerusalem,
760 453 847 516 idest
868 454 1015 516 animem
1068 455 1137 526 tuo,
1163 455 1250 518 idest
1273 454 1526 520 fornicationem
1551 455 1661 518 fecisti
1677 476 1686 516 ε
1702 455 1737 517 61
1759 469 1851 534 expo-

218 551 436 627 psccatricem
465 565 525 627 per
548 550 812 613 similitudinem.
842 552 1014 628 Hierony·
1068 552 1165 614 suisti
1180 552 1434 616 fornicationem
1449 554 1540 614 tuam
1553 553 1643 614 omni
1664 555 1848 625 transeunti,

218 665 292 712 mus
308 649 355 727 (1)
372 670 378 708 :
393 649 564 710 Naturale
585 656 637 710 661
657 649 847 721 foforsffbus
867 651 1012 726 6111661,
1069 651 1104 711 11
1117 652 1190 725 ejus
1219 649 1327 712 fieres.
1342 650 1462 713 Tniisti
1487 667 1569 712 rasa
1594 651 1742 727 pretiosa
1761 649 1804 728 (2)
1816 651 1850 713 de

217 748 251 810 61
269 749 417 821 procidi
450 749 660 818 combibimus,
683 749 806 808 sefrido
823 750 1015 822 sanguino·
1068 761 1150 807 auro
1167 763 1251 819 meo,
1269 751 1301 809 61
1311 750 1449 823 argento
1465 764 1550 819 meo,
1565 764 1640 824 quae
1652 748 1729 810 dedi
1741 748 1850 822 tibi;st

216 845 347 906 16611611
359 847 483 914 favori,
500 844 576 917 post
592 847 771 906 tumorem
784 847 1014 917 porvulorum
1068 844 1175 907 fecisti
1186 845 1246 907 tibi
1259 846 1422 920 imagines
1434 845 1638 907 masculinas
1653 848 1688 907 et
1701 845 1849 908 fornicata

215 943 1015 1018 6666161616616,66166666111616166616666-
1067 958 1104 1004 es
1118 943 1153 1003 in
1168 943 1229 1004 eis.
1246 944 1423 1005 Fornicata
1442 958 1479 1004 es
1496 944 1531 1003 in
1545 943 1681 1005 nomine
1693 944 1762 1014 tuo,
1777 943 1851 1005 idest

215 1043 272 1101 nis
295 1040 479 1115 adstringi.
504 1039 566 1102 Sed
590 1039 718 1102 nullum
737 1038 805 1100 tale
824 1037 1014 1100 factumest
1068 1041 1103 1104 in
1127 1039 1324 1104 dilatatione
1349 1041 1493 1104 nominis
1515 1041 1565 1103 tui
1581 1041 1748 1117 gloriatus
1766 1044 1851 1112 eset

214 1136 288 1206 tibi,
308 1154 328 1199 o
350 1137 463 1198 anima
491 1136 673 1212 peccatrix.
706 1139 897 1208 vomitione,
928 1135 1014 1198 idest
1067 1138 1252 1215 exposuisti
1265 1137 1520 1201 fornicationem
1542 1142 1635 1200 tuam
1662 1138 1850 1200 661111111-

215 1235 381 1314 pudenda,
403 1235 456 1297 161
483 1234 629 1296 carnalis
652 1232 811 1308 affectus,
838 1233 894 1311 qni
917 1233 1015 1298 debet
1067 1236 1197 1310 seunti;
1220 1235 1494 1298 scilicstdiabolo
1508 1235 1569 1298 tibi
1583 1235 1709 1298 dicenti
1726 1253 1733 1294 :
1748 1237 1851 1298 11611-

214 1332 364 1412 praecidi,
386 1332 507 1408 etipsa
522 1331 806 1408 coucupiscentia,
826 1347 901 1409 quae
916 1330 1014 1394 debet
1067 1348 1159 1407 vare,
1182 1334 1218 1394 11
1238 1335 1461 1404 transeamus,
1480 1332 1642 1407 obedisti3
1656 1333 1692 1396 et
1719 1333 1768 1393 sic
1789 1335 1851 1409 ejus

214 1429 347 1505 stringi,
363 1429 1013 1503 1611611611]6611116611661111661-
1068 1429 1174 1492 factus
1195 1445 1233 1494 es
1256 1431 1435 1508 possessio.
1462 1431 1583 1493 Tulisii
1607 1445 1693 1491 rasa
1718 1431 1850 1507 pretiosa

213 1541 373 1592 sturnec
386 1527 457 1591 1616
468 1540 505 1588 es
518 1541 610 1600 6166
624 1526 1011 1603 16661116116161666,
1060 1527 1108 1592 do
1135 1542 1218 1590 auro
1253 1544 1344 1601 meo,
1368 1530 1403 1591 61
1422 1531 1564 1604 argento
1582 1541 1670 1600 meo,
1692 1542 1769 1606 qus
1785 1527 1850 1589 dedi

215 1627 312 1701 cujus
334 1625 467 1703 pactum
482 1639 549 1684 non
564 1624 719 1695 servasti,
740 1623 1013 1688 abrenunciando
1065 1625 1138 1698 tibi,
1168 1627 1231 1688 etc.
1266 1628 1304 1688 In
1331 1641 1416 1688 auro
1448 1624 1629 1703 sapientia,
1653 1625 1691 1686 in
1726 1625 1851 1701 6116116

214 1721 359 1790 diabolo.
371 1722 403 1782 61
417 1722 546 1798 pompis
554 1723 627 1798 ejus
640 1737 647 1776 τ
660 1720 1014 1792 6666616161116,111661
1066 1723 1269 1801 eloquentia.
1296 1723 1439 1788 11666111
1455 1722 1605 1799 virgines
1623 1721 1850 1798 corrumpunt:

214 1833 275 1897 per
295 1819 543 1890 discretionem,
569 1820 602 1881 et
627 1817 919 1882 mortificationem
933 1833 1012 1882 car·
1067 1820 1115 1881 sic
1155 1820 1300 1894 faciunt,
1337 1822 1394 1897 qni
1425 1820 1462 1882 in
1496 1819 1684 1896 sepientis,
1722 1821 1756 1880 61
1786 1818 1850 1880 elo-

214 1917 310 1979 1166
339 1917 516 1994 putredine
550 1916 710 1978 uitiorum
744 1919 897 1989 serrata;
924 1917 1012 1977 unde
1066 1917 1202 1996 quentia
1242 1917 1450 1996 superbiunt,
1487 1933 1548 1994 per
1583 1918 1671 1994 quod
1718 1917 1851 1978 animant

214 2015 322 2077 Marci
345 2012 390 2093 (9,
417 2012 472 2093 18)
490 2034 498 2074 :
514 2014 659 2076 «Omnis
674 2015 762 2078 enim
780 2013 918 2076 victima
941 2013 1014 2076 sele
1066 2018 1293 2093 corrumpunt
1309 2015 1369 2077 Vel
1392 2016 1441 2077 sic
1462 2031 1471 2078 :
1489 2014 1584 2078 Sicut
1605 2013 1777 2078 masculus
1791 2014 1851 2074 rir-

213 2113 364 2184 saiietur,
382 2113 416 2174 61
427 2111 537 2174 omnis
557 2110 636 2188 igne
656 2111 813 2186 salictum
827 2127 846 2174 1
860 2127 901 2176 66
915 2112 945 2172 61
960 2111 1014 2171 di·
1066 2113 1189 2189 gisem,
1212 2114 1262 2174 sic
1281 2114 1319 2175 tu
1338 2128 1397 2190 per
1418 2111 1630 2189 sapientiam,
1647 2114 1681 2174 61
1702 2110 1851 2188 6166161-

213 2210 360 2272 dineret:
378 2209 449 2271 sale
463 2209 614 2281 salietur,
638 2209 671 2271 et
691 2209 768 2285 igne
788 2207 1014 2271 consolidahi·
1067 2211 1147 2272 tiam
1156 2209 1334 2286 corrupisti
1343 2210 1581 2280 innocentiam,
1595 2208 1851 2283 etintegritaiem

211 2309 277 2370 tur.
285 2308 341 2369 Sal
350 2306 451 2369 babet
460 2322 662 2368 conservare
671 2321 801 2379 carnes,
812 2322 854 2368 ne
867 2321 1013 2368 sermes-
1066 2308 1238 2380 virtutum,
1265 2306 1469 2384 acquirendo
1494 2305 1554 2370 tibi
1577 2321 1701 2368 ranam
1720 2305 1851 2380 glorian

212 2408 289 2467 cant
303 2421 310 2467 :
325 2405 430 2480 ignis,
446 2403 668 2467 consolidare.
685 2404 749 2476 Qui
761 2419 841 2479 ergo
854 2403 926 2466 vult
939 2402 1012 2468 fieri
1066 2420 1110 2466 ex
1134 2405 1310 2483 sapientia,
1325 2407 1359 2469 61
1383 2404 1615 2481 eloquentie«
1630 2404 1752 2466 Tulisti
1773 2402 1850 2463 filios

100 2555 109 2572 ‚
212 2503 349 2566 victima
374 2505 444 2566 Deo
465 2503 573 2578 grata,
598 2500 696 2564 debet
717 2501 866 2564 fomitem
887 2516 1014 2564 concu-
1067 2500 1853 2579 1166611111661166,6166161616611111111,61

213 2600 386 2677 piscentiae
410 2599 523 2666 carnis
548 2599 625 2675 igne
647 2599 863 2676 poenitentiae,
885 2614 927 2660 ne
942 2598 1014 2660 dis-
1066 2600 1247 2661 immolasti
1262 2615 1318 2661 eos
1334 2599 1374 2660 ad
1395 2596 1789 2676 devorandumsfflzeob.
1805 2598 1849 2666 16,

214 2698 375 2769 66116111,
400 2696 622 2764 consolidare,
647 2697 680 2757 61
700 2696 771 2758 sele
786 2696 1009 2767 discretionis,
1066 2696 1132 2777 20).
1157 2700 1223 2759 Per
1244 2698 1333 2769 filios
1353 2695 1453 2758 fortia
1479 2708 1593 2772 opera,
1610 2709 1671 2771 per
1683 2696 1774 2766 iiiios
1796 2693 1851 2755 mi·

212 2796 246 2857 et
261 2794 447 2870 sapientie,
464 2809 506 2854 ne
529 2809 659 2854 vermes
675 2796 886 2871 peccatorum
911 2808 1014 2870 super
1066 2810 1149 2857 nora
1163 2809 1265 2871 opera
1276 2794 1363 2856 bona
1376 2793 1620 2869 significantur,
1633 2807 1709 2868 quae
1721 2791 1850 2854 mortifl-

214 2892 378 2961 oriantur,
395 2890 542 2961 condire,
557 2892 591 2953 61
609 2890 707 2952 debet
726 2891 837 2954 omnis
850 2889 1011 2965 membra,
1067 2895 1187 2954 cantur
1198 2907 1258 2968 per
1269 2891 1423 2953 mortalia
1435 2891 1584 2967 peccata,
1596 2905 1672 2966 quae
1686 2890 1736 2950 sic
1747 2890 1850 2950 immo·

215 2988 301 3050 idest
328 2986 440 3049 officis
466 3001 580 3048 eorum
609 2987 750 3063 pannis,
776 2986 864 3050 idest
889 2986 1012 3050 divinis
1067 2989 1255 3061 iataidolis,
1269 2989 1356 3051 idest
1375 2988 1533 3064 peccatis,
1549 2985 1767 3063 ignediaboli
1779 3000 1852 3046 con-

214 3084 390 3165 preeceptis
420 3085 539 3160 ligare,
574 3100 617 3146 ne
650 3083 814 3157 diffluant,
846 3085 880 3147 61
900 3083 1015 3149 detor-
1067 3087 1255 3150 sumuntur.

214 3182 597 3262 queanturariarecta.
1108 3188 1171 3253 Qut
1191 3186 1334 3248 cerensi
1349 3184 1381 3246 fe
1396 3182 1854 3253 cammerinorumctmfse·

253 3283 335 3343 Post
369 3280 442 3343 haec
471 3281 623 3358 sequitur
656 3280 697 3343 de
737 3278 1013 3343 retributionibus
1067 3285 1270 3347 rationibus.
1283 3281 1401 3343 Dehas
1410 3296 1534 3343 corona
1545 3279 1709 3342 habemus
1724 3280 1761 3340 in
1774 3283 1854 3354 Apo-

214 3377 348 3459 (ilzech.
364 3378 414 3450 io,
429 3379 494 3440 5et
506 3378 540 3456 6)
558 3399 565 3439 =
580 3394 598 3439 s
615 3379 689 3441 Non
706 3378 855 3454 pepercit
866 3378 1013 3454 superte
1067 3379 1195 3457 calypsi
1223 3377 1268 3459 (2,
1294 3376 1346 3457 17)
1372 3400 1380 3438 :
1408 3376 1604 3441 «Vincenti
1629 3376 1716 3437 dabo
1741 3388 1853 3437 manna

214 3476 330 3538 oculus
352 3490 455 3547 meus,
478 3482 515 3537 ut
537 3475 663 3538 faceret
682 3474 743 3537 tibi
768 3491 870 3539 unum
888 3475 931 3537 de
945 3475 1011 3546 his,
1067 3476 1309 3547 absconditum,
1320 3475 1448 3539 etdabo
1457 3475 1489 3537 ei
1499 3474 1666 3536 calculum
1675 3472 1851 3543 candidum,

214 3574 371 3636 misertus
391 3572 441 3634 tui
458 3594 465 3633 :
487 3573 546 3634 sed
561 3574 708 3650 projecta
725 3589 762 3634 es
776 3588 879 3649 super
892 3571 1013 3636 faciem
1068 3574 1149 3636 etin
1164 3573 1293 3636 calculo
1308 3588 1429 3635 nomen
1449 3587 1572 3635 novum
1587 3571 1761 3648 scriptum,
1776 3567 1853 3646 quod

214 3671 362 3735 terracin
377 3669 565 3748 abjectione
587 3671 709 3732 enimse
721 3673 800 3743 tuae,
815 3670 850 3733 in
865 3668 931 3742 die,
948 3685 1014 3747 qus
1068 3688 1166 3734 nemo
1188 3671 1262 3746 scit,
1289 3670 1355 3733 nisi
1380 3670 1436 3746 qui
1458 3669 1626 3745 accipit.»
1650 3671 1853 3730 Permaneto

215 3772 296 3831 nata
322 3784 369 3830 es.
386 3767 568 3829 Transiens
596 3769 706 3830 autem
735 3782 795 3844 per
822 3767 1014 3836 16111116
1068 3771 1301 3833 obscortdtfnm
1342 3767 1542 3842 intelligitur
1578 3765 1749 3837 divinitas,
1783 3762 1852 3841 uuis

215 3864 406 3927 conculcari
431 3865 467 3925 in
495 3864 660 3940 sanguine
687 3866 756 3935 tuo,
786 3866 820 3926 61
845 3864 917 3927 dixi
939 3863 1012 3934 tibi,
1069 3867 1197 3945 species
1212 3865 1335 3929 divinae
1349 3863 1639 3941 majestatisnobis
1656 3864 1707 3928 est
1721 3862 1853 3923 abscon·

214 3978 290 4025 cum
305 3976 396 4022 esses
411 3961 447 4021 in
462 3962 626 4036 sanguine
637 3962 902 4036 tuo:Vive»;et
913 3963 1014 4038 paulo
1069 3966 1149 4027 dita.
1177 3964 1239 4036 Qui
1268 3964 1381 4025 autem
1413 3961 1454 4023 de
1487 3962 1563 4039 ipsa
1587 3961 1782 4037 gustaverit,
1817 3968 1855 4019 ex

215 4054 1016 4138 postdicit(inid,16‚sad1o):‹nxpsndiami-
1069 4061 1292 4124 admiratione
1315 4060 1427 4125 dicere
1453 4062 1533 4122 tunc
1558 4060 1702 4135 poterit:
1723 4058 1852 4124 1161111,

218 4159 288 4219 tum
303 4171 413 4217 meum
427 4170 528 4232 super
547 4157 592 4227 te,
613 4156 646 4216 61
661 4154 780 4232 operui
795 4155 1014 4232 ignominiam
1068 4162 1149 4234 poio
1162 4159 1214 4221 est
1226 4162 1288 4220 froc
1302 4156 1422 4235 (Exodi
1438 4158 1488 4230 16,
1505 4154 1556 4235 15)
1566 4158 1578 4219 1
1590 4155 1676 4227 Quia
1691 4164 1852 4227 nemopo·

217 4252 590 4331 11611611116111111,
612 4254 647 4315 61
660 4253 832 4329 ingressus
848 4269 921 4315 sum
933 4270 1016 4332 pac-
1069 4258 1178 4333 potest
1191 4255 1279 4316 scire
1302 4255 1386 4316 illud
1406 4268 1570 4315 summum
1586 4252 1757 4328 gaudium,
1777 4244 1853 4325 quod

217 4354 422 4419 tumtecum,
443 4350 492 4413 ait
512 4350 673 4412 Dominus
697 4352 796 4423 Deus,
822 4352 855 4412 61
878 4350 1014 4412 factaes
1069 4354 1188 4416 eritdo
1202 4352 1362 4415 fruitione
1381 4351 1504 4413 divinas
1517 4343 1854 4426 majestatis3undsiu

218 4448 320 4524 milii3
335 4448 496 4511 61161116
511 4464 609 4525 aqua,
625 4449 660 4510 61
680 4447 1013 4524 emundarisangui-
1069 4449 1325 4513 Deuteronomio
1358 4447 1424 4526 (33,
1449 4445 1503 4526 28)
1532 4468 1540 4507 ε
1564 4450 1647 4510 Coeit
1673 4438 1854 4521 6611661161

220 4560 296 4608 nem
322 4547 416 4606 tuum
444 4560 464 4605 6
492 4546 536 4616 16,
565 4546 599 4607 61
621 4546 705 4606 unxi
732 4546 766 4607 16
785 4544 871 4616 6166,
887 4546 1017 4608 scilicet
1068 4563 1162 4619 roro,
1179 4547 1267 4609 idest
1280 4545 1388 4609 sancti
1411 4544 1649 4622 predicatores
1674 4544 1798 4605 1611111
1822 4537 1853 4598 iu

217 4641 820 4719 81611661611661111161116661611116,
835 4642 1017 4705 »1166116-
1070 4642 1348 4724 promissionibus
1363 4642 1542 4719 loquentur
1555 4640 1653 4718 quasi
1668 4656 1730 4716 per
1742 4634 1854 4711 caligi-

219 4740 341 4803 rietale
355 4739 515 4802 virtutum
532 4754 540 4799 t
556 4741 590 4801 61
609 4741 757 4802 calceavi
778 4741 942 4814 ianthino,
956 4757 1017 4819 per
1070 4759 1146 4805 nem
1169 4742 1323 4819 respectu
1347 4740 1438 4801 illius
1453 4738 1636 4801 ineffabilis
1658 4737 1748 4800 boni.
1770 4733 1856 4797 nabo

219 4837 306 4916 quod
317 4837 495 4914 signantur
509 4852 611 4914 opera
621 4838 823 4915 spiritualia,
838 4838 968 4902 scilicet
980 4840 1018 4900 ut
1069 4845 1235 4904 6616611116
1260 4842 1455 4901 madidum.
1486 4839 1523 4899 in
1550 4836 1683 4899 calculo
1712 4834 1773 4895 dno
1798 4843 1856 4892 no·

217 4935 480 4998 simusooelestis
502 4936 779 5008 conversationis,
798 4937 832 4998 et
853 4950 1016 5012 perseve-
1070 4939 1184 5000 tantur
1212 4936 1369 5014 splendor
1389 4934 1487 5013 ignis,
1503 4935 1537 4997 61
1552 4932 1677 5011 lapidis
1701 4930 1853 4993 firmitasr

219 5033 332 5096 rantes
348 5033 382 5094 in
397 5032 494 5095 bonis
507 5033 664 5110 operibus
680 5033 839 5099 :etcinxi
854 5034 888 5096 te
904 5032 1015 5110 bysso,
1072 5038 1109 5098 ln
1144 5034 1289 5096 candore
1334 5033 1445 5110 fulgor
1487 5032 1611 5094 nostrae
1645 5024 1857 5092 resurrectio·

220 5147 281 5208 per
294 5130 380 5208 quod
395 5132 531 5193 notatur
552 5130 700 5201 castitas,
722 5145 797 5207 qua
818 5130 916 5193 debet
927 5132 1018 5207 cingi
1072 5133 1125 5193 nis
1142 5133 1199 5193 :ln
1214 5130 1325 5208 lapide
1336 5130 1478 5193 firmitas
1492 5131 1618 5191 nostrae
1639 5121 1856 5199 incorruptio·

221 5228 324 5299 intus,
351 5231 386 5289 61
413 5228 508 5290 foris.
537 5226 601 5289 Sed
624 5228 832 5290 contrarium
857 5227 1017 5302 facimus;
1072 5231 1137 5302 nis,
1153 5236 1227 5307 qnae
1249 5229 1314 5291 erit
1334 5228 1371 5289 in
1393 5225 1589 5303 corporibus
1600 5221 1803 5301 glorificatis.
1818 5220 1856 5279 fn

223 5326 310 5390 unde
331 5327 485 5403 sequitur
506 5324 650 5387 ibidem:
670 5325 803 5393 liabens
817 5325 973 5389 fiduciam
984 5327 1019 5388 in
1073 5331 1199 5387 6616616
1232 5338 1361 5387 nonum
1393 5336 1519 5385 omnen
1539 5319 1606 5383 erit
1635 5318 1801 5394 scriptum,
1824 5312 1855 5371 11¹

224 5422 470 5498 pulchritudine
487 5424 556 5494 tua,
585 5421 749 5485 fornicata
772 5438 809 5485 es
833 5423 1021 5487 innomine
1074 5421 1268 5485 sicutmodo
1283 5414 1799 5483 dicituracnristocnrisnanus
1813 5405 1853 5466 ili

261 5621 303 5691 (1)
324 5620 384 5679 Lib.
399 5623 437 5681 ill
449 5623 642 5681 Commentar.
655 5624 682 5680 io
697 5623 812 5695 1116616,
822 5639 886 5696 cap.
901 5624 944 5681 16.
1111 5625 1152 5701 (1)
1173 5624 1257 5695 Vufg.
1275 5639 1281 5680 :
1298 5621 1469 5679 (1666116111.
