3950 6200
240 346 317 411 liat
663 355 697 415 S.
725 354 899 418 aNiuNn
928 357 1116 423 PADUANI
1136 365 1282 428 *OPERA
1309 368 1456 433 OMNIA.
1802 382 1874 445 1132

278 508 338 569 Ha
348 511 426 570 sunt
435 524 575 582 merces,
587 526 670 587 quas
680 512 746 575 olto
757 513 929 595 exposuit3
943 515 1031 578 unde
1087 522 1160 582 teus
1182 526 1334 615 Viventis
1347 529 1400 592 est
1413 530 1503 593 rislo
1515 534 1653 607 aeterna,
1669 552 1769 614 qaam
1782 554 1871 603 nemo

237 604 421 666 Ezechielis
435 605 505 685 (27,
527 607 602 688 17):
619 610 748 683 «luda,
768 613 801 673 et
814 613 906 687 terra
926 613 1031 674 lsrael
1087 621 1195 695 potest
1215 622 1369 701 haurire;
1389 628 1424 689 et
1442 628 1484 691 lle
1502 631 1694 708 cognitione
1714 635 1788 705 viar,
1806 654 1872 715 qua

236 699 302 777 ipsi
324 702 494 765 institores
512 705 561 767 tui
584 705 619 766 in
640 704 806 770 frumento
822 709 942 786 primo,
957 709 1033 772 bal·
1087 719 1221 780 notatur
1232 736 1293 797 per
1306 722 1871 807 deambulationemperveniturad

236 813 377 871 samum,
393 800 470 873 mel,
492 803 527 863 θῖ
544 802 667 877 oleum,
687 805 721 866 θῖ
741 805 887 867 resinam
910 821 1033 883 propo-
1087 813 1291 880 lruitionem.
1318 822 1410 894 Quod
1442 824 1541 887 nobis
1570 831 1734 905 praestare
1765 831 1873 908 digne·

235 900 376 959 suerunt
389 897 424 958 in
440 899 600 961 nundinis
612 902 690 963 tuis.
706 919 725 964 r
747 905 825 964 Haec
840 903 1033 979 signillcont
1086 913 1152 985 tur,
1173 917 1236 976 eto.

234 993 323 1055 (lona
350 995 494 1071 Spiritus
521 998 647 1073 Sancti,
672 1014 746 1076 quaa
771 1001 909 1077 apponit
932 1001 1031 1076 Juda,

234 1090 321 1152 idest
333 1092 568 1155 confitentibus
584 1097 686 1157 Deum
702 1113 763 1173 per
776 1113 877 1174 opera
893 1098 982 1171 lidei,
1000 1104 1033 1161 et
1335 1074 1475 1136 SERMO
1497 1076 1635 1138 CCXXI·

235 1189 398 1251 caritatis.
415 1192 631 1254 Frumentum
651 1196 702 1255 est
723 1195 874 1257 Christus
888 1212 1033 1274 concep-
1086 1215 1213 1285 Quamef
1225 1217 1351 1279 ,ahma
1362 1222 1457 1281 wrm„
1472 1226 1631 1297 mm
1642 1227 1873 1301 mmmmm

235 1288 289 1347 tus
309 1287 346 1348 in
362 1289 457 1350 utero
471 1289 622 1366 Virginis
641 1311 648 1350 ι
670 1294 743 1368 lpse
763 1294 815 1354 est
832 1291 1030 1367 balsamum,
1123 1321 1173 1378 per
1188 1316 1351 1381 peccatum
1367 1312 1489 1385 qualiter
1503 1328 1555 1387 per
1565 1313 1741 1388 unimodum
1756 1317 1870 1376 Dalm

235 1399 301 1460 quo
314 1384 435 1447 debent
447 1386 565 1463 inungi
578 1390 717 1461 mentes,
729 1391 762 1451 et
771 1390 873 1451 corda
883 1390 1031 1453 lidelium
1122 1397 1224 1455 trultur
1238 1411 1325 1456 omne
1337 1407 1487 1472 peceatum
1502 1402 1532 1460 in
1551 1411 1708 1476 peccatore
1713 1420 1725 1476 ;
1738 1404 1776 1464 (lc
1786 1406 1874 1466 coelas

234 1497 295 1557 par
309 1482 529 1546 imitationem
543 1484 649 1562 ipsius
664 1486 842 1563 passionis,
859 1503 920 1566 per
933 1489 1033 1551 redo·
1121 1484 1214 1542 sime·

234 1578 549 1690 lentiamubonorum
561 1598 711 1659 operum,
723 1583 1030 1696 perlragrationem
1087 1632 1238 1694 auoaeso
1254 1635 1455 1708 pavimento
1472 1637 1592 1697 amma
1612 1648 1694 1698 mea
1713 1654 1727 1698 .·
1747 1640 1874 1711 „mm

234 1675 275 1736 aa
289 1692 497 1753 proximum:
510 1680 721 1757 Ipseestmal
735 1681 1032 1756 clunniacenses
1125 1741 1182 1789 me
1195 1730 1383 1791 secundum
1397 1732 1541 1793 verbum
1557 1733 1666 1793 guum·
1686 1731 1793 1813 (psal,
1811 1736 1873 1807 113,

233 1788 335 1835 uerus
361 1776 450 1837 Deus
476 1792 552 1838 cum
581 1779 692 1851 Patre,
719 1779 777 1857 qui
805 1780 912 1842 aliluit
934 1780 1032 1843 nobls
1124 1823 1193 1903 25)

232 1871 346 1932 oleum
369 1873 620 1947 misericordia,
641 1878 675 1938 et
696 1878 827 1952 gratim.
848 1880 927 1955 llius
951 1894 1032 1941 san·
1168 1869 1175 1885 ’

232 1967 309 2044 guis
323 1970 375 2032 est
395 1970 521 2043 resina,
537 1969 616 2049 quia
632 1988 695 2034 suo
713 1975 880 2049 sanguine
897 1978 1030 2039 nostras
1125 1976 1490 2053 Adbaeretpactmento
1503 1984 1637 2054 autom,
1651 1982 1787 2059 quando
1800 1998 1875 2045 con·

232 2064 445 2129 infirmitates
460 2069 603 2131 sanavit.
619 2085 638 2129 a
654 2070 689 2131 si
705 2071 879 2149 quaesieris
893 2074 1031 2151 sapien·
1085 2075 1271 2150 glutinatur
1296 2077 1437 2153 spiritus
1472 2077 1645 2141 illecebris
1674 2080 1871 2152 carnalibm,

232 2163 315 2225 tiam
330 2166 427 2241 quasi
442 2166 631 2242 pecuniam,
646 2170 680 2230 et
694 2169 780 2232 sicut
794 2169 971 2234 tbesauros
984 2171 1031 2234 el-
1084 2173 1172 2236 sicut
1185 2173 1267 2235 alibi
1282 2173 1364 2236 dicit
1381 2175 1559 2239 Psalmista
1574 2175 1642 2255 (43,
1659 2177 1716 2256 25)
1730 2199 1743 2239 ι
1756 2196 1775 2237 ‹
1790 2180 1872 2241 Can·

232 2259 357 2323 luderis
370 2263 475 2339 illam,
486 2265 566 2327 tunc
576 2267 751 2329 scientiam
761 2269 821 2330 Dei
834 2267 1029 2332 invenies.»
1084 2271 1268 2348 glutinatus
1280 2274 1331 2334 est
1344 2272 1482 2336 interra
1496 2276 1613 2337 venter
1624 2278 1752 2350 nostor,
1763 2294 1782 2336 r
1795 2277 1872 2343 idest

273 2368 307 2431 si
321 2368 371 2432 sic
391 2371 576 2449 quaesieris,
598 2375 678 2435 tunc
692 2374 861 2452 intelliges
873 2375 1028 2439 timorem
1083 2368 1297 2431 sensualilfl&
1322 2373 1359 2432 ln
1382 2371 1526 2433 Thffiniss
1549 2371 1595 2451 (2,
1618 2372 1873 2452 ¹1>³⁴Dl³f<³⁰0·

232 2468 365 2529 Domini
380 2484 440 2544 pro
453 2468 626 2532 benellcils
640 2474 724 2548 ejus,
741 2488 815 2549 quaa
830 2473 927 2534 nobis
946 2490 1029 2536 con·
1083 2468 1162 2529 runi
1184 2467 1274 2529 oculi
1300 2467 1366 2529 mei
1390 2483 1459 2546 ΡΜ
1484 2467 1654 2546 lacrimis,
1680 2473 1870 2534 conturbata

231 2564 320 2626 tulit.
338 2565 374 2628 si
393 2566 554 2628 fuerimus
569 2568 705 2645 ingrati,
722 2570 829 2646 magis
843 2571 1026 2634 timendum
1083 2564 1301 2626 antitistem
1315 2581 1400 2638 moa,
1414 2565 1557 2627 &filistim
1569 2567 1621 2628 est
1633 2567 1670 2628 in
1682 2570 1871 2647 terruisset

232 2663 285 2723 est
305 2661 417 2738 nobis;
443 2665 531 2726 unde
551 2664 613 2727 Job
635 2664 700 2744 (10,
723 2665 831 2746 17):«
855 2668 1027 2731 instauras
1083 2678 1192 2724 meum
1213 2677 1315 2740 super
1335 2664 1535 2727 contritione
1556 2664 1636 2726 tiliae
1658 2667 1775 2743 populi
1799 2668 1867 2739 mei>

230 2760 423 2821 testastuos
443 2764 559 2823 contra
581 2778 646 2834 me,
662 2765 696 2824 et
715 2765 918 2841 multiplicas
940 2766 1025 2827 iram
1082 2775 1156 2820 cum
1177 2760 1334 2822 deficeret
1353 2762 1525 2838 parvulus,
1543 2764 1575 2823 et
1596 2761 1729 2825 lactens
1749 2765 1783 2826 in
1803 2765 1869 2842 ula·

232 2858 324 2918 tuam
337 2859 452 2918 contra
468 2874 532 2930 me,
548 2862 584 2921 et
599 2876 705 2936 poeum
720 2862 865 2924 militant
879 2864 914 2924 in
929 2879 993 2925 me.
1008 2882 1027 2924 s
1081 2857 1145 2919 teis
1159 2857 1283 2935 oppidi.
1301 2874 1320 2918 s
1340 2860 1458 2921 Jecore
1479 2875 1632 2923 amamus
1645 2859 1715 2942 (2)3
1730 2865 1825 2940 10⁰⁰?
1836 2862 1867 2922 11¹

229 2955 346 3014 Testes
361 2953 418 3015 isti
440 2956 518 3016 sunt
538 2958 646 3018 motus
666 2959 790 3033 carnis,
812 2959 865 3021 vel
887 2977 1027 3038 sugges-
1080 2958 1172 3017 terra
1187 2956 1248 3026 est,
1263 2955 1395 3033 quando
1408 2972 1503 3018 amor
1515 2957 1631 3034 flgitur
1644 2959 1681 3021 in
1693 2962 1866 3021 terrenum.

230 3051 339 3113 tiones
364 3050 501 3126 diaboli,
527 3054 580 3117 uel
603 3054 712 3118 latens
733 3057 831 3135 culpa
854 3057 890 3120 in
912 3074 1023 3136 opere.
1081 3056 1162 3116 item
1184 3054 1219 3116 in
1230 3057 1345 3133 jecore
1366 3055 1417 3117 est
1435 3054 1509 3118 lons
1530 3056 1656 3119 caloris
1677 3057 1778 3120 totius
1797 3071 1868 3119 cor-

229 3150 313 3211 Ecce
338 3150 372 3212 in
399 3150 443 3212 iis
467 3152 669 3216 testimoniis
692 3156 726 3218 θῖ
748 3155 967 3232 ingratitudo,
993 3159 1026 3220 et
1080 3151 1455 3229 pori82lluicllm11imi⁸
1470 3154 1865 3226 ascenditadoerebrm

229 3262 348 3323 poenae,
365 3263 449 3324 quas
471 3250 631 3312 Dominus
652 3268 772 3329 passus
793 3255 855 3326 est,
880 3255 1025 3317 militant
1079 3247 1299 3322 turbalillud‚
1320 3248 1354 3311 el
1372 3249 1487 3310 oculos
1500 3249 1650 3326 impedit·
1672 3251 1731 3313 Sic
1752 3251 1868 3312 nimius

228 3345 345 3406 oontm
363 3361 441 3421 nos3
460 3346 536 3410 ideo
551 3348 632 3411 dicit
648 3350 814 3427 Propheta
832 3373 840 3412 :
860 3355 904 3416 [η
917 3368 1024 3416 man-
1079 3345 1192 3407 lervor
1206 3345 1331 3407 terreni
1345 3345 1471 3408 amoris
1483 3345 1597 3410 turbat
1607 3346 1826 3419 intellectum,
1837 3349 1866 3408 et

226 3437 320 3499 dotis
334 3438 405 3500 tuto
419 3443 624 3514 exerceam,-
646 3441 680 3502 in
696 3442 814 3520 quibus
830 3459 872 3506 ne
886 3444 1024 3507 delicia·
1079 3441 1241 3514 obfuscat,
1258 3443 1292 3505 et
1306 3443 1395 3519 cogit
1408 3442 1550 3506 deficere
1563 3443 1700 3506 oculum
1716 3445 1866 3517 rationis

228 3549 315 3608 mus,
339 3534 541 3612 subjungit:
566 3540 798 3602 considerabo
821 3544 900 3603 clos
917 3542 1024 3605 tuos:
1078 3541 1110 3601 et
1125 3541 1260 3616 propter
1273 3539 1338 3604 boo
1352 3538 1453 3601 dicit:
1466 3542 1677 3613 Defecerant
1690 3544 1867 3606 meimet

226 3631 304 3694 illas
315 3633 401 3704 rias,
419 3633 460 3694 tle
477 3634 599 3711 quibus
614 3636 756 3699 babetur
772 3638 808 3699 in
822 3640 944 3700 Genesi
956 3637 1021 3720 (24,
1077 3635 1204 3698 Deiecit
1222 3639 1256 3698 θῖ
1272 3642 1453 3710 paraturas,
1472 3636 1560 3700 ioest
1577 3653 1701 3700 sensus
1722 3639 1864 3710 interior,

227 3728 306 3809 62)=
329 3748 348 3791 θ
370 3731 611 3796 Deambulabat
633 3736 728 3797 Isaac
747 3751 807 3812 per
825 3736 927 3810 viam,
947 3753 1022 3815 qnia
1077 3734 1133 3811 qui
1149 3732 1233 3795 nibil
1249 3733 1451 3810 potestnlsi
1472 3733 1661 3810 dirigatur:
1679 3737 1865 3805 alludens,

226 3827 1023 3907 oueltauputeumuivenus‚etv1uentisinme-
1077 3832 1163 3893 idest
1185 3845 1315 3892 mensa
1335 3831 1454 3907 gratie
1470 3830 1629 3894 uberibus
1644 3833 1792 3910 primum
1805 3849 1865 3894 nu·

225 3924 315 3986 ridie
323 3917 384 4003 (1).
397 3942 416 3987 r
429 3929 554 3990 Puteus
570 3927 632 3990 istc
642 3931 695 3992 ast
707 3930 916 4006 profunditas
927 3930 1022 3994 iutel-
1075 3929 1268 3991 trimentum
1282 3943 1429 3994 sumens
1445 3929 1531 3990 Nam
1546 3928 1745 3993 deiecerunt
1758 3936 1795 3993 tn
1802 3933 1864 4006 plo·

224 4021 375 4098 ligentiac
390 4038 495 4086 sacrae
518 4025 712 4102 scripturae,
735 4043 810 4105 quoe
831 4031 951 4105 puteus
970 4031 1022 4091 est
1076 4028 1142 4089 tett
1155 4028 1280 4102 oppidi,
1296 4025 1384 4089 idest
1398 4026 1433 4087 in
1447 4026 1570 4103 ampla,
1590 4028 1625 4087 et
1645 4026 1715 4089 lata
1730 4027 1787 4090 via
1801 4041 1865 4088 nra·

229 4122 395 4194 videatis,
419 4119 476 4184 ubi
506 4121 641 4184 ridetur
668 4124 839 4187 Dominus.
868 4125 1020 4188 Christus
1076 4125 1157 4186 litim
1168 4124 1267 4201 hujus
1280 4123 1408 4196 saeculi,
1424 4139 1523 4200 quam
1536 4137 1656 4185 sensus
1669 4125 1862 4201 ingreditur,

221 4219 274 4281 est
287 4220 406 4295 puteus
420 4219 555 4282 eterne
570 4219 753 4294 felicitatis,
770 4225 1020 4301 clausentiam
1075 4238 1150 4283 cum
1165 4237 1225 4298 per
1247 4221 1402 4283 ardorem
1424 4220 1564 4283 nimium
1579 4222 1726 4283 terrenae
1746 4220 1863 4300 cupidi-

220 4315 397 4378 exhauriri
411 4333 479 4379 non
498 4319 615 4394 potest.
632 4318 693 4381 Vel
708 4322 827 4396 puteus
853 4324 1018 4398 Viventis,
1074 4317 1152 4380 tatis
1166 4318 1308 4379 rationis
1321 4316 1441 4379 oculus
1452 4315 1660 4383 obfuscatur.

221 4416 256 4477 et
300 4417 463 4488 Videntts,
501 4416 748 4493 conjunctionis
784 4419 1016 4495 aenigmaticae,
1114 4415 1176 4478 Hic
1194 4430 1274 4491 ergo
1289 4415 1477 4477 intellectus
1495 4430 1515 4475 a
1530 4414 1687 4488 terrenis,
1703 4415 1760 4477 rel
1775 4429 1865 4480 mun·

222 4523 321 4588 quem
333 4512 448 4575 uidere
468 4515 520 4575 est
534 4514 664 4587 vivere;
686 4516 765 4592 quia
786 4516 859 4580 baeo
879 4519 931 4580 ent
948 4519 1018 4581 rita
1073 4512 1170 4574 danis
1187 4512 1352 4573 vivificari
1377 4512 1460 4589 petit
1482 4527 1503 4573 a
1524 4511 1666 4574 Domino
1686 4512 1862 4576 secundum

221 4610 361 4680 aeterna,
375 4612 412 4671 ut
426 4625 666 4685 cognoscamus
678 4614 712 4675 te
725 4629 843 4676 uerum
854 4617 972 4687 Deum,
984 4619 1019 4679 et
1072 4610 1209 4672 verbum
1224 4625 1332 4678 suum,
1348 4608 1464 4671 dicens
1480 4624 1488 4669 :
1511 4610 1652 4680 Vtoifioa
1670 4625 1729 4672 me
1741 4623 1860 4673 secam·

221 4721 319 4785 quem
329 4706 450 4768 misisti
459 4708 574 4769 Jesum
585 4708 753 4772 Christum
764 4708 891 4790 (ioan,
905 4713 954 4787 17,
967 4712 1015 4793 3).
1071 4711 1153 4770 etiem
1176 4712 1321 4770 ceruum
1344 4707 1453 4768 tuum.
1478 4705 1622 4768 Verbum
1645 4706 1737 4768 istud
1763 4706 1861 4768 Filius

219 4805 295 4880 Via,
311 4820 388 4880 quea
406 4806 500 4866 ducti
518 4808 564 4866 aci
580 4805 738 4881 puteum,
759 4807 823 4870 luit
843 4810 970 4885 passio,
984 4812 1017 4873 et
1071 4807 1124 4867 est
1138 4805 1197 4866 Dei
1219 4805 1341 4875 Patris,
1362 4806 1460 4866 Jesus
1480 4803 1643 4878 Christus,
1666 4805 1739 4866 siue
1757 4803 1859 4882 gratia

219 4902 464 4980 perambulatio
478 4902 666 4979 passionis:
683 4904 779 4965 modo
794 4906 882 4967 enim
899 4907 1018 4985 liagel-
1072 4903 1216 4980 Spiritus
1232 4901 1358 4972 Sancti,
1369 4902 1404 4962 et
1414 4900 1662 4973 illustrationis,
1679 4901 1722 4963 de
1733 4903 1861 4979 quale·
1922 4981 1926 4986 Ι

219 5000 319 5072 latus,
341 5000 439 5062 modo
461 5002 656 5077 consputus,
677 5001 775 5063 modo
797 5003 903 5080 spinis
918 5020 1017 5067 coro-
1071 4999 1193 5060 remias
1217 4996 1282 5077 (49,
1301 4996 1356 5076 2):
1376 5014 1395 5057 θ
1416 5000 1499 5058 Εθθθ
1521 4996 1593 5057 dies
1611 4997 1764 5070 veniunt,
1786 4996 1859 5058 dicit

219 5099 339 5159 natus:
356 5113 434 5160 ecce
446 5096 689 5173 deambulatio;
705 5102 739 5162 θῖ
753 5115 813 5177 per
827 5100 926 5162 istam
942 5117 1016 5179 per·
1070 5096 1243 5170 Dominus,
1261 5097 1294 5158 et
1303 5095 1454 5157 auditum
1468 5094 1589 5156 faciam
1600 5110 1703 5172 super
1714 5092 1859 5158 Rabbatb

219 5195 406 5257 reniturad
423 5194 565 5272 gloriam
580 5195 853 5262 immortalitatis.
875 5198 936 5259 Vel
951 5216 1015 5276 pu-
1070 5195 1214 5257 liliorum
1228 5199 1367 5256 Ammon
1382 5192 1548 5255 fremitum
1565 5192 1688 5269 prelii,
1705 5192 1857 5256 eteritis
1940 5285 1941 5289 Ἰ

1939 5347 1940 5378 l

255 5399 296 5470 (l)
311 5399 343 5456 in
358 5397 689 5472 meridiallbtllulgsts
706 5397 812 5457 babet:
828 5399 923 5468 ‹011oe
935 5399 1014 5460 ducit
1067 5400 1139 5459 Gen.
1163 5404 1233 5456 tom.
1255 5398 1306 5466 lll,
1326 5396 1394 5455 edit.
1415 5395 1701 5480 liaur.,·llntwerp.,
1721 5397 1779 5480 ool²
1800 5395 1856 5478 β,

219 5468 255 5525 nd
266 5477 391 5542 puteum,
406 5468 488 5542 cujus
500 5483 603 5527 nomen
616 5476 659 5527 est
673 5469 814 5539 Viventis,
824 5477 852 5527 et
864 5470 1009 5531 videntis:
1065 5469 1154 5543 legit:
1168 5492 1179 5520 ι
1194 5471 1228 5527 Εῖ
1237 5469 1306 5527 exiit
1318 5470 1401 5527 isaac
1411 5481 1537 5533 exerceo
1549 5481 1578 5524 ru
1589 5481 1695 5550 campo
1707 5466 1855 5551 menum·

218 5537 364 5595 habitabat
377 5540 453 5596 enim
474 5541 591 5598 interra
608 5541 738 5611 australi;
755 5562 767 5590 ι
788 5541 816 5598 in
833 5541 953 5599 liebraeo
967 5543 1008 5601 le·
1114 5540 1143 5608 Ξ)
1164 5541 1260 5598 iecore
1279 5554 1418 5595 amamus.
1442 5539 1527 5596 Jecur
1546 5552 1562 5595 a
1583 5538 1741 5621 Platonicis
1760 5538 1857 5596 initu

219 5607 314 5678 gitur:
333 5630 344 5658 ι
361 5611 395 5690 lit
409 5612 491 5667 isaac
504 5612 648 5679 veniebat,
663 5619 730 5679 etc,
743 5618 772 5668 et
787 5612 848 5685 ipse
861 5613 966 5671 sedens
980 5614 1010 5671 ln
1116 5626 1149 5669 es
1159 5610 1366 5685 praecipuorum
1380 5609 1546 5676 affectuum,
1560 5615 1590 5666 ut
1602 5622 1721 5678 amens,
1733 5624 1793 5678 tras,
1803 5615 1852 5666 stc

219 5684 293 5733 terra
316 5676 481 5735 meridiei.»
502 5682 536 5737 Et
555 5682 583 5738 S.
606 5682 783 5753 Augustinus
804 5690 903 5756 quast.
923 5684 959 5743 69
979 5685 1010 5743 iu
