3950 6200
211 255 253 315 55
825 255 1003 317 HONORII
1024 255 1070 315 111
1091 256 1240 317 OPERA.
1812 261 1853 322 so

209 430 296 476 rmus
317 416 455 493 spiritus
476 417 519 479 sit
533 432 607 477 cum
625 418 684 477 eol
705 415 772 478 Aut
786 414 950 492 quomodo
971 414 1004 476 ei

209 512 403 589 obsequium
426 513 612 590 denegabit,
627 513 684 590 qui
704 511 768 573 sibi
787 511 1003 589 obsequenti-

208 607 1004 685 husdansvirtutes,tantapraemiaelargitur‚ut

209 705 359 767 haeredes
383 707 515 783 quidem
531 706 672 776 Domini,
688 705 878 767 cohaeredes
893 708 1003 767 autem

210 803 335 865 Christi
350 804 459 864 effecti
479 804 595 879 gloriae
615 804 710 879 regni
737 804 893 875 coelestis,
919 804 1005 863 insi-

209 901 289 975 gnia
305 917 443 977 quaeque
472 901 614 963 feliciter
635 901 831 972 obtinentes,
852 900 1003 961 miracu-

209 997 279 1058 lose
293 998 484 1059 revelentur
498 999 531 1058 in
545 998 654 1070 terris,
669 1001 702 1059 et
720 998 879 1075 quidquid
892 999 1003 1074 petie-

208 1094 288 1166 rint,
325 1095 383 1156 dat
416 1095 746 1157 eislGontundantur
769 1111 849 1171 ergo
881 1095 1001 1167 Judaei,

207 1192 453 1254 contundantur
468 1193 627 1264 haeretici,
650 1191 848 1255 erubescant
861 1194 1000 1269 pagani,

97 1308 102 1317 ·
208 1289 242 1348 et
254 1293 446 1364 peccatores
458 1291 499 1351 ad
510 1290 738 1366 poenitentiam
755 1291 1002 1366 convertantur3

209 1384 288 1445 dum
301 1386 398 1447 fldem
414 1387 449 1447 in
475 1387 604 1450 Christo
620 1387 826 1449 credentium
841 1388 933 1449 tanta
947 1403 1006 1448 re-

209 1484 381 1544 munerari
396 1484 559 1545 donorum
585 1484 794 1560 conspiciunt
811 1484 1002 1560 largitione,

248 1582 335 1642 Sane
345 1580 547 1642 venerahilis
561 1581 664 1642 irater
678 1582 792 1643 noster
812 1581 1003 1658 archiepis-

208 1692 322 1753 copus,
346 1679 379 1740 et
402 1679 514 1740 dilecti
542 1678 603 1738 tilii
630 1678 788 1751 decanus,
811 1680 844 1740 et
869 1679 1003 1755 capitu-

208 1773 277 1834 lum
300 1775 511 1838 Eboracense
549 1775 636 1852 apud
674 1793 735 1837 nos
770 1792 830 1852 per
860 1776 1001 1847 litterae,

208 1873 243 1932 et
271 1887 331 1948 per
352 1874 529 1948 magistros
560 1876 597 1933 G.
632 1873 937 1949 poenitentiarium,
971 1874 1005 1934 et

208 1968 339 2029 Heliam
374 1969 537 2031 Bernardi
565 1969 825 2041 Ehoracensem,
856 1970 888 2032 et
915 1971 1005 2030 Lau-

208 2067 355 2127 rentium
381 2068 647 2143 aquilegensem,
675 2067 854 2128 canonicos
882 2082 1005 2143 oppor-

207 2162 299 2235 tune,
313 2165 502 2241 importune
514 2165 640 2242 pluries
651 2165 818 2236 insistere,
829 2167 866 2225 ut
880 2165 1003 2226 sauctae

209 2262 378 2323 memoriae
394 2263 620 2334 Wilhelmum,
638 2262 803 2339 quondam
815 2262 1005 2337 archiepis-

210 2373 340 2434 copum,
371 2360 457 2421 sicut
480 2375 523 2420 ex
554 2359 804 2420 multorumtlde
829 2359 1002 2435 dignorum

207 2456 409 2517 testimoniis
437 2455 630 2532 apparebat,
650 2456 745 2517 tauta
775 2455 867 2516 fulsit
895 2456 1004 2530 gratia

208 2553 413 2624 meritorum,
431 2553 517 2630 quod
547 2553 650 2614 multa
673 2568 733 2628 per
748 2568 823 2612 eum
844 2552 1003 2614 Dominus

208 2648 364 2725 dignatus
385 2652 437 2710 est
451 2650 597 2725 gloriosa
619 2648 780 2708 miracula
806 2650 948 2724 operari,
971 2651 1004 2709 et

208 2749 285 2823 post
296 2747 468 2808 decessum
483 2747 588 2823 ipsius
599 2761 719 2822 corpus
730 2748 803 2823 ejus
816 2745 919 2807 multo
928 2746 1004 2822 plu-

208 2841 302 2901 ribus
315 2842 406 2903 dedit
420 2842 629 2903 mirabilibus
649 2857 837 2913 coruscare,
848 2841 1003 2917 catalogo

207 2941 398 3000 sanctorum
412 2939 677 3000 adscriberemus
692 2939 728 2998 in
744 2939 892 2999 Ecclesia
908 2938 1002 2998 mili-

210 3036 306 3105 tanti,
316 3053 390 3100 cum
402 3036 718 3109 nonessetdubium,
732 3036 880 3113 ipsumin
890 3035 1004 3096 trium-

207 3134 323 3210 phanti
350 3151 370 3196 a
395 3136 535 3196 Domino
571 3134 803 3210 multipliciter
830 3133 1001 3194 honorari.

207 3233 330 3293 Verum
351 3231 429 3294 licet
454 3232 551 3292 tidem
572 3232 771 3292 testimoniis
794 3229 1001 3298 adhibentes,

206 3329 241 3389 et
254 3329 351 3391 t'amae
357 3330 483 3405 jugiter
500 3329 540 3390 de
555 3330 627 3406 ipso
642 3328 806 3389 crescenti
821 3328 1004 3389 credulita-

204 3426 272 3486 tem
286 3426 422 3487 minime
442 3428 656 3502 denegantes,
677 3426 821 3487 libenter
841 3424 1002 3487 vellemus

202 3537 355 3585 annuere
377 3524 532 3601 precihus
556 3524 815 3602 supplicantium
832 3539 840 3596 ;
857 3523 1002 3600 quieta-

206 3635 283 3680 men
298 3622 411 3683 intam
439 3623 565 3695 sancto,
596 3624 629 3683 et
648 3622 761 3683 divino
782 3620 914 3696 negotio
932 3634 999 3680 non

206 3718 291 3788 erat,
308 3719 374 3780 nisi
398 3736 473 3781 cum
500 3719 691 3781 maturitate
719 3718 863 3794 plurima
877 3731 999 3793 proce-

205 3812 361 3884 dendum,
371 3817 495 3892 pluries
511 3831 570 3893 per
581 3817 672 3876 viros
687 3815 809 3876 electos
823 3815 891 3874 tam
902 3829 1003 3889 super

204 3910 1003 3990 vitaquamsupermiraculissauctipraedictiin·

206 4010 419 4085 quisitionem
435 4009 507 4069 lieri
528 4009 666 4070 lecimus
686 4008 904 4084 diligentem3
926 4023 1001 4068 cum

204 4107 267 4168 etsi
280 4107 321 4168 ad
333 4107 519 4168 sanctitatis
534 4106 745 4168 existentiam
761 4105 906 4166 sulliciat
922 4121 1002 4180 per-

206 4203 305 4265 sectio
314 4204 525 4276 caritatis,ad
536 4204 760 4265 ostensionem
771 4203 882 4263 tamen
893 4202 1000 4279 ipsius

206 4301 444 4362 miraculorum
452 4301 614 4364 exhibitio
626 4301 792 4376 exigatur,
806 4316 845 4362 eo
854 4300 952 4376 quod,
969 4301 1002 4361 et

207 4398 359 4460 nonnulli
367 4400 531 4478 justitiam
548 4414 643 4459 suam
658 4399 795 4470 iaciunt,
808 4413 920 4458 coram
934 4396 999 4458 ho-

206 4495 1000 4571 minibus,utvideanturaheis,etnonnunquam

206 4592 358 4653 diabolus
373 4593 459 4653 sein
476 4593 562 4653 lucis
584 4592 739 4667 angelum
754 4591 1000 4667 transfigurans

206 4688 1001 4751 illudithominihuslrauduleuter.Undeeumiu-

206 4788 385 4865 quisitores
399 4786 698 4863 praedictireceptis
707 4801 808 4861 super
817 4786 870 4845 his
883 4801 1002 4862 quam-

204 4885 357 4962 pluribus
366 4883 506 4947 testibus
522 4884 587 4945 tide
599 4884 722 4959 dignis,
739 4885 772 4944 et
786 4882 998 4954 examinatis,

206 4984 292 5044 sicut
329 4982 490 5059 oportuit,
528 4981 721 5057 diligenter,
759 4979 856 5041 nohis
892 4980 1000 5056 ipsius

205 5081 313 5143 sancti
330 5079 550 5141 sanctissima
564 5078 642 5140 vitae
657 5078 819 5149 ordinem,
836 5078 869 5139 et
884 5076 998 5147 multa,

189 5173 239 5238 'et
253 5193 373 5253 magna
397 5178 570 5249 miracula,
589 5174 708 5253 quibus
732 5176 807 5251 post
827 5174 1000 5234 decessum

204 5277 288 5351 ejus,
305 5277 414 5351 ipsum
432 5275 591 5334 Dominus
613 5272 790 5347 magnifice
804 5271 999 5343 illustravit,

203 5373 302 5450 plene
318 5388 357 5432 ac
372 5373 471 5448 plane
481 5371 624 5432 fideliter
635 5370 839 5440 retulissent,
853 5385 914 5431 nos
928 5385 1002 5446 pro·

203 5470 281 5532 vide
290 5469 508 5541 attendentes,
519 5468 605 5546 quod
618 5483 685 5530 non
695 5469 768 5529 erat
780 5467 874 5528 tanta
889 5467 1002 5528 lucer-

205 5583 249 5630 na
264 5567 416 5646 ponenda
432 5565 492 5627 sub
513 5565 634 5638 modio,
651 5564 708 5627 sed
724 5579 824 5642 super
838 5564 1000 5626 candela·

1057 413 1155 477 hrum
1171 416 1357 490 statuenda,
1370 433 1445 480 cum
1456 420 1579 497 preter
1593 419 1662 481 alia
1677 419 1851 493 miracula,

1059 530 1132 590 quae
1160 514 1295 589 longum
1322 519 1410 578 esset
1435 533 1495 593 per
1518 518 1650 593 singula
1677 532 1851 587 enarrare,

1059 611 1270 686 sepulchrum
1287 616 1359 689 ejus
1384 614 1449 674 olei
1474 614 1623 675 ubertate
1643 615 1848 691 pinguescat,

1059 722 1123 782 quo
1137 708 1217 782 aegri
1233 724 1329 784 quam
1344 709 1456 785 plures
1471 711 1600 772 inuncti
1625 727 1645 770 a
1660 711 1730 771 suis
1746 711 1846 772 intir-

1060 804 1229 866 mitatihus
1242 806 1320 867 sunt
1334 808 1453 878 sanati,
1468 810 1501 869 et
1516 808 1600 884 quod
1617 824 1684 869 non
1696 809 1746 869 est
1760 824 1849 884 prae·

1058 902 1254 963 tereundum
1279 904 1425 975 silentio,
1448 906 1516 965 tres
1536 907 1683 966 mortuos
1707 905 1848 966 mirifice

1059 1000 1239 1071 suscitarit,
1268 1000 1301 1062 et
1333 1002 1478 1078 quinque
1506 1018 1611 1063 caecos
1640 1003 1847 1073 illuminans,

1059 1096 1117 1155 uni
1133 1112 1175 1158 ex
1190 1097 1249 1169 eis,
1265 1098 1366 1174 quiin
1378 1096 1488 1159 duello
1501 1098 1649 1160 devictus
1662 1099 1852 1176 etundique

1058 1193 1309 1267 damnificatus,
1335 1213 1409 1257 cum
1441 1196 1482 1257 ad
1511 1196 1723 1273 sepulchrum
1747 1197 1853 1273 ipsius

1059 1292 1166 1353 sancti
1187 1291 1346 1353 clamaret
1365 1293 1538 1365 instanter,
1557 1293 1590 1354 et
1604 1295 1730 1369 peteret
1748 1293 1854 1354 conti·

1059 1387 1185 1460 denter,
1203 1390 1239 1450 ut
1254 1389 1286 1451 ei
1300 1390 1416 1452 oculos
1439 1390 1639 1460 restitueret,
1656 1389 1774 1467 quihus
1795 1391 1853 1450 in·

1055 1487 1145 1561 juste
1169 1485 1277 1563 ipsum
1301 1486 1428 1548 sciebat
1448 1486 1611 1560 orbatum,
1634 1488 1719 1548 alios
1737 1487 1852 1548 oculos

1059 1597 1163 1643 novos
1189 1581 1370 1644 reddiderit
1396 1581 1542 1643 mirabili
1562 1583 1721 1654 novitate,
1743 1583 1852 1660 ipsum

1059 1678 1099 1739 de
1114 1680 1280 1740 communi
1294 1678 1434 1742 fratrum
1452 1683 1652 1751 nostrorum,
1667 1679 1853 1742 etaliorum

1058 1775 1282 1853 praelatorum,
1299 1778 1355 1854 qui
1372 1780 1554 1854 praesentes
1574 1778 1680 1849 erant,
1697 1777 1850 1850 consilio,

1058 1873 1307 1950 adscripsimus,
1321 1874 1374 1935 vel
1385 1875 1495 1952 potius
1507 1875 1710 1951 adscriptum
1724 1875 1850 1935 denun-

1058 1969 1221 2030 ciavimus
1238 1973 1428 2032 sanctorum
1444 1970 1595 2045 catalogo
1610 1969 1851 2042 consessorum,

1059 2068 1251 2138 statuentes,
1266 2070 1303 2129 ut
1327 2068 1362 2128 iu
1377 2067 1608 2128 anniversario
1630 2070 1702 2143 ejus
1715 2082 1851 2151 annua-

1057 2164 1115 2224 tim
1130 2163 1249 2226 lestum
1265 2158 1670 2226 solemniter'celebretur.

1098 2262 1213 2336 Igitur,
1228 2264 1264 2323 ut
1277 2264 1377 2323 tantae
1392 2263 1509 2337 gratiae
1524 2265 1647 2337 gratos,
1668 2262 1754 2323 sicut
1769 2276 1853 2323 con-

1057 2358 1158 2429 venit,
1174 2373 1234 2419 vos
1249 2359 1407 2429 reddatis,
1425 2358 1676 2419 universitatem
1701 2360 1850 2420 vestram

1058 2469 1231 2515 monemus
1244 2456 1277 2514 et
1289 2454 1461 2515 hortamur
1478 2455 1612 2522 attente,
1629 2469 1689 2530 per
1703 2456 1851 2530 Aposto-

1058 2549 1124 2610 lica
1156 2550 1251 2611 vohis
1291 2553 1414 2626 scripta
1447 2551 1657 2622 mandantes,
1688 2551 1852 2627 quatenus

1058 2646 1205 2722 ejusdem
1220 2648 1327 2708 sancti
1346 2648 1478 2719 festum,
1493 2649 1526 2709 et
1540 2648 1733 2709 memoriam
1748 2663 1854 2709 rene-

1057 2744 1188 2805 ratione
1203 2743 1312 2805 dehita
1324 2745 1509 2806 recolentes
1522 2745 1627 2821 ipsius
1643 2746 1730 2822 apud
1743 2749 1848 2806 Deum

1057 2840 1216 2902 virtutum
1226 2841 1397 2916 suffragia,
1411 2858 1470 2918 pro
1480 2841 1627 2913 vohis,et
1638 2843 1716 2902 aliis
1728 2843 1852 2903 Christi

1058 2937 1211 2998 fidelihus
1236 2938 1435 3000 fiducialiter
1453 2930 1647 3016 imploretis.
1670 2941 1739 3000 Nos
1760 2939 1851 2999 enim

1058 3034 1097 3096 de
1122 3036 1229 3111 gratia
1251 3035 1375 3108 divina,
1392 3037 1425 3099 et
1448 3036 1597 3113 praedicti
1615 3037 1721 3099 sancti
1741 3036 1849 3097 meri-

1056 3134 1100 3194 tis
1113 3134 1327 3205 confidentes,
1344 3134 1497 3195 omnihus
1510 3134 1551 3194 ad
1572 3134 1748 3195 ecclesiam
1759 3134 1849 3195 Eho-

1057 3246 1229 3292 racensem
1253 3231 1382 3292 infesto
1411 3234 1483 3307 ejus
1509 3231 1628 3292 devote
1643 3231 1852 3292 convenien-

1055 3327 1165 3399 tibus,
1191 3328 1411 3405 quadraginta
1438 3327 1508 3389 dies
1535 3327 1575 3389 de
1605 3328 1753 3404 injuncta
1786 3327 1851 3389 sibi

1057 3425 1251 3501 poenitentia
1274 3424 1535 3486 misericorditer
1555 3425 1757 3486 relaxamus.
1783 3427 1852 3485 Da-

1056 3523 1125 3583 tum
1138 3522 1304 3593 Laterani,
1319 3523 1378 3581 XV
1393 3522 1554 3583 kalendas
1565 3521 1693 3599 aprilis,
1708 3521 1851 3598 pontiti-

1057 3621 1150 3680 catus
1167 3619 1271 3680 nostri
1287 3634 1376 3680 anno
1389 3618 1528 3680 decimo.

1401 3869 1501 3955 dxx

1128 4019 1179 4079 Ad
1190 4019 1359 4078 decanum
1386 4017 1618 4091 etcapttzdum
1633 4019 1784 4079 ecclesiia

1204 4116 1312 4176 heatae
1325 4118 1452 4176 Mortoe
1466 4118 1701 4177 Toruaccnsts.

1341 4246 1375 4302 22
1384 4245 1478 4301 martii
1490 4245 1567 4302 lito.

1237 4367 1358 4434 [Mirans
1375 4368 1457 4433 Opera
1472 4366 1547 4433 dipl,
1564 4367 1606 4425 lv,
1624 4365 1676 4431 bh]

1055 4493 1213 4551 Licentiem
1227 4491 1408 4550 confirmata
1434 4490 1580 4564 Stephano
1604 4489 1749 4563 quondam
1768 4492 1846 4564 epis·

1090 4596 1164 4654 copo
1189 4582 1365 4638 lomacensi
1387 4578 1494 4649 datam,
1516 4586 1547 4637 ut
1568 4578 1675 4636 tructus
1697 4580 1849 4652 cujusdam

1091 4668 1251 4742 praehenda
1272 4670 1301 4724 in
1315 4682 1485 4725 communes
1499 4666 1628 4740 ejusdem
1652 4667 1782 4725 ecclesiae
1797 4684 1848 4726 ex·

1090 4772 1196 4832 pensas
1207 4763 1375 4814 convertere
1387 4757 1506 4828 possint,

1095 4883 1261 4945 Honorius
1270 4881 1456 4958 episcopus,
1467 4897 1583 4943 servus
1592 4897 1765 4942 servorum
1777 4883 1848 4954 Dei,

1056 4980 1187 5041 dilectis
1207 4979 1287 5038 tiliis
1314 4979 1440 5040 decano
1468 4980 1500 5039 et
1528 4977 1673 5053 capitulo
1697 4978 1849 5040 ecclesiae

1055 5078 1160 5139 heatae
1182 5076 1297 5137 Mariae
1310 5076 1542 5148 Tornaceusis,
1557 5075 1851 5152 salutemetApos·

1055 5175 1189 5236 tolicam
1202 5172 1478 5234 benedictionem.

1096 5274 1209 5332 Cuma
1232 5269 1328 5332 nohis
1343 5271 1465 5346 petitur
1489 5268 1574 5346 quod
1592 5268 1720 5344 Justum
1744 5271 1851 5332 estet

1055 5370 1244 5440 honestum,
1261 5369 1328 5428 tam
1349 5367 1446 5442 vigor
1459 5366 1624 5443 aequitatis
1643 5382 1743 5442 quam
1766 5369 1849 5429 ordo

1056 5467 1163 5543 exigit
1187 5466 1339 5536 rationis,
1369 5465 1406 5524 ut
1435 5462 1468 5523 id
1498 5479 1558 5540 per
1588 5461 1847 5526 sollicitudinem

1056 5564 1158 5627 officii
1173 5563 1277 5625 nostri
1301 5561 1343 5623 ad
1357 5559 1503 5622 debitum
1518 5560 1719 5639 perducatur
1743 5560 1849 5626 affec-
