3950 6200
256 390 318 451 ms
680 390 714 450 s.
743 388 919 451 amomi
946 384 1134 451 annuam
1163 386 1475 453 crannolinus.
1825 390 1874 454 sa

255 549 498 627 consequenter
518 548 633 609 dicens
663 569 672 608 ε
698 565 717 608 e
743 547 994 620 Existimabam,
1017 550 1054 610 nt
1106 545 1878 611 confestimnDominoexercitnnmrisitabitn

257 661 490 722 cognoscerem
506 645 579 717 boc,
597 644 692 706 labor
703 647 754 707 est
774 647 852 707 ante
869 654 932 717 me,
948 646 1053 707 donec
1107 645 1143 706 iu
1166 646 1325 716 tonitruo,
1344 647 1377 706 et
1399 644 1747 713 commotioneterrae,
1766 648 1798 707 et
1814 662 1878 708 mee

257 743 379 803 intrem
406 742 441 802 in
466 742 695 804 sanctuarium
719 743 790 814 Dei,
812 744 845 803 ei
866 743 1051 820 intelligam
1108 758 1240 818 magna,
1256 743 1506 820 attempestate,
1523 743 1557 803 et
1581 739 1716 802 flamma
1736 741 1818 817 ignis
1833 742 1878 805 de·

256 839 439 901 novissima
469 838 517 918 (1)
554 855 680 901 eorum.
708 840 763 900 Sic
793 840 882 900 enim
910 839 1055 903 faciebat
1107 840 1288 901 rorantis»
1309 855 1378 900 eos.
1394 839 1466 901 Erit
1487 836 1579 900 eninr
1590 840 1669 900 tunc
1693 844 1877 915 peccatorum
1937 886 1938 889 η

256 936 380 1012 Asaph,
403 937 489 1012 quod
519 937 590 1013 ipse
617 936 784 998 nitebatur
809 937 908 1011 scire,
924 953 990 1013 qua
1013 937 1054 999 de
1108 936 1301 1007 discussio,
1331 936 1496 998 bonorum
1528 950 1667 1012 operum
1705 932 1877 998 omissomn

255 1049 356 1095 causa
379 1033 538 1094 Dominus
557 1035 606 1095 sic
632 1032 753 1109 aidigit
771 1036 891 1111 justos,
913 1036 947 1096 et
970 1050 1052 1110 per-
1109 1033 1333 1109 exprobratio,
1350 1033 1551 1094 damnabilis
1561 1032 1736 1094 sententias
1748 1034 1876 1108 prolatio.

255 1130 357 1190 mittit
371 1130 492 1190 llorere
503 1131 623 1203 malos,
637 1132 670 1190 et
684 1131 759 1191 ideo
774 1130 844 1192 iere
859 1130 1056 1192 mouebatur
1109 1131 1188 1191 Haeo
1203 1130 1270 1191 iria
1282 1130 1480 1192 notanturin
1493 1129 1562 1189 illis
1571 1128 1875 1207 tribusversibus(3)

256 1240 316 1303 per
328 1241 363 1286 se
376 1242 442 1286 non
457 1225 639 1302 percipere,
651 1225 756 1287 donec
767 1226 897 1287 veniret
906 1227 947 1286 ad
960 1244 1056 1287 sanc·
1109 1226 1166 1303 qul
1192 1228 1370 1288 cantantur
1393 1226 1428 1287 in
1466 1226 1618 1302 exequiis
1647 1224 1876 1286 defunctorum:

255 1322 414 1394 tuarium,
428 1324 462 1383 et
474 1322 676 1397 intelligeret
685 1337 801 1382 eorum
814 1320 944 1383 ultima.
954 1324 1055 1383 Sanc·
1109 1324 1274 1383 Tremens
1290 1324 1403 1396 scetus
1429 1338 1508 1384 sum
1525 1337 1600 1399 eac,
1626 1323 1662 1384 et
1682 1323 1793 1388 timeo,
1814 1325 1879 1382 dum

256 1418 402 1481 tuarium
425 1418 556 1479 Domini
573 1417 782 1479 estcoelestis
799 1417 1055 1493 patriazmalo-
1108 1420 1276 1480 dtsmsssto
1300 1421 1437 1481 verterit
1458 1437 1470 1479 .·
1490 1435 1568 1480 ecce
1596 1421 1803 1495 peccatorum
1824 1418 1879 1480 dis-
1938 1424 1939 1429 ’

256 1529 330 1574 rum
357 1529 438 1574 rero
467 1514 667 1585 novissima,
696 1530 786 1575 mors
812 1517 950 1575 aeterna.
980 1518 1054 1592 lpse
1108 1514 1231 1576 cussio.
1259 1519 1346 1582 Quid
1368 1531 1430 1592 eoo
1452 1519 1677 1578 miserrimus
1702 1518 1817 1587 dmum,
1838 1522 1878 1578 eet

256 1612 357 1682 enim,
371 1627 446 1672 cum
461 1611 524 1672 hoc
535 1612 703 1673 sanctuari
709 1628 762 1672 um
777 1627 835 1688 per
849 1613 1055 1689 contempla·
1108 1615 1191 1685 quid
1203 1614 1357 1685 saetam:
1371 1615 1455 1674 Doce
1466 1613 1628 1675 bonorum
1644 1627 1780 1689 opernm
1795 1612 1880 1673 omis

256 1709 380 1770 tionem
401 1707 557 1782 intrabat,
575 1710 651 1769 tunc
666 1708 783 1769 ultima
801 1710 965 1769 malorum
990 1709 1055 1770 mi·
1109 1723 1222 1770 sorum
1251 1707 1477 1785 exprobratio.
1508 1714 1592 1771 Dies
1618 1713 1697 1783 itta,
1724 1712 1795 1770 dies
1818 1714 1879 1780 trn,

257 1804 445 1866 serabiliter
454 1804 599 1877 videbat,
611 1808 644 1867 et
653 1806 732 1866 tunc
742 1804 849 1877 iuriis,
862 1806 895 1867 et
904 1806 1053 1882 gaudens
1107 1806 1880 1876 calamitatis&miserioe,etc.Ecoe·sentenlis

256 1904 339 1974 erat,
361 1918 421 1963 nec
448 1918 524 1964 eum
549 1901 682 1964 fortuna
707 1902 870 1964 malorum
893 1919 1054 1981 prospera
1109 1902 1367 1964 executorue
1392 1904 1460 1973 est,
1487 1901 1573 1979 quod
1600 1901 1686 1963 vidit
1710 1901 1881 1962 Baltbassar
1939 1978 1940 1987 ἵ

256 1998 399 2076 amplius
415 1998 579 2060 irritabat.
594 1999 687 2071 Quod
699 2002 731 2061 et
746 1998 842 2062 debet
856 1998 967 2062 iacere
979 2001 1056 2078 qui·
1109 2014 1243 2059 manum
1258 1998 1458 2061 scribentem
1473 1998 1515 2060 in·
1523 1999 1649 2075 pariete
1665 2020 1673 2058 z
1687 2002 1797 2071 Mene,
1810 2002 1881 2058 llae-
1939 1990 1940 2007 ¹

256 2112 386 2174 cunque
406 2095 519 2158 taliter
534 2098 695 2158 movetur.
717 2096 818 2158 Debet
838 2098 927 2159 enirn
947 2098 1056 2175 respi-
1109 2101 1167 2167 ciet,
1183 2100 1323 2158 Plraree
1343 2096 1440 2174 (Dan.
1452 2098 1482 2167 5,
1499 2097 1541 2156 25
1556 2095 1598 2157 ad
1619 2094 1675 2172 28)
1689 2112 1698 2150 ε
1710 2098 1808 2156 Mune
1826 2110 1880 2154 nu-

255 2208 331 2257 cere
357 2193 398 2254 ad
430 2193 611 2255 novissima
638 2194 843 2270 peccatoris,
871 2195 912 2256 de
936 2194 1057 2272 quibus
1109 2193 1273 2254 meravit:
1290 2198 1407 2256 Placet
1422 2192 1580 2270 appendit
1596 2214 1605 2251 ι
1619 2197 1755 2255 Pharas
1774 2191 1881 2251 dirisit

255 2292 409 2353 deremiae
426 2290 490 2369 (12,
504 2289 538 2367 3)
553 2307 561 2352 ε
575 2308 594 2350 e
609 2293 781 2366 congrega
796 2306 854 2353 eos
870 2293 970 2368 quasi
983 2308 1056 2368 gre.
1109 2290 1310 2351 Numerauit
1324 2289 1422 2360 bona,
1436 2291 1470 2351 et
1486 2289 1614 2351 invenit
1627 2304 1734 2366 pauca
1750 2310 1758 2348 :
1772 2303 1882 2364 appen-

254 2402 329 2464 gem
353 2388 394 2449 ad
418 2389 599 2460 victimam,
616 2391 650 2449 et
673 2388 845 2450 sanctifica
866 2404 924 2450 eos
948 2391 983 2450 in
1002 2390 1062 2451 die·
1109 2386 1158 2448 dit
1184 2387 1285 2457 mala,
1309 2388 1342 2448 et
1362 2386 1492 2448 invenit
1521 2376 1626 2448 multa
1656 2402 1664 2441 τ
1690 2385 1801 2446 divisit
1822 2384 1881 2444 bac

258 2485 482 2559 occisionis»,
498 2483 551 2545 vel
576 2484 742 2545 caesionis.
761 2485 930 2561 saginatis
952 2486 1056 2560 enim,
1110 2483 1213 2544 multa
1226 2482 1344 2544 abillis
1356 2482 1682 2560 paucissenteutiam
1694 2480 1885 2558 proterendo,
1940 2540 1941 2567 ξ

255 2583 291 2643 ut
304 2581 413 2653 vituli,
431 2582 515 2642 nibil
536 2583 652 2650 restat,
669 2581 735 2642 nisi
757 2583 886 2643 securis
909 2583 1055 2645 occisio·-
1109 2579 1241 2642 scilicet
1254 2599 1261 2641 :
1276 2582 1329 2642 Ite
1342 2580 1613 2652 medicinae..

257 2677 322 2738 nis.
334 2679 576 2750 Namvituli,et
590 2677 692 2741 boves
705 2679 969 2754 impinguantur,
983 2681 1055 2741 sire
1150 2678 1236 2738 Hinc
1248 2679 1300 2738 est
1320 2692 1412 2752 ergo,
1428 2676 1513 2754 quod
1538 2676 1574 2736 si·
1591 2675 1799 2752 respicerent·
1812 2674 1884 2751 jnsti

255 2773 290 2834 in
310 2775 383 2849 lege
406 2773 455 2853 (2)
476 2777 611 2850 propter
634 2775 848 2846 sacrificium,
875 2777 953 2837 sive·
968 2778 1055 2838 inter
1109 2773 1461 2848 flagellationem,non
1472 2775 1688 2834 moverentur
1700 2772 1803 2849 pedes,
1812 2770 1883 2831 idest

259 2871 412 2931 homines
426 2873 560 2947 propter
574 2886 686 2944 esum3
701 2871 747 2932 ita
762 2872 795 2933 et
807 2872 885 2932 mali
900 2888 1052 2949 praesen·
1109 2869 1249 2931 affectus
1262 2884 1377 2931 eorum
1393 2872 1529 2947 propter
1547 2868 1743 2930 ielicitatem
1762 2867 1883 2929 munda-

257 2966 346 3028 tibus
362 2966 490 3027 deliciis
503 2966 661 3029 fruuntur
672 2969 708 3029 ut
721 2969 861 3044 pingues
874 2969 909 3029 in
923 2970 1054 3031 sacrin-
1109 2982 1198 3038 nam,
1212 2967 1247 3027 et
1268 2965 1508 3028 transitoriam.
1525 2966 1638 3026 Primo
1665 2965 1838 3042 respiciant
1855 2963 1884 3022 in

256 3064 344 3126 cium
359 3063 494 3126 diaboli.
516 3064 580 3127 Sed
594 3065 674 3126 illud
687 3066 893 3128 sacrificium·
904 3067 1055 3130 terribile
1110 3063 1241 3141 seipsis,
1262 3066 1295 3126 et
1316 3064 1503 3126 sustineant
1526 3062 1713 3140 patienter,
1722 3065 1758 3125 ut
1776 3061 1884 3140 possint
1941 3099 1942 3144 3

257 3165 319 3236 est,
331 3163 365 3224 et
379 3162 593 3235 horrendum,
610 3163 651 3224 de
663 3179 728 3240 quo
743 3164 1056 3240 Apostolusadlle-
1109 3161 1269 3237 cumipse
1284 3161 1388 3222 Dauid
1401 3159 1766 3236 dicere:‹castigatio
1779 3174 1844 3220 mea
1856 3158 1885 3217 in

255 3257 363 3320 braeos
379 3258 443 3336 (10,
465 3258 520 3337 27)
538 3277 545 3315 ε
562 3260 769 3322 (Terribilis
793 3265 844 3323 est
867 3264 1055 3339 expectatio
1109 3258 1294 3329 matutinis,
1316 3257 1445 3334 »quasi
1461 3256 1497 3318 in
1516 3273 1583 3318 nno
1612 3257 1785 3328 matutino,
1804 3255 1883 3316 etin
1941 3251 1942 3340 J

253 3355 383 3432 judicii,
393 3358 426 3417 et
438 3356 525 3431 ignis
536 3356 716 3428 aemulatio,
731 3374 804 3434 quse
817 3362 1055 3436 consumptura
1109 3355 1188 3428 alio,
1218 3355 1349 3417 scilicet
1363 3355 1396 3415 in
1416 3354 1542 3430 duplici
1569 3355 1735 3417 matutino
1759 3355 1806 3415 est
1823 3365 1886 3412 mea

256 3455 308 3515 est
330 3453 542 3514 adversarios
572 3454 706 3516 Christi.
732 3472 751 3515 ›
781 3458 864 3516 Ecce
889 3458 967 3533 quid
1005 3458 1054 3519 eis
1109 3450 1285 3514 eorrectio.
1302 3451 1399 3513 Etsic
1414 3451 1448 3511 in
1462 3452 1526 3512 boc
1538 3451 1659 3513 debent
1682 3449 1818 3526 intelligi
1829 3448 1884 3508 dno

255 3550 467 3626 relinquitur.
481 3551 571 3626 lgnls
582 3551 669 3611 enim
683 3552 906 3627 aemulabitur,
913 3555 1053 3632 etquasi
1110 3563 1209 3609 mane
1226 3570 1233 3608 ι
1247 3563 1361 3619 unum,
1375 3563 1440 3625 quo
1461 3548 1612 3609 Christus
1626 3547 1694 3610 luit
1705 3550 1823 3625 captus,
1836 3560 1886 3606 re·

255 3646 443 3709 armabitur
465 3663 525 3723 pro
549 3647 689 3710 Domino
718 3650 833 3712 contra
858 3650 959 3726 ipsos.
984 3653 1055 3712 Hoc
1107 3647 1235 3717 tentus,
1247 3644 1436 3721 flagellatus
1450 3666 1458 3705 ε
1473 3645 1576 3716 alind,
1590 3646 1626 3706 in
1639 3661 1712 3722 que
1721 3643 1886 3707 resurrexit

255 3744 405 3821 estquod
418 3744 541 3807 dicitur
559 3745 738 3821 sapientiae
752 3745 796 3824 (5,
814 3745 866 3823 18)
883 3751 1055 3809 :surma-
1109 3742 1151 3803 ad
1179 3742 1333 3820 glorian.
1369 3742 1404 3804 si
1430 3742 1520 3804 enim
1545 3743 1793 3804 consideremus
1815 3738 1885 3800 illud

255 3841 305 3903 bit
316 3842 503 3902 creaturam
513 3841 554 3902 ad
569 3841 731 3903 ultionem
741 3843 1056 3906 inimicorumsnr-
1109 3855 1217 3912 mane,
1234 3840 1275 3901 de
1290 3855 1355 3917 quo
1368 3838 1721 3918 mennaqusrscto
1733 3851 1886 3900 manecnr

256 3939 401 3999 mabitur
415 3940 569 3998 creatura
584 3939 618 3999 in
637 3938 765 4001 ultione
783 3941 914 4001 Domini
936 3947 1054 4003 contra
1108 3952 1168 3998 nes
1184 3937 1363 4014 principes,
1392 3939 1425 3998 et
1444 3936 1595 3998 seniores
1618 3936 1767 3998 inierunt
1791 3932 1886 3996 consi·

255 4034 394 4112 impios;
415 4038 448 4097 et
473 4050 551 4096 vere
572 4035 767 4096 armabitur.
789 4038 931 4100 Nomine
958 4054 1055 4100 crea-
1109 4034 1202 4105 liurn,
1217 4035 1378 4096 utlesum
1390 4034 1490 4095 morti
1503 4033 1686 4106 traderent,
1702 4036 1736 4095 et
1753 4033 1885 4095 vinctum

256 4134 351 4206 turae,
369 4132 513 4210 primas,
537 4135 570 4193 et
589 4133 790 4209 principales
808 4134 972 4210 designat,
987 4137 1055 4197 sci-
1108 4130 1329 4201 adduxerunt,
1351 4132 1384 4192 et
1397 4130 1608 4192 tradiderunt
1627 4131 1747 4192 Pontio
1769 4129 1884 4191 Pilato:

256 4228 334 4289 licet
349 4228 491 4305 quatuor
505 4226 679 4287 elementa.
701 4225 804 4288 Terra
828 4228 916 4288 enim
936 4243 1053 4291 arma·
1109 4227 1359 4289 consideremus
1373 4227 1473 4289 etiam
1488 4226 1579 4288 aliud
1590 4226 1798 4300 maite,illud
1811 4224 1888 4286 ride·

257 4324 347 4386 bitur
361 4327 460 4385 terrae
481 4326 582 4394 motu,
599 4324 717 4385 volens
731 4327 889 4385 excutere
900 4327 1054 4401 peccato·
1109 4326 1198 4393 licet,
1214 4326 1249 4387 iu
1264 4341 1329 4402 quo
1339 4324 1536 4385 resurrexit.
1553 4324 1683 4385 inistis
1699 4324 1820 4386 duobus
1832 4321 1890 4383 erit

255 4437 337 4483 rem.
359 4422 484 4482 Goelum
507 4421 667 4492 tonitruo,
689 4424 722 4481 et
746 4421 926 4496 grandine,
944 4438 985 4484 ne
1012 4424 1053 4485 ad
1109 4423 1277 4484 correctio
1287 4424 1400 4484 nostra
1413 4443 1421 4496 ;
1436 4423 1470 4483 et
1488 4422 1538 4482 sic
1552 4421 1756 4497 castigemus
1777 4437 1833 4483 nos
1855 4419 1887 4479 in

256 4518 364 4595 ipsum
375 4521 530 4595 peccator
538 4517 698 4579 veniatse
709 4517 901 4580 defendens.
912 4525 979 4580 Aer
987 4523 1054 4583 tur·
1109 4520 1293 4590 matutinis,
1310 4520 1346 4581 ut
1360 4535 1428 4580 non
1440 4534 1518 4580 cum
1532 4517 1644 4590 iatuis,
1661 4521 1695 4580 et
1709 4515 1889 4596 insipienti-

255 4615 344 4686 bine‚
360 4630 447 4691 aqua
459 4630 537 4676 vero
550 4617 755 4690 tempestate,
779 4617 815 4675 ut
829 4616 938 4678 locum
952 4617 987 4678 in
1003 4619 1053 4679 eis
1108 4617 1170 4678 bus
1184 4618 1333 4694 ipsorum
1346 4631 1461 4693 pacem
1476 4615 1745 4678 momentaneam
1765 4601 1890 4678 emule-

139 4721 144 4724 “
256 4712 493 4774 noninveniat.
506 4713 1051 4789 Flammaveroignisutdevoret,
1108 4730 1196 4775 mur.
1208 4714 1377 4776 correctio
1392 4713 1643 4778 enimllliornm
1655 4716 1706 4776 est
1726 4714 1760 4774 ln
1782 4713 1890 4774 adrer-

255 4814 288 4874 et
297 4810 422 4888 perdat.
432 4807 599 4881 Quomodo
610 4810 720 4871 autem
731 4812 1051 4886 armeturcreatura,
1108 4812 1165 4872 sis.
1179 4811 1890 4887 cooestmtm,quemrmncumpepaterr

254 4907 400 4972 ostendit
423 4907 529 4968 isaias
554 4906 618 4986 (29,
641 4906 675 4986 6)
699 4928 707 4967 ε
727 4907 896 4985 ‹Dritque
918 4913 1053 4986 repente
1108 4910 1157 4972 ait
1189 4909 1368 4986 Apostolus
1393 4908 1435 4969 ad
1461 4906 1624 4968 Hebraeos
1645 4906 1712 4985 (12,
1739 4910 1759 4968 1
1782 4910 1817 4969 et
1837 4904 1890 4984 8):

292 5061 302 5119 i
306 5063 333 5129 1)
346 5060 432 5132 Vulg.
451 5075 459 5115 ε
476 5060 504 5115 in
518 5058 692 5116 novissImis.
1107 5057 1259 5117 Trombelli
1272 5057 1479 5116 canonicorum
1488 5056 1673 5129 Regulariurn
1689 5057 1738 5115 ss.
1749 5056 1893 5114 sotem

292 5134 334 5202 (2)
348 5131 453 5257 supple
468 5132 604 5187 llosaicn.
1108 5131 1243 5188 annonis
1258 5129 1396 5186 abbatem
1410 5134 1549 5184 servatur.
1562 5127 1728 5209 Vennonius
1737 5135 1828 5184 eutem
1839 5127 1888 5207 ille,

290 5205 331 5277 (3)
347 5205 378 5258 ln
396 5202 450 5256 ilis
465 5201 555 5256 tribus
572 5197 711 5265 versibus,
727 5205 782 5255 etc.
799 5200 831 5254 ln
851 5197 1053 5258 Defunctorum
1110 5199 1205 5270 «Qiiid
1220 5199 1463 5272 egomiserrirnus
1477 5198 1614 5264 »‚excidu
1622 5197 1762 5255 decennio
1773 5198 1809 5253 sb
1822 5198 1890 5253 oiim

254 5272 383 5345 exequiis
392 5280 450 5328 tres
460 5272 527 5327 olim
538 5269 670 5326 versiculi
683 5269 921 5339 concinebantur3
933 5286 1053 5343 quorum
1109 5272 1136 5329 S.
1157 5271 1284 5337 Antonii,
1298 5269 1370 5325 ldest
1382 5282 1458 5324 anno
1469 5268 1536 5324 titt
1550 5283 1607 5339 quo
1628 5269 1782 5341 Gregorius
1796 5268 1834 5326 [Χ

240 5347 364 5419 -primus
379 5359 385 5400 :
400 5344 467 5399 Dies
484 5342 541 5408 ilia,
552 5340 613 5398 dies
625 5341 684 5406 iroe,
697 5347 751 5396 etc.
762 5357 770 5408 3
781 5341 873 5397 alter:
889 5342 981 5410 «Quid
997 5357 1054 5415 ego
1108 5341 1287 5413 apostolicas
1300 5340 1418 5406 litteras,
1435 5338 1485 5395 Pio
1500 5346 1594 5395 vestro
1609 5338 1747 5412 collegio,
1755 5338 1836 5396 dsms

258 5414 435 5473 miserrimus
449 5412 554 5478 dicam,
570 5412 614 5468 vel
630 5409 696 5483 quid
713 5408 826 5478 faciam,
843 5410 909 5468 dum
926 5414 964 5469 nil
986 5412 1054 5469 boni
1109 5411 1199 5468 terant
1222 5413 1261 5468 Vl
1288 5409 1353 5467 idus
1370 5408 1453 5480 iunii,
1488 5423 1533 5465 ute
1558 5409 1693 5480 leguntur
1719 5411 1746 5466 in
1775 5411 1889 5481 liegestc

255 5485 396 5559 perieram
416 5490 482 5538 ante
501 5488 609 5538 tantum
624 5480 797 5563 iudicem-i»
820 5484 938 5541 tertius:
957 5486 1052 5541 ‹Tre-
1095 5481 1261 5563 ¹Annalium
1275 5481 1305 5537 P.
1323 5481 1407 5563 buca
1421 5423 1627 5560 weddingiad
1639 5478 1762 5537 eundern
1780 5491 1888 5543 annun,

256 5568 338 5612 mens
359 5552 449 5609 lactus
470 5565 533 5609 sum
546 5567 603 5626 ego
620 5573 644 5622 ι,
657 5560 721 5608 etc.
734 5555 780 5609 Sic
798 5559 936 5610 testantur
950 5554 1054 5611 vetusti
1109 5551 1276 5625 approbavit
1288 5549 1462 5607 &aviarium
1472 5557 1551 5620 Juxta
1567 5556 1663 5620 mmm,
1678 5557 1707 5607 et
1721 5565 1828 5607 rnorem
1842 5551 1888 5606 uo

256 5624 376 5682 Codices
407 5624 564 5680 etiamnum
590 5638 624 5679 su
663 5624 774 5692 rstites3
800 5637 957 5695 eorumque
980 5639 1055 5681 unus
1108 5637 1201 5680 mans
1216 5618 1568 5679 Ecclesiecoordiuatum.

258 5692 333 5766 apud
347 5693 460 5751 Clariss.
471 5692 570 5753 lirum
581 5695 611 5753 P.
649 5694 809 5752 ..loannem
821 5693 1054 5767 chrysostomum
1144 5692 1185 5769 (1)
1201 5691 1313 5764 llattb„
1325 5691 1370 5763 27,
1387 5691 1401 5748 1
1415 5696 1443 5748 et
1454 5689 1481 5749 2.
