3950 6200
8 354 11 364 ,
89 254 122 322 iil
169 296 175 307 =
698 262 928 328 EPffl'OlAE.
949 264 1030 326 LIB-
1051 262 1093 327 X.
1661 258 1720 328 118

8 444 44 511 eg,
101 425 265 508 supinati,
284 428 338 503 ut,
359 442 446 493 cum
461 428 653 507 adimpletio
672 426 869 505 promissio-
921 424 1150 501 apostolicam
1168 425 1339 501 macaria
1360 436 1551 503 cumsuper
1564 425 1720 504 hocproa

8 514 59 591 ruli
107 530 215 607 denua
227 525 285 587 diu
300 527 385 588 ants
397 527 589 605 captionem
605 527 695 588 tuam
707 526 741 587 te
753 524 871 585 solem·
923 523 1096 598 ponerent,
1112 520 1246 598 alonge
1264 523 1415 599 tempore
1435 524 1600 586 inutiliter
1619 522 1719 584 labo·-

8 633 38 685 ne
107 629 165 689 nior
176 625 342 701 obligaras
357 625 403 685 ad
417 624 605 685 subsidium
614 625 726 684 Terrae
741 621 870 682 saneta
924 621 1051 694 retum3
1069 632 1130 681 nos
1149 620 1298 682 uolentes
1318 618 1467 696 partibus
1490 621 1526 681 iu
1547 620 1719 682 laboribus

8 712 47 783 ize?
106 723 247 799 magnifice
275 721 562 798 impendendum,
590 735 651 797 per
673 719 736 780 boc
765 719 871 794 impe
924 731 1075 793 parcere,
1092 731 1134 778 ac
1150 717 1318 793 expensis,
1334 718 1519 779 venerabili
1536 714 1633 779 fratri
1646 728 1721 779 nos·

103 822 187 883 dictur
205 819 342 881 omnino
360 819 397 880 et
421 817 520 880 dicta
539 816 690 895 pecuniae
703 816 871 894 manuus
924 814 976 875 tro
1009 814 1166 875 vaciensi
1199 815 1373 892 episcopo,
1410 817 1443 877 et
1476 812 1613 891 collegis
1648 816 1719 877 suis

100 916 340 981 tuisiacultates
351 915 505 987 excedat,
517 931 556 976 ac
571 930 630 992 per
641 915 705 976 boo
717 912 871 990 compelli
926 911 1132 988 scripsimus,
1150 913 1202 981 ut,
1222 912 1251 972 si
1265 912 1307 973 ad
1323 912 1513 973 mandatum
1528 928 1643 974 eorum
1657 916 1718 989 ju-

94 1031 148 1076 non
166 1013 286 1075 debeas
309 1013 355 1074 ad
380 1012 582 1075 solutionem
603 1010 769 1089 ejusdem,
796 1024 871 1071 oum
926 1009 1028 1081 dices,
1045 1006 1164 1086 quibus
1185 1009 1388 1086 quaestiones
1413 1008 1602 1087 huiusmodi
1625 1010 1719 1087 prius

91 1126 174 1172 nemo
185 1111 225 1172 ad
236 1110 447 1187 impossibile
461 1109 507 1173 sit
522 1108 701 1185 cogendus,
717 1108 872 1185 idemque
927 1105 1112 1167 commissae
1127 1107 1269 1178 lucrant,
1287 1122 1392 1183 usque
1407 1106 1449 1168 ad
1468 1108 1594 1168 certum
1608 1107 1720 1168 termi-

85 1208 339 1285 iummentuma
361 1208 396 1270 te
416 1206 518 1268 merit
535 1222 595 1287 per
608 1208 733 1269 metum
747 1205 781 1267 et
802 1204 869 1266 vim
926 1218 1006 1263 num
1022 1202 1244 1265 finaliternou
1255 1203 1471 1280 procederent
1484 1205 1581 1279 juxta
1594 1204 1719 1265 formas

85 1304 287 1366 mannestam
297 1305 476 1377 extortum,
491 1318 531 1366 ac
544 1315 605 1381 per
615 1300 680 1365 boc
691 1303 737 1364 ad
749 1301 869 1364 obser-
927 1298 991 1360 sibi
1025 1300 1165 1362 traditas
1198 1299 1234 1360 in
1269 1299 1415 1375 eisdem3
1448 1300 1513 1377 ipsi
1541 1299 1602 1360 sub
1630 1302 1721 1362 certa

84 1402 244 1465 tationem
261 1418 332 1462 non
355 1402 504 1465 tenearis
528 1401 692 1479 eiusdem,
711 1416 786 1461 cum
808 1414 870 1473 ea,
927 1395 1044 1468 forma,
1066 1412 1165 1474 quam
1182 1396 1231 1457 eis
1253 1394 1414 1469 dedimus,
1431 1396 1468 1456 in
1481 1396 1622 1471 negotiis
1638 1411 1720 1472 prc-

81 1514 150 1577 puaa
171 1500 221 1562 eis
240 1501 393 1560 metusve
414 1497 623 1572 causabant,
647 1508 714 1559 nou
727 1491 873 1558 debeant
927 1494 1093 1567 cedentes,
1119 1494 1161 1554 ad
1183 1509 1245 1555 nos
1269 1493 1405 1554 easdem
1433 1492 1639 1554 sufficienter
1662 1492 1721 1553 in-

81 1596 245 1666 esses-ata,
259 1593 438 1672 dictusque
450 1608 559 1656 comes
572 1595 608 1657 te
623 1593 787 1670 capiendo
801 1593 873 1655 vin-
927 1590 1070 1652 structas
1093 1590 1263 1651 remittere
1287 1590 1517 1667 procurarent.
1548 1589 1720 1651 Prioribus

80 1692 188 1753 culum
212 1691 388 1754 fidelitatis
414 1688 594 1768 abruperit,
624 1691 760 1768 propter
785 1689 872 1766 quod
927 1688 1031 1764 igitur
1048 1686 1217 1765 judicibus
1241 1703 1308 1748 nou
1330 1685 1605 1765 procedentibus,
1633 1686 1722 1748 inira

80 1786 175 1850 iidem
187 1802 325 1849 serrare
337 1803 405 1849 nou
416 1786 541 1850 teueru
553 1787 672 1860 eidem,
685 1800 762 1848 cum
775 1786 872 1848 iidem
930 1784 1106 1846 terminum
1119 1783 1612 1862 aposterioribusassignatum,
1621 1782 1723 1845 iidem

78 1901 145 1947 uon
160 1886 309 1947 sananti
324 1884 407 1946 ides
422 1899 489 1945 non
502 1882 622 1947 debeat
635 1884 818 1955 observari,
839 1884 873 1944 te
927 1881 1130 1959 posteriores
1144 1881 1299 1957 exigente
1317 1881 1455 1943 alterius
1474 1882 1579 1958 partis
1603 1882 1723 1942 contu-

77 1982 273 2059 apraedicto
289 1983 483 2058 juramento
505 1982 548 2043 ad
567 1981 733 2043 cautelam
756 1980 872 2043 absol·
930 1978 1053 2051 macie,
1078 1994 1152 2041 cum
1165 1978 1219 2051 lis,
1245 1978 1332 2041 sicut
1344 1977 1538 2055 pradictum
1559 1978 1619 2050 est,
1636 1993 1721 2038 con-

77 2095 159 2140 sere
173 2078 403 2155 dignaremur.
421 2079 491 2139 Nos
510 2078 613 2154 igitur
626 2078 761 2155 propter
780 2090 873 2155 pree-
927 2076 1049 2137 testata
1081 2075 1220 2148 suisset,
1256 2075 1298 2137 ad
1333 2076 1557 2151 receptionem
1586 2075 1722 2136 testium

79 2176 266 2252 assignatas
284 2190 406 2236 causas
429 2174 464 2237 et
484 2175 561 2252 quia
580 2175 775 2252 prophetica
790 2188 874 2236 voce
928 2172 1126 2235 monasterii
1148 2171 1376 2249 procedentes
1393 2180 1527 2233 causam
1542 2171 1583 2235 ad
1604 2172 1723 2233 sedem

80 2288 250 2335 monemur
261 2272 449 2335 dissolvere
460 2270 874 2348 colligationesimpieiatis
928 2269 1152 2346 Apostolicam
1175 2271 1335 2331 remisere
1359 2270 1496 2347 praefixo
1513 2270 1615 2347 justo,
1635 2266 1723 2346 quod

83 2369 304 2432 etiasciculos
321 2369 546 2446 deprimentes
561 2384 600 2430 ac
614 2369 781 2432 dimittere
795 2380 872 2441 cos,
929 2365 977 2429 eis
1000 2364 1249 2440 mandavimus,
1277 2367 1367 2428 certo
1391 2365 1533 2428 termino
1556 2364 1721 2443 partibus,

84 2467 137 2543 qui
158 2465 320 2529 conuecti
341 2468 430 2539 suut,
458 2465 583 2527 liberos
607 2466 640 2526 et
665 2478 751 2527 onus
775 2478 874 2526 omne
929 2480 994 2541 quo
1014 2480 1075 2541 per
1097 2480 1134 2524 se
1160 2463 1213 2525 vel
1235 2464 1467 2540 procuratores
1487 2462 1625 2524 idoneos
1647 2476 1722 2523 cum
1762 2452 1763 2457 ’

85 2559 349 2641 clermareis
360 2577 383 2623 a
394 2563 585 2639 juramento
597 2561 804 2627 absolvimus
822 2561 875 2622 eiu
929 2560 1082 2627 omnibus
1101 2561 1332 2624 instrumentis
1346 2562 1380 2623 et
1394 2554 1580 2622 rationibus
1600 2559 1671 2620 suis
1685 2557 1723 2620 in

86 2660 206 2722 summo
230 2662 266 2723 et
282 2661 377 2722 amni
400 2673 456 2732 eo,
473 2656 559 2736 quod
577 2674 622 2719 ex
636 2659 711 2735 ipso
725 2659 875 2720 noscitur
929 2659 1043 2720 nostra
1058 2660 1235 2735 praeseutia
1251 2658 1491 2735 comparerent.
1515 2656 1598 2718 Dato
1609 2656 1723 2734 itaque

88 2771 156 2818 esse
169 2759 331 2827 mentum,
355 2768 431 2818 cum
447 2757 674 2832 juramentum
688 2750 874 2832 iniquitatis
929 2771 1030 2831 super
1041 2754 1137 2817 buca
1153 2755 1249 2817 nobis
1259 2755 1444 2818 venerabili
1456 2755 1558 2817 tratre
1569 2755 1721 2816 nostro...

90 2854 250 2914 duonum
262 2868 342 2914 esse
356 2866 425 2913 non
440 2851 567 2923 debeat,
588 2853 646 2913 sed
662 2852 801 2928 justitiae
815 2851 876 2912 dr·-
928 2853 1110 2915 Albanensi
1130 2854 1285 2930 episcopo
1305 2853 1468 2927 auditore,
1491 2868 1530 2914 ac
1548 2864 1661 2914 coram
1682 2865 1723 2913 ec

90 2948 573 3026 mamertumlnhutusaumm
582 2945 876 3011 &materiatae-
929 2951 1145 3026 procuratore
1177 2952 1388 3027 comparente
1415 2950 1620 3023 monasterii,
1643 2963 1723 3026 pars

92 3048 253 3109 buonium
268 3047 458 3125 praesentes
481 3045 609 3110 litteras
625 3048 692 3109 tuae
707 3045 874 3108 devotioni
929 3046 1071 3111 adversa
1091 3063 1158 3110 nou
1183 3048 1286 3120 venit,
1311 3062 1373 3110 nec
1395 3049 1642 3124 procuratorem
1662 3062 1722 3124 pro

94 3143 235 3206 duximus
262 3143 510 3206 concedendas.
542 3145 661 3207 Datum
693 3143 869 3216 Laterani,
930 3161 967 3206 se
990 3146 1149 3207 idoneum
1166 3145 1358 3217 destinavit,
1371 3147 1445 3222 post
1458 3146 1638 3207 terminum
1650 3141 1725 3205 diu·

94 3241 131 3302 tr
147 3241 210 3303 kal.
228 3242 376 3320 juliim..
928 3242 996 3304 tius
1022 3244 1237 3320 exspectata3
1263 3242 1306 3303 ob
1332 3245 1428 3319 cujus
1455 3242 1619 3304 defectum
1655 3251 1725 3302 nou

929 3337 1037 3417 potuit
1050 3341 1221 3415 nuntium
1233 3335 1420 3408 terminari,
1434 3333 1513 3402 licet
1524 3339 1631 3401 dictus
1644 3353 1726 3415 pro·

402 3472 554 3568 CLXXI
930 3437 1066 3499 curatur
1085 3436 1213 3499 diceret
1235 3449 1371 3498 eausam
1397 3453 1493 3497 suam
1516 3449 1577 3514 pen
1600 3437 1721 3507 testes,
1826 3465 1829 3470 ι

145 3567 153 3578 ·
930 3537 963 3599 et
983 3531 1161 3612 privilegia
1178 3535 1210 3596 et
1233 3534 1300 3595 alia
1322 3535 1625 3609 monimentaque
1643 3547 1724 3609 pro-

97 3630 138 3689 iu
155 3633 194 3691 de
214 3633 275 3691 Bet
292 3644 337 3690 cc
359 3632 403 3690 de
428 3630 560 3691 Wcrtes
582 3630 730 3695 abimus,
756 3628 791 3689 at
814 3641 877 3689 ar·-
930 3633 1026 3694 duxit
1045 3632 1081 3693 in
1101 3631 1257 3702 medium,
1281 3630 1485 3691 sufficienter
1508 3630 1721 3701 instructam,

124 3729 355 3787 cumrerum
384 3728 426 3787 cle
453 3727 578 3787 &acto
599 3728 750 3797 Arodmu,
777 3725 875 3786 Wes-
930 3729 964 3791 et
981 3723 1158 3807 peteretad
1171 3727 1336 3789 calculum
1354 3727 1527 3788 sententiae
1542 3721 1722 3787 definitivas

124 3826 321 3894 martenesie
348 3825 515 3884 Maccus.
931 3825 1076 3902 praemi,
1091 3825 1144 3886 vel
1159 3825 1277 3886 saltem
1291 3825 1420 3901 partem
1439 3837 1533 3884 suam
1551 3824 1588 3885 in
1602 3831 1723 3900 corpo-

385 3959 479 4034 ΙΙΙ
496 3959 575 4017 ¹²²⁶·
861 4030 863 4034 ψ
929 3922 1311 4080 ΙΙΙἬΙΙΙΙΙΙΙ
1327 3919 1724 4095 {assilitur

930 4116 1061 4193 petente
1075 4117 1292 4192 procuratore
1305 4114 1464 4192 praedicto
1485 4117 1613 4192 partem
1637 4115 1726 4175 alte·

98 4205 285 4264 &mmm
304 4207 456 4264 fflssfflssfiae
480 4213 577 4264 onuba
592 4206 764 4278 'iliifflilffln
782 4213 874 4262 etca-
930 4227 1004 4275 ram
1026 4214 1162 4288 propter
1180 4211 1344 4273 deiectum
1360 4212 1465 4288 ipsius
1481 4212 1516 4271 in
1536 4210 1725 4286 expensisa

123 4295 234 4366 [stillim
247 4294 455 4368 &sithienses
475 4295 505 4351 iu
519 4309 606 4352 causa
621 4293 808 4362 mmmm,
824 4308 876 4366 uo
930 4309 1132 4372 monasterio
1155 4309 1251 4371 sactis
1268 4309 1493 4381 condemnari,
1514 4323 1596 4384 quas
1616 4307 1724 4367 dictus

124 4381 219 4441 'mm
238 4384 346 4442 ’ΠΜ
363 4383 530 4452 Pfflfflffiae’
543 4383 626 4440 ΠΜ
641 4381 781 4454 dmm
794 4397 874 4440 ⁰⁰³¹·
931 4408 1128 4486 procurator
1149 4408 1281 4468 centum
1311 4406 1480 4481 octoginta
1504 4421 1634 4466 marcas
1663 4420 1725 4465 ar-

123 4479 211 4529 mum·
930 4507 1023 4583 genti
1038 4509 1071 4566 et
1086 4505 1228 4582 amplius
1243 4501 1448 4578 aestimabat;
1470 4502 1578 4564 dictus
1599 4504 1726 4580 episco-

8 4627 10 4734 p
126 4607 299 4680 Eunomus,
309 4610 386 4679 etc,
397 4607 439 4668 de
454 4607 563 4678 Bel..⁴.,
576 4606 759 4668 deWertes
773 4605 878 4667 abba·
931 4617 993 4680 pus
1007 4602 1180 4664 taxatione
1190 4601 1365 4678 praemissa
1375 4602 1607 4678 etjuramento
1624 4617 1726 4679 super

90 4699 181 4774 tibus,
193 4709 230 4767 et
238 4705 480 4767 archidiacono
495 4705 617 4766 Sancto
627 4705 771 4776 Andrea,
782 4703 878 4764 Wes·
932 4693 998 4761 boc'
1024 4698 1066 4761 ab
1100 4698 1215 4759 ecdem
1249 4700 1465 4776 procuratore
1502 4704 1654 4776 recepto,
1688 4700 1724 4759 iu

87 4799 271 4872 primiensis
285 4801 453 4873 dioecesis,
470 4803 532 4863 etc.
932 4797 1107 4872 sexaginta
1132 4796 1254 4858 marcis
1274 4796 1403 4872 argenti
1426 4813 1649 4873 expensarum
1668 4811 1725 4857 no·

123 4896 313 4960 Potentibus
334 4897 458 4957 dudum
477 4896 608 4962 dilectis
623 4895 740 4958 uitis...
757 4894 877 4957 abbate
931 4895 1022 4955 mine
1053 4894 1296 4956 condemnavit.
1329 4894 1492 4965 Quocirca
1516 4895 1721 4963 mandamus,

85 4992 118 5052 et
133 4996 297 5056 conuentu
319 4996 514 5057 monasterii
540 4994 655 5056 Sancti
680 4994 818 5055 Martini
836 4993 877 5055 de
931 4993 1096 5069 quatenus
1105 4989 1146 5052 ad
1158 4992 1356 5053 solutionem
1367 5005 1590 5068 expensarum
1606 4991 1725 5066 lupus-

13 5123 14 5182 ;
86 5090 253 5153 Pannonia
274 5092 501 5168 quaestiones,
522 5107 605 5168 quas
631 5106 732 5168 super
762 5089 876 5151 eccle-
931 5088 1031 5156 modi,
1046 5089 1221 5163 sexaginta
1236 5104 1426 5149 marcarum
1441 5086 1724 5154 videlicet,dictcs

13 5185 14 5238 l
86 5184 152 5258 siis,
175 5189 325 5261 decimis,
351 5189 386 5250 et
410 5188 511 5250 rebus
531 5190 608 5250 aliis
627 5189 663 5249 iu
683 5188 876 5264 Simigieusi
931 5186 1177 5262 episcopum,et
1189 5186 1371 5261 capitulum
1383 5185 1580 5246 auctoritate
1594 5184 1720 5252 nostra,

86 5285 237 5349 minitata
257 5288 376 5348 contra
394 5285 622 5347 venerabilem
641 5286 779 5347 tratrem
792 5301 875 5346 nos-
930 5283 1060 5344 sublato
1084 5282 1317 5359 appellationis
1340 5281 1521 5351 obstaculo,
1538 5281 1724 5356 compella-

8 5413 10 5456 .
87 5378 642 5461 imm...epiecopumetcapitulum
652 5382 876 5458 zagrabiense
930 5380 994 5456 tis3
1018 5369 1159 5441 citantes
1171 5380 1376 5455 postmodum
1388 5379 1499 5454 partes
1519 5376 1560 5437 ad
1575 5379 1725 5440 nostram

8 5459 10 5494 ³
89 5472 259 5553 habebam,
283 5495 390 5558 super
411 5479 695 5556 quibustempcre
707 5479 876 5556 generalis
930 5478 1154 5554 praesentiam,
1168 5476 1201 5537 et
1216 5475 1404 5552 proximum
1414 5475 1589 5536 venturum
1603 5474 1724 5538 iestunr

90 5572 217 5639 meliti
239 5579 281 5640 lis
310 5577 422 5640 iuerat
448 5577 645 5646 contemta,
667 5576 707 5638 ad
735 5591 875 5639 examen
930 5573 1123 5637 Natiuitatis
1159 5572 1339 5635 Dominicae
1368 5572 1545 5634 terminum
1572 5572 1620 5635 eis
1649 5590 1727 5652 per-

166 4083 255 4147 [Fejen
272 4083 336 4134 Cod.
354 4082 461 4148 diplom.
478 4081 621 4146 ilungariae,
636 4082 680 4141 ΙΙΙ,
695 4095 724 4140 rr,
741 4080 793 4146 dia]

1205 5902 1219 5939 Ι
