3950 6200
121 341 155 404 97
667 337 991 400 PROLEGOMENA.
1013 369 1054 385 -
1074 337 1182 401 VITA.
1293 373 1296 378 ·

122 495 271 573 Perpende
285 497 419 573 quantae
438 495 539 558 luerit
551 495 603 557 vir
624 496 687 558 iste
707 496 890 568 munditiae,

121 595 296 672 quantaque
315 592 464 665 virtutis,
491 594 532 653 ad
558 596 654 670 cuius
669 596 784 655 nutum
797 609 893 653 suum

119 692 191 767 ignis
207 689 359 751 ardorem
382 689 618 767 contemperat,
640 706 726 768 aqua
740 706 892 767 saporem

117 787 284 857 minmutat,
311 787 467 862 angelica
493 786 618 864 praebet
640 788 783 850 melodia
803 788 893 848 sola-

115 885 194 953 tium,
205 885 236 945 et
248 883 308 944 lux
332 883 448 946 divina
464 884 629 956 ducatum,
647 887 683 946 ut
703 885 752 945 sic
768 886 894 946 sancti-

117 981 206 1042 icatis
218 980 290 1041 Viri
305 981 416 1042 sancti
436 980 599 1054 sensibus,
615 983 723 1043 omnis
735 981 893 1059 probetur

116 1076 212 1137 nundi
226 1077 386 1139 machina
399 1078 581 1140 deservire.

385 1317 520 1380 CAPUT
549 1321 604 1380 Vl.

114 1487 363 1557 Debrcmllitate,
377 1486 411 1547 ct
423 1487 623 1559 obedientia,
636 1488 670 1548 et
683 1488 890 1548 condescen-

151 1585 296 1645 sionibus
311 1585 443 1644 divinis
456 1587 521 1645 sibi
534 1585 637 1658 sactis
650 1586 696 1645 ad
708 1584 840 1644 nullon.

142 1761 284 1820 Omnium
296 1759 568 1822 virtutnmdecor
581 1761 615 1822 et
629 1763 743 1822 custos
754 1760 892 1820 bumili-

113 1859 151 1917 tas
164 1857 295 1932 copiosa
311 1857 425 1917 virum
446 1858 505 1917 Dei
521 1857 672 1920 ubertate
691 1856 888 1933 repleverat.

111 1954 139 2013 ln
148 1953 273 2029 propria
282 1954 638 2030 quidemreputatlone
649 1954 734 2015 nibil
745 1955 889 2016 eratnisi

112 2051 255 2125 peccator,
268 2066 350 2111 cum
363 2051 398 2109 in
413 2051 553 2112 veritate
567 2052 737 2128 speculum
753 2052 842 2112 esset
858 2053 891 2112 et

110 2146 246 2223 splendor
255 2147 460 2209 omnimode
473 2149 671 2211 sanctitatis.
686 2151 794 2225 Super
803 2149 889 2209 banc

110 2243 215 2304 stndmt
228 2244 403 2305 aedilicare
413 2246 570 2321 seipsum,
586 2248 621 2307 nt
637 2246 770 2321 sapiens
782 2247 890 2307 archi·

110 2341 207 2412 tectos,
232 2339 490 2402 fundamentum
516 2342 725 2418 praejaciens,
756 2344 842 2419 quod
868 2360 887 2405 a

110 2437 221 2498 cbristo
235 2438 418 2499 didicerat.
445 2438 582 2500 Dicebat
598 2442 733 2516 propter
747 2439 810 2500 hoc
832 2441 889 2500 Fi-

109 2533 173 2594 lium
186 2536 244 2596 Dei
257 2535 301 2596 de
318 2535 495 2597 altitudine
508 2536 601 2597 sinus
614 2537 742 2614 paterni
755 2538 796 2598 ad
811 2553 889 2598 nos-

107 2631 148 2691 tra
159 2631 379 2709 despicabilia
393 2633 617 2700 descendisse,
637 2636 754 2695 uttam
770 2650 886 2696 exem-

108 2726 161 2802 plo,
173 2744 268 2805 quam
285 2728 404 2802 verbo,
421 2731 580 2792 Dominus
595 2733 628 2791 et
646 2732 806 2806 Magister
825 2732 888 2792 bu·

107 2824 261 2887 militatem
277 2827 429 2890 doceret

136 2924 268 2999 Propter
290 2924 382 3001 qnod
407 2924 559 2987 studebat
583 2929 742 3003 tanquam
765 2927 886 2988 Christi

106 3016 270 3095 discipulus
292 3022 332 3082 in
356 3022 464 3082 oculis
487 3023 557 3083 suis
579 3027 612 3085 et
632 3024 774 3085 aliorum
792 3025 888 3086 viles-

105 3129 178 3183 cere,
192 3132 360 3178 asummo
381 3117 504 3180 dictum
520 3135 594 3181 esse
609 3122 769 3196 Magistro
791 3137 886 3183 com-

37 3234 38 3281 4
104 3226 305 3275 memorans:
325 3217 600 3280 Quodattumcst
614 3221 885 3291 eperchomenos,

102 3310 300 3372 ruminatio
319 3312 372 3373 est
386 3315 597 3387 cpudDeum
613 3312 802 3392 (Luc.,xv1,
821 3315 884 3393 15).

103 3405 347 3469 sedetverbum
359 3407 542 3472 hocdicere
552 3411 670 3472 solitus
683 3415 755 3473 crat
765 3435 771 3472 :
781 3415 888 3483 Quan-

103 3501 267 3566 tumhomo
284 3506 340 3566 est
353 3506 388 3566 in
403 3507 510 3567 oculis
534 3509 605 3580 Dei,
627 3509 756 3569 tantum
779 3512 888 3581 estet

104 3614 161 3660 non
183 3602 269 3678 plus.
300 3602 446 3664 Stultum
471 3604 778 3681 proindejudicans
794 3622 888 3666 mun·

104 3694 187 3757 danis
213 3698 336 3762 extolli
361 3698 540 3771 favoribus,
564 3700 730 3776 gaudebat
753 3702 793 3764 de
821 3719 885 3780 op·

102 3793 240 3867 probriis,
257 3796 296 3857 et
311 3794 352 3856 de
367 3795 521 3857 laudibus
533 3798 739 3860 tristabatur.
900 3794 902 3799 ’

133 3890 272 3954 ltalebat
297 3892 431 3969 quidem
459 3893 499 3955 de
527 3909 564 3955 se
586 3896 788 3972 vituperium
819 3914 885 3958 au-

102 3984 162 4047 dire
185 4005 287 4065 quarn
319 3989 466 4063 laudem,
493 3992 602 4052 sciens
630 3994 715 4070 qnod
753 3995 815 4056 boc
844 3996 885 4056 ad

102 4086 334 4148 emendandum
356 4086 538 4161 induceret,
563 4090 620 4150 illa
646 4090 686 4152 ad
702 4092 885 4154 cadendum

102 4178 285 4257 inpelleret.
304 4186 346 4245 nt
358 4184 432 4246 ideo
447 4201 536 4263 saepe
548 4202 623 4247 cum
636 4189 750 4264 populi
766 4192 885 4253 merita

103 4274 184 4340 ineo
211 4280 406 4342 sanctitatis
429 4282 639 4355 extollerent,
673 4287 886 4362 praecipiebat

104 4372 190 4436 alicui
203 4378 316 4448 fratri,
334 4378 418 4439 utin
440 4379 644 4440 contrarium
660 4381 761 4444 verba
777 4384 885 4460 ipsum

104 4469 285 4535 rdidcantia
300 4475 372 4534 suis
385 4475 522 4536 auribus
536 4477 735 4539 inculcando
748 4481 883 4555 proler-

104 4568 156 4627 ret
175 4573 323 4649 cumque
346 4571 453 4635 irater
471 4574 529 4634 ille
557 4575 638 4637 licet
656 4577 781 4638 invitus
808 4594 883 4641 eum

104 4666 261 4739 msticum,
283 4670 318 4730 et
342 4672 597 4742 mercenarium,
619 4672 652 4734 et
665 4674 818 4737 inutilem
834 4677 886 4738 di-

103 4763 190 4833 ceret,
205 4766 418 4828 exhilaratus
446 4771 514 4829 tam
543 4770 652 4831 mente
677 4787 776 4847 quam
799 4771 884 4835 lacte

104 4861 311 4934 respondebat
327 4884 335 4922 :
351 4865 531 4927 Benedicat
550 4866 611 4928 tibi
640 4869 812 4941 Dominus,
837 4872 884 4932 illi

104 4955 280 5029 cmnsime,
306 4961 384 5036 quia
409 4962 446 5022 tu
468 4962 645 5024 verissima
667 4965 826 5042 loqueris,
852 4971 885 5029 et

104 5048 174 5112 talia
194 5054 301 5116 lilium
325 5057 416 5118 Petri
446 5058 669 5121 Bernardonis
697 5062 797 5126 decet
818 5080 882 5125 au-

102 5142 176 5207 dire.
188 5152 228 5212 ut
242 5156 354 5214 autem
364 5169 401 5214 se
415 5156 546 5217 caeteris
555 5157 791 5234 despicabilem
806 5162 884 5222 red-

104 5237 270 5316 deret‚non
282 5250 439 5326 parcebat
457 5251 584 5323 rubori,
603 5256 684 5331 quin
703 5257 738 5317 in
760 5258 885 5334 praedi-

104 5340 221 5402 anone
234 5360 347 5407 coram
361 5349 451 5408 omni
468 5350 590 5426 populo
604 5353 759 5429 proprios
770 5356 882 5415 mani-

107 5428 397 5505 leuretueractus.

139 5634 175 5707 tl)
187 5640 252 5698 Cet.
269 5645 332 5703 edit.
348 5660 434 5703 vera.

238 5779 351 5825 ramos.
371 5785 444 5829 rona
462 5774 510 5831 Vl.

1701 340 1744 399 -98

987 499 1117 560 Accidit
1147 496 1269 569 semel,
1292 497 1329 557 ut
1350 495 1542 558 infirmitate
1571 498 1742 572 gravatus,

948 594 1093 670 rigorem
1108 593 1317 656 abstinentiae
1332 609 1392 669 pro
1404 593 1632 668 recuperanda
1648 593 1743 656 sani-

947 693 1015 755 tate
1051 692 1216 752 modicum
1251 692 1430 751 relaxaret.
1463 689 1598 751 Viribus
1632 693 1744 751 autem

948 789 1097 865 corporis
1131 791 1308 864 utcumque
1340 788 1529 863 resumptis,
1560 801 1658 847 verus
1689 787 1743 847 sui

948 889 1166 961 contemptor,
1192 885 1398 961 adproprias
1432 884 1544 944 carnis
1574 884 1743 946 animatus

946 982 1161 1060 opprobrium
1180 984 1279 1043 :Non
1301 982 1361 1052 est,
1385 980 1503 1057 inquit,
1528 981 1740 1052 conveniens,

947 1083 983 1141 ut
1004 1080 1145 1157 populus
1167 1078 1389 1140 abstinentem
1405 1093 1456 1139 me
1479 1077 1602 1148 credat,
1625 1079 1659 1138 et
1680 1092 1742 1152 ego
1796 1156 1799 1161 .

947 1192 966 1237 e
995 1177 1165 1238 contrario
1187 1176 1368 1236 carnaliter
1389 1175 1522 1235 reficiar
1542 1174 1577 1233 in
1598 1174 1740 1234 occulto.

948 1274 1101 1335 Surrexit
1114 1275 1299 1350 propterea,
1316 1273 1438 1332 sanctae
1455 1270 1651 1332 humilitatis
1672 1270 1742 1347 spi·

947 1371 1014 1431 ritu
1043 1370 1278 1436 infiammatus,
1315 1371 1347 1429 et
1382 1369 1416 1428 in
1453 1368 1562 1444 platea
1595 1368 1741 1428 civitatis

946 1468 1066 1529 assisii
1091 1468 1213 1545 populo
1239 1467 1433 1536 convocato,
1451 1464 1643 1525 solemniter
1666 1479 1741 1525 cum

946 1564 1105 1626 iratribus
1132 1565 1263 1634 multis,
1292 1580 1374 1641 quos
1403 1578 1515 1624 secum
1545 1561 1739 1633 adduxerat,

947 1666 1106 1739 majorem
1135 1662 1287 1723 introivit
1312 1661 1504 1731 ecclesiam,
1528 1659 1671 1736 luneque
1699 1658 1744 1719 ad

945 1760 1066 1821 collum
1078 1761 1191 1834 ligato,
1207 1759 1330 1820 nudum
1343 1774 1417 1819 cum
1431 1755 1647 1818 femoralibus
1659 1755 1740 1816 solis

945 1858 980 1917 in
996 1857 1101 1917 oculis
1123 1856 1271 1917 omnium
1293 1871 1328 1916 se
1350 1856 1439 1917 trabi
1463 1855 1614 1932 praecipit
1637 1869 1741 1930 usque

945 1955 986 2015 ad
1008 1955 1163 2031 lapidem,
1185 1954 1220 2014 in
1242 1970 1307 2030 quo
1330 1952 1559 2013 malefactores
1581 1951 1740 2027 puniendi

944 2053 1188 2112 consueverant
1203 2051 1370 2111 collocari.
1396 2053 1613 2125 superquam
1636 2063 1738 2108 cons-

944 2150 1099 2220 cendenS,
1118 2148 1195 2210 licet
1209 2149 1427 2226 quatenarius
1443 2149 1541 2216 esset,
1558 2147 1591 2207 et
1605 2145 1736 2216 debilis,

943 2246 1056 2307 acerbi
1079 2246 1212 2321 frigoris
1233 2248 1381 2321 tempore
1403 2259 1477 2305 curn
1500 2244 1603 2304 multo
1623 2243 1738 2317 vigore

943 2344 1046 2404 animi
1073 2343 1282 2419 praedicarit,
1307 2341 1583 2416 audientibusque
1610 2341 1737 2401 cunctis

943 2441 1087 2502 asseruit
1099 2456 1135 2501 se
1150 2456 1215 2500 non
1231 2442 1388 2516 tanquam
1404 2438 1613 2514 spiritualem
1629 2436 1738 2498 liono-

943 2538 1084 2598 randum
1107 2536 1188 2604 lore,
1211 2537 1360 2613 quinimo
1373 2538 1531 2610 tanquam
1554 2532 1734 2603 carnalem,

942 2639 975 2697 et
995 2635 1182 2709 glutonem,
1205 2633 1247 2694 ab
1269 2632 1422 2693 omnibus
1444 2629 1734 2692 contemnendum.

943 2734 1048 2808 Igitur
1073 2733 1129 2809 qui
1156 2731 1397 2800 convenerant,
1420 2732 1487 2790 tam
1513 2728 1640 2803 ingenti
1664 2728 1736 2789 viso

942 2824 1738 2906 spectaculo,admiralisuntetqniaipsiusaus·

940 2929 1108 2989 toritatem
1131 2929 1201 3002 jam
1230 2927 1409 2994 noverant,
1438 2923 1614 2984 devotione
1640 2921 1735 2983 com·

941 3025 1076 3103 puncti,
1122 3022 1345 3084 humilitatem
1397 3020 1585 3096 hujusmodi
1630 3019 1736 3094 magis

942 3120 1183 3192 admirabilem,
1207 3137 1305 3197 quam
1329 3119 1524 3180 imitabilem
1548 3117 1737 3194 proclama·

940 3221 1031 3282 bant.
1044 3219 1148 3279 >Licet
1171 3219 1281 3278 autem
1304 3217 1336 3276 id
1360 3216 1466 3291 magis
1482 3215 1635 3276 videatur
1650 3229 1734 3289 por-

941 3318 1068 3379 tentum
1093 3315 1195 3376 luisse
1220 3315 1327 3376 instar
1345 3311 1549 3390 prophetalis
1571 3310 1733 3380 vaticinii,

942 3429 1041 3491 quam
1056 3412 1255 3488 exemplum,
1272 3412 1382 3472 lamen
1397 3424 1475 3470 vere
1492 3407 1539 3487 (l)
1553 3408 1735 3469 documen·

941 3514 1010 3572 tum
1023 3509 1133 3571 extitit
1144 3508 1341 3570 humilitatis
1353 3506 1519 3583 perlectae,
1533 3520 1597 3581 quo
1606 3504 1734 3566 Christi

941 3609 1086 3669 sectator
1105 3606 1283 3667 instruitur
1297 3604 1498 3665 transitoriae
1519 3602 1628 3663 laudis
1644 3616 1733 3678 prae·

941 3705 1074 3765 conium
1096 3703 1216 3764 debere
1237 3703 1461 3772 contemnere,
1480 3700 1636 3761 tumentis
1652 3715 1736 3775 quo-

941 3816 1005 3878 que
1024 3800 1196 3878 jactantiae
1218 3799 1437 3874 comprimere
1452 3794 1737 3868 tastum,etirau·

940 3892 1084 3959 dnlentae
1095 3895 1318 3957 simulationis
1329 3894 1537 3956 mendacium
1548 3894 1732 3955 confutare

941 3992 1045 4056 Multa
1059 3994 1190 4071 quidem
1206 3993 1241 4053 in
1255 3993 1343 4052 bunc
1355 3990 1487 4052 modum
1503 3991 1625 4069 saepius
1637 3990 1736 4053 iacie-

940 4092 1013 4164 bat,
1042 4092 1080 4152 ut
1106 4091 1254 4152 exterius
1286 4091 1445 4165 tanquam
1483 4103 1542 4148 vas
1571 4088 1734 4164 perditum

942 4190 1046 4261 fleret,
1063 4189 1097 4251 et
1122 4186 1399 4250 sanctificationis
1421 4185 1572 4262 spiritum
1592 4185 1734 4246 interius

940 4288 1137 4364 possideret.
1198 4274 1200 4276 ¹

982 4384 1140 4447 Studcbat
1161 4384 1261 4446 etiam
1282 4382 1369 4445 bona
1390 4381 1522 4442 Domini
1537 4381 1589 4441 sui
1607 4396 1732 4459 arcano

939 4482 1083 4562 pectoris
1096 4481 1249 4552 condere,
1259 4480 1376 4540 nolens
1387 4481 1500 4556 patere
1512 4479 1638 4554 gloriae,
1647 4479 1733 4557 quod

939 4582 1051 4658 posset
1065 4578 1197 4640 occasio
1214 4592 1289 4638 esse
1310 4577 1429 4639 ruinae.
1453 4577 1537 4636 Nam
1556 4592 1644 4653 saepe
1659 4594 1733 4638 cum

939 4676 1187 4738 beatificaretur
1210 4690 1229 4735 a
1258 4672 1419 4750 pluribus,
1445 4673 1584 4734 verbum
1613 4674 1733 4753 hujus·

940 4774 1028 4835 modi
1043 4770 1232 4851 proterebat
1248 4792 1256 4830 :
1272 4770 1375 4832 Filios
1395 4773 1428 4832 et
1442 4770 1529 4833 illias
1548 4770 1656 4832 adbuc
1670 4771 1735 4832 lra-

938 4869 1017 4932 bere
1035 4884 1167 4947 possem
1188 4891 1196 4928 :
1216 4868 1319 4930 nolite
1339 4868 1478 4929 laudare
1494 4867 1543 4946 (2)
1566 4883 1730 4928 securum.

938 4968 1044 5028 Nemo
1059 4964 1257 5036 laudandus,
1275 4967 1369 5040 cnjus
1382 4964 1529 5025 incertus
1546 4964 1597 5024 est
1608 4964 1730 5024 exitus.

939 5065 1006 5125 ista
1019 5064 1151 5141 quidem
1170 5059 1401 5133 laudantibus;
1418 5062 1458 5121 ad
1479 5076 1515 5120 se
1530 5060 1642 5120 autem
1656 5060 1705 5120 sic
1722 5082 1729 5119 :

938 5161 1075 5222 Latroni
1110 5160 1139 5219 si
1172 5162 1264 5220 tanta
1296 5158 1491 5219 contulisset
1524 5154 1729 5228 Altissimns‘,

938 5261 1066 5336 gratior
1086 5259 1118 5319 te
1144 5256 1244 5328 foret,
1275 5256 1464 5316 Francisce.
1494 5253 1631 5315 Dicebat
1658 5254 1731 5317 ira-

938 5356 1044 5417 tribus
1064 5370 1153 5431 saepe
1179 5356 1254 5414 :De
1282 5351 1371 5413 omni
1391 5366 1443 5421 eo,
1465 5349 1551 5426 qnod
1577 5354 1733 5426 peccator

938 5453 1057 5529 potest,
1082 5466 1179 5512 nemo
1207 5448 1271 5509 sibi
1306 5446 1402 5509 debet
1428 5446 1542 5523 iniquo
1568 5449 1732 5524 applausu

974 5650 1015 5724 (2)
1027 5652 1124 5722 Suppl.
1139 5649 1224 5707 velut.

1575 5773 1594 5835 l
1654 5818 1660 5825 .
