3950 6200
127 176 188 238 165
701 175 1025 238 Psouuuoltune.
1047 204 1089 223 -
1108 175 1216 237 vl'l'e.
1717 178 1776 238 16ss

158 336 196 396 lu
221 330 367 398 civitate
391 336 528 407 Suessa,
552 335 587 395 in
611 334 696 409 mcc,
718 335 775 413 qui
796 335 838 397 ad
861 336 926 398 Go-
979 333 1163 406 suscitarit,
1178 332 1466 412 dequodominus
1480 349 1567 411 papa
1581 335 1773 411 Gregorius.

120 430 255 491 lumnas
277 430 416 505 dicitur,
435 432 571 509 repente
591 430 742 509 quaedam
764 447 925 493 corruens
978 430 1127 508 tempore
1143 430 1371 493 translationis
1390 430 1497 506 ipsius
1519 431 1638 503 sancti,
1654 431 1776 494 tratres

119 528 248 600 domus,
267 544 379 590 unum
397 527 571 591 absorbuit
585 531 743 606 juvenem
762 530 795 592 et
814 530 925 592 subito
979 528 1178 605 omnesqui
1200 527 1242 588 ad
1265 526 1520 590 translationem
1542 531 1575 590 et
1594 528 1776 605 capitulum

118 626 305 687 interemit
334 627 406 688 Viri
430 628 598 688 autemst
622 628 791 701 mulieres,
816 628 923 689 ruinae
979 628 1217 696 convenerant,
1230 625 1510 702 porApostolicas
1523 625 1652 689 litteras
1668 628 1776 688 certos

116 723 229 786 sonitu
250 725 412 796 excitati,
435 724 582 802 undique
601 726 826 798 accurrentes,
851 724 924 787 ele·
979 721 1133 794 reddidit,
1151 724 1184 784 et
1202 722 1398 799 gaudentes.
1426 722 1580 784 Miraculi
1606 723 1706 801 hujus
1721 740 1777 786 se-

117 822 286 882 vaserunt
302 821 386 882 binc
403 820 482 882 inde
496 821 588 897 ligna
608 823 640 885 et
655 822 794 899 lapides,
811 823 844 886 et
857 823 924 884 mi·
977 818 1075 889 riam,
1096 819 1175 896 qnia
1199 819 1364 896 ignorari,
1387 836 1455 882 non
1479 821 1610 898 scripsi,
1635 821 1775 884 credens
1802 846 1803 853 ¹

117 934 198 980 saroe
228 919 341 980 matri
366 920 535 982 mortuum
563 918 668 980 tilium
695 919 922 982 reddiderunt.
978 917 1098 993 papale
1125 917 1350 979 testimonium
1374 918 1482 979 omnis
1497 918 1695 981 assertionis
1710 935 1775 982 ex·

115 1015 173 1077 Illa
192 1030 282 1077 vero
309 1016 534 1079 amarissimis
558 1016 685 1095 repleta
709 1017 921 1094 singultibus,
978 1012 1100 1075 cellere
1113 1014 1382 1076 instrumentum.

115 1112 198 1175 sicut
207 1113 362 1191 poterat,
376 1113 922 1178 dolorusisvocibusexclamabat:
981 1150 986 1155 -

115 1212 235 1275 Sancte
258 1213 460 1284 Francisce,
480 1213 596 1274 sancte
615 1213 805 1286 Francisce,
821 1213 924 1276 redde

115 1308 193 1369 mibi
209 1307 331 1369 fllium
351 1325 475 1372 meum.
496 1311 571 1371 Non
591 1307 699 1371 solum
719 1312 831 1374 autem
850 1311 921 1383 illa,
1007 1289 1057 1349 De
1068 1290 1123 1351 MS
1138 1303 1222 1363 quos
1236 1303 1259 1350 a
1271 1290 1397 1350 ”²⁰74ss
1409 1292 1562 1363 ²²3th
1576 1293 1746 1354 liberavit·

115 1405 170 1467 sed
186 1406 222 1467 et
236 1421 377 1479 omnes,
399 1407 457 1484 qui
476 1406 626 1479 aderant,
650 1410 686 1469 Β.
713 1408 815 1486 patris
831 1424 923 1485 prae·

116 1502 235 1565 sidium
245 1502 467 1581 flagitabant.
480 1504 545 1566 Sed
557 1520 631 1566 cnm
642 1520 708 1568 non
718 1508 807 1568 esset
816 1521 923 1583 neque
1018 1503 1056 1562 ln
1072 1501 1257 1583 confinibus
1280 1502 1383 1575 urbis,
1405 1503 1458 1564 vir
1479 1502 1614 1581 quidam
1637 1504 1772 1580 nobilis,

116 1616 187 1673 vox,
210 1617 338 1679 neque
361 1617 493 1675 sensus,
519 1601 663 1665 cadaver
683 1605 868 1680 posuerunt
887 1603 923 1664 in
978 1598 1173 1677 Rodnlpbus
1187 1600 1334 1671 nomine,
1352 1615 1426 1662 cum
1442 1604 1511 1662 Deo
1524 1602 1643 1665 devota
1656 1620 1772 1677 uxore,

118 1697 247 1771 lectulo,
280 1700 321 1761 et
356 1699 399 1761 ad
429 1699 658 1777 sepeliendum
691 1700 800 1778 ipsum
835 1702 923 1763 diem
978 1694 1098 1758 tratres
1123 1697 1270 1759 Minores
1295 1713 1356 1759 sno
1380 1700 1508 1776 recepit
1531 1699 1687 1777 bospitio,
1707 1702 1774 1764 tam

117 1795 302 1857 crastinum
330 1796 561 1874 expectabant.
587 1798 696 1859 Mater
718 1813 810 1871 vero,
831 1798 921 1859 ddu-
977 1793 1215 1869 hospitalitatis
1229 1795 1350 1871 gratia,
1368 1812 1466 1873 quam
1479 1799 1515 1857 B.
1530 1798 1705 1860 Francisci
1715 1816 1773 1862 re·

119 1894 198 1955 cmm
211 1892 356 1955 babens
375 1895 410 1955 in
433 1895 575 1957 Domino
596 1910 656 1973 per
675 1895 794 1957 merita
815 1896 922 1958 sancti
977 1892 1128 1954 verentia
1143 1894 1313 1954 etamore.
1329 1894 1433 1955 Nocte
1449 1909 1529 1955 vero
1545 1895 1662 1967 illa,in
1678 1913 1774 1958 sum-

118 1990 922 2070 eJ'us,votumemisit,novasesyndoneB.Fran·
977 1987 1092 2049 mitate
1100 1988 1204 2049 turris
1214 1988 1500 2052 dormienscustos
1510 1991 1774 2072 castri,cumjam

120 2088 194 2150 cisni
213 2091 418 2166 operturam
436 2089 555 2163 altare,
579 2090 610 2151 si
630 2089 735 2151 tilium
751 2107 847 2153 suum
868 2106 923 2153 re—
972 2085 1104 2160 jaseret
1117 2098 1218 2161 super
1228 2085 1352 2147 struem
1366 2085 1533 2161 lignorum
1549 2088 1583 2147 in
1599 2087 1672 2164 ipsa
1687 2089 1774 2151 muri

120 2187 248 2248 voearet
263 2186 314 2247 ad
332 2186 447 2248 vitam.
463 2189 504 2250 Et
517 2202 594 2249 ocos
610 2187 697 2249 oiroa
712 2187 828 2250 boram
841 2203 924 2250 ooo-
976 2181 1161 2257 positorum
1181 2182 1362 2259 crepidine,
1383 2184 1532 2259 ipsorum
1551 2185 1661 2247 soluta
1683 2202 1775 2247 com-

122 2284 158 2344 tis
170 2283 339 2356 mediam,
360 2285 460 2362 ooepit
474 2284 611 2362 juvenis
632 2285 787 2359 oscitare,
809 2288 842 2348 ot
865 2302 923 2349 ou-
976 2293 1073 2355 page,
1100 2279 1136 2340 in
1160 2282 1281 2341 tectum
1305 2280 1422 2356 palatii
1448 2283 1585 2355 corruit,
1606 2283 1640 2344 et
1653 2283 1774 2346 exinde

121 2380 328 2443 losooutious
354 2381 524 2455 memhris,
552 2382 650 2444 vivus
673 2398 858 2461 exsurgens
890 2384 924 2447 ot
976 2390 1078 2454 super
1102 2379 1236 2439 terram.
1266 2378 1418 2441 Excitata
1443 2378 1486 2439 ad
1510 2379 1655 2442 sonitum
1675 2396 1773 2443 casus

124 2494 229 2553 mnus,
251 2479 290 2540 in
321 2478 432 2541 laudis
457 2479 559 2542 verba
580 2481 778 2560 prorumpit.
804 2481 867 2543 sod
890 2484 923 2543 ot
976 2472 1045 2535 tota
1069 2471 1208 2546 familia,
1235 2475 1268 2535 et
1292 2474 1440 2536 custodis
1463 2474 1633 2538 intellecta
1660 2477 1771 2552 ruina,

124 2576 252 2648 olorum,
280 2578 347 2655 qui
375 2578 579 2639 convenerat
599 2578 633 2639 ot
660 2578 817 2657 populum
846 2579 923 2640 uui.
977 2569 1130 2633 dominus
1144 2571 1246 2633 castri
1262 2572 1295 2633 et
1307 2572 1441 2633 domina
1456 2587 1531 2633 cum
1545 2573 1705 2636 fratribus
1718 2593 1771 2637 ac·
1869 2630 1872 2635 ,

126 2690 251 2736 versum
266 2675 437 2737 excitavit
450 2675 491 2736 ad
506 2675 635 2748 laudes,
659 2676 692 2738 et
706 2676 835 2752 gratias
854 2678 922 2741 noo
977 2669 1166 2730 currerunt.
1190 2669 1221 2729 ls
1247 2683 1339 2740 vero,
1365 2669 1421 2746 qni
1443 2669 1484 2730 ab
1504 2670 1572 2732 alto
1587 2676 1771 2747 corruerat,

127 2773 200 2833 etB.
217 2773 410 2834 Francisco
429 2788 504 2834 cum
519 2773 640 2835 mentis
661 2773 779 2836 laetitia
793 2775 924 2852 porsol-
977 2766 1152 2842 absorptus
1179 2765 1289 2829 tuerat
1311 2770 1378 2828 tam
1400 2768 1564 2844 profundo
1586 2784 1716 2847 sopore,
1738 2776 1775 2837 ut
1902 2762 1907 2770 ’

127 2867 254 2930 vendas.
977 2879 1039 2925 nec
1051 2863 1093 2925 ad
1110 2878 1225 2926 casum
1244 2864 1419 2941 evigilaret
1432 2866 1562 2929 iteratae
1576 2867 1696 2937 ruinae,
1712 2885 1773 2932 nee

158 2965 303 3027 Juvenis
318 2964 466 3042 quidam,
482 2966 706 3028 derlandinus
717 2968 864 3041 nomino,
882 2969 923 3033 do
976 2961 1019 3022 ad
1043 2962 1217 3038 strepitum
1237 2962 1444 3024 accurrentis
1464 2962 1599 3026 familiae
1619 2981 1694 3027 cum
1709 2967 1775 3028 ola-

128 3062 252 3139 Ragusa
284 3062 466 3137 oriundus,
497 3064 742 3126 vindemiarum
773 3069 922 3145 temporo
977 3074 1080 3121 more.
1104 3059 1322 3122 Trahentinm
1335 3060 1467 3124 tandem
1486 3062 1519 3123 et
1533 3062 1773 3139 impellentium
1885 3127 1897 3134 ,

127 3159 297 3223 adriueas
321 3161 452 3233 exiens,
474 3177 548 3224 cum
570 3163 606 3224 in
620 3178 701 3225 vase
721 3163 865 3249 vinario,
886 3166 923 3227 nt
977 3156 1132 3219 manibus
1157 3158 1338 3230 excitatus,
1364 3160 1524 3236 conqueri
1551 3162 1661 3237 uoepit,
1686 3164 1772 3239 ouod

129 3260 210 3320 utres
231 3258 406 3338 impleret,
431 3259 491 3320 sub
513 3257 674 3321 torculari
701 3277 738 3322 se
762 3262 920 3335 mitteret,
977 3254 1066 3316 dulci
1078 3254 1196 3317 luisset
1210 3254 1321 3332 quiete
1333 3255 1495 3332 privatus,
1509 3257 1598 3318 inter
1615 3261 1651 3319 B.
1663 3261 1772 3321 Fran-

128 3357 255 3433 repento
277 3355 501 3435 praegroodos
526 3356 667 3432 lapidos,
697 3359 796 3419 motis
822 3359 859 3420 iu
884 3374 922 3420 so
977 3352 1055 3413 cisci
1080 3351 1234 3426 bracbia,
1262 3352 1411 3414 suaviter
1445 3368 1600 3415 asserens
1627 3371 1663 3417 se
1692 3355 1773 3418 dor·

127 3450 285 3528 lignorum
307 3452 467 3525 struibus,
483 3454 585 3530 caput
598 3453 703 3530 ipsius
716 3454 832 3516 lethali
846 3471 923 3532 per-
976 3449 1103 3510 miisse.
1120 3450 1200 3510 Cum
1213 3463 1292 3511 vero
1302 3448 1341 3510 de
1357 3465 1438 3511 casn
1447 3451 1582 3528 proprio
1596 3452 1772 3516 doceretur

129 3549 275 3613 cessione
307 3551 521 3627 quaeserunt.
552 3552 738 3615 Festinavit
763 3553 922 3614 continno
976 3545 1018 3607 ab
1042 3545 1131 3618 allis.
1161 3548 1194 3608 et
1211 3546 1247 3607 in
1262 3547 1329 3607 imo
1350 3561 1387 3608 ΒΘ
1406 3547 1544 3621 videret
1566 3550 1623 3626 (1111
1648 3550 1683 3611 in
1703 3551 1772 3614 alto

128 3648 213 3723 pater
226 3646 269 3709 ad
285 3645 409 3718 tilium,
425 3649 459 3709 et
479 3646 662 3724 desperans
682 3648 835 3712 obrutum
853 3666 922 3713 non
971 3644 1137 3721 jacuerat,
1164 3644 1301 3720 stupens
1324 3659 1398 3706 esse
1421 3644 1555 3718 tactum,
1583 3648 1670 3724 qnod
1697 3649 1772 3711 lieri

130 3742 259 3820 adjuvit,
276 3744 433 3806 sedeam
451 3743 513 3805 sub
535 3760 648 3818 onere,
672 3747 759 3808 sicut
782 3748 919 3820 corruit,
975 3757 1043 3803 non
1068 3742 1274 3819 perceperat,
1299 3741 1529 3817 poenitentiam
1550 3759 1586 3806 se
1605 3744 1771 3810 iacturum

131 3841 172 3902 sie
190 3842 341 3921 reliquit
367 3845 593 3905 accurrerunt
614 3845 802 3921 expeditius
826 3846 920 3908 vini·
975 3837 1017 3901 ob
1032 3838 1255 3901 reverentiam
1280 3840 1353 3912 bei.
1373 3840 1406 3902 01
1417 3841 1453 3901 B·
1471 3841 1643 3903 Francissci
1658 3860 1771 3906 coram

130 3944 220 4012 tores,
236 3939 356 4017 magni
371 3939 528 4022 clamoris
541 3955 656 4004 vocem
673 3942 847 4018 lugubrem
859 3958 922 4004 au·
975 3935 1129 3998 omnibus
1147 3936 1352 4014 repromisit.

132 4034 260 4110 dientes,
278 4037 452 4116 multoque
479 4053 554 4099 cum
575 4040 670 4116 patre
691 4041 786 4116 pueri
806 4040 921 4103 dolore
1016 4035 1054 4095 111
1071 4036 1181 4096 castrO
1197 4034 1333 4112 POphib
1350 4033 1436 4112 <1¹10d
1461 4034 1496 4097 ill
1511 4036 1692 4113 Campania
1711 4056 1773 4117 pu·

132 4135 288 4211 completi,
313 4135 537 4197 extraxerunt
552 4138 722 4212 iuvenem,
739 4139 810 4216 jam
829 4153 921 4199 mor·
974 4129 1076 4215 situm
1098 4133 1159 4203 est.
1187 4131 1345 4193 sacerd&
1369 4132 1515 4209 quidam.
1542 4132 1685 4198 Thomas
1708 4152 1772 4198 110-

131 4229 211 4293 tnum
229 4248 249 4295 a
269 4232 385 4294 ruina.
404 4233 505 4294 Pater
525 4249 605 4294 vero
627 4233 745 4311 ipsius,
768 4237 920 4312 Jesupe·
973 4229 1076 4302 mine,
1104 4229 1248 4291 accessit
1283 4229 1325 4291 ad
1360 4229 1584 4306 reparandum
1617 4221 1771 4296 ecclesias

133 4324 216 4389 dibus
237 4328 449 4408 provolutus,
473 4330 646 4394 humiliter
664 4330 864 4408 precabatur
884 4333 920 4395 ut
973 4325 1212 4387 molendinum.
1242 4325 1464 4388 Deambulans
1499 4329 1610 4392 autem
1635 4330 1770 4396 incaute

135 4422 225 4487 ibam
248 4442 352 4489 suum
374 4427 510 4489 unicum
533 4428 723 4504 persancti
746 4430 919 4492 Francisci
973 4423 1065 4486 circa
1091 4425 1241 4486 extrema
1261 4422 1400 4496 canalis,
1415 4440 1615 4502 quogurges
1627 4430 1769 4504 protun-

135 4524 250 4598 nerita,
271 4526 372 4602 cujus
392 4524 473 4586 tunc
494 4524 691 4587 imminebat
711 4526 916 4600 solemnitas,
973 4520 1034 4582 dus
1056 4521 1191 4598 copioso
1215 4521 1381 4584 defluebat
1405 4521 1546 4595 influxu,
1562 4525 1671 4589 subito
1687 4543 1768 4591 casn

136 4616 189 4679 sibi
201 4620 340 4683 reddere
359 4621 566 4698 dignaretur.
590 4623 821 4699 Ingeminabat
841 4607 938 4702 pre?
972 4617 1132 4681 cavilloso
1146 4618 1237 4696 ligno
1256 4619 1406 4681 intrusus
1424 4624 1485 4693 est,
1507 4625 1603 4699 cujus
1622 4624 1768 4702 impulsu

136 4728 190 4788 ces,
208 4719 350 4781 vovebat
368 4719 478 4782 cilicia
500 4720 648 4798 pietatis,
672 4723 706 4784 et
723 4722 832 4783 sancti
851 4723 918 4784 viri
972 4716 1117 4778 volvitur
1145 4716 1382 4778 molendinum.
1406 4719 1486 4780 Cum
1514 4718 1617 4796 igitur
1630 4738 1768 4785 conser-

137 4824 290 4889 corpnsse
301 4816 515 4878 visitaturum
533 4833 608 4879 cum
626 4818 708 4889 illio,
729 4818 759 4880 si
774 4819 918 4881 suscita·
970 4814 1024 4876 tus
1034 4814 1164 4892 jaceret
1177 4814 1212 4875 in
1223 4814 1328 4891 liguo,
1343 4816 1377 4878 et
1388 4831 1489 4893 super
1507 4832 1545 4878 os
1559 4817 1675 4894 ipsius,
1687 4822 1765 4897 quia

137 4910 252 4973 veturs
273 4914 425 4985 mortuis,
442 4915 643 4991 repromisit.
666 4916 788 4977 Mirum
810 4917 914 4979 certet
971 4911 1110 4989 supinus
1125 4912 1198 4975 erat
1222 4927 1384 4990 aquarum
1409 4914 1552 4991 impetus
1575 4914 1764 4988 inundaret,

139 5004 284 5071 tantinum
297 5026 381 5086 puer
392 5010 449 5088 qui
464 5013 533 5073 toto
552 5010 663 5074 tuerat
678 5028 816 5089 corpore
831 5028 916 5074 con·
971 5007 1071 5070 corde
1088 5009 1211 5081 tamen,
1235 5010 1312 5088 quia
1338 5010 1453 5087 lingua
1479 5026 1545 5071 non
1566 5012 1705 5086 poterat,
1729 5017 1762 5075 S.
1837 5023 1844 5044 ³

139 5108 311 5180 quassatus,
331 5107 506 5170 restitutus
524 5109 602 5170 vitas
624 5112 658 5173 et
678 5110 817 5186 integrm
839 5127 915 5172 sos·
971 5105 1186 5168 Franciscum
1206 5106 1363 5169 debiliter
1381 5107 1568 5170 invocabat.
1586 5109 1651 5169 Per
1664 5126 1763 5188 mag-

142 5196 229 5272 pitati,
246 5203 395 5280 gaudens
409 5219 521 5266 coram
537 5206 690 5269 omnibus
713 5208 914 5280 exsurrexit,
970 5220 1050 5265 num
1075 5219 1155 5267 vero
1184 5204 1403 5280 spatiumne
1424 5204 1482 5264 illo
1499 5207 1644 5281 jacente,
1661 5222 1701 5270 ac
1722 5210 1763 5273 de

142 5292 313 5374 plangentes
340 5301 532 5379 objurgans,
555 5306 589 5365 et
611 5305 719 5367 sancti
743 5305 915 5367 Francisoi
969 5302 1038 5364 vita
1060 5302 1243 5379 ipsiusjam
1255 5302 1386 5378 penitus
1401 5300 1501 5360 sociis
1514 5299 1709 5380 desperatis,
1726 5309 1762 5378 in

145 5391 291 5472 suffragiis
302 5398 382 5461 vitae
398 5415 435 5460 se
447 5400 612 5463 redditum
625 5417 835 5464 asseverans.
970 5398 1172 5462 contrariam
1198 5403 1326 5476 partem
1351 5396 1471 5458 molam
1501 5415 1576 5460 cum
1602 5401 1761 5469 violentia

177 5492 340 5561 Quemdam
367 5496 469 5560 alium
499 5502 663 5561 mortuum
686 5500 721 5562 in
740 5500 914 5563 Alemania
968 5497 1192 5568 revolverant,
1210 5496 1244 5557 et
1259 5495 1307 5558 sio
1322 5496 1447 5572 ejectus
1468 5497 1623 5560 sacerdos
1647 5499 1761 5586 palpi-

1923 5575 1926 5660 l

1922 5663 1926 5734 l
