3950 6200
87 208 135 271 ii5
442 205 553 268 PARS
580 208 726 269 PRIMA.
744 237 786 254 ·-
806 208 1028 270 EXPOSITIO
1058 210 1102 270 IN
1131 210 1336 273 PSALMOS.
1650 217 1712 281 ,616

88 368 116 428 in
143 379 242 428 carne
267 364 394 440 latens3
422 364 456 430 et
478 365 757 443 propitiatorium,
777 365 863 428 idest
916 381 986 430 suaa
997 368 1235 440 mundissimae,
1248 371 1420 434 munditiae
1433 369 1713 436 efficaciamcon-

88 463 231 534 Christus,
248 463 307 540 qui
323 463 469 540 quotidie
482 463 675 540 interpellat
689 479 749 542 pro
765 463 861 525 nobis
915 463 992 526 tullt
1004 465 1100 542 aquis
1111 466 1280 544 baptismi.

87 559 270 624 adPatrem.
956 562 1003 623 De
1023 561 1114 626 fonte
1142 562 1303 628 doctrinae
1328 564 1451 628 dicitur
1477 566 1512 627 in
1537 567 1711 632 Ezechiele

917 654 980 734 (47,
994 655 1029 737 8)
1046 681 1053 718 :
1067 676 1086 719 t
1099 664 1202 737 dquae
1212 662 1430 738 egrediuntur
1439 663 1480 725 ad
1493 666 1638 727 tumulos
1654 683 1712 728 sa·
1762 673 1766 678 ’

329 799 469 859 SERMO
491 798 608 858 XXIX·
915 752 987 815 buli
1001 755 1187 830 orientalis,
1202 760 1236 820 et
1254 758 1459 824 descendunt
1477 761 1519 822 ad
1532 764 1632 840 plana
1645 764 1709 825 de·

520 898 523 904 ,
916 852 1008 925 serti,
1024 852 1195 916 intrabunt
1218 871 1321 928 mare,
1338 856 1372 918 et
1393 858 1541 932 exibunt,
1555 860 1588 922 et
1607 875 1710 921 sana·

105 957 142 1013 lle
158 954 257 1027 triplici
276 953 370 1025 tantm
388 955 498 1014 scilieet
515 954 659 1028 baptismi,
679 955 838 1028 scripture,
915 947 1038 1010 buntur
1062 965 1168 1027 aquae.
1191 967 1210 1011 a
1236 955 1301 1013 Per
1320 954 1483 1015 tumulum
1507 956 1710 1032 intelligitur

403 1051 432 1101 et
450 1044 526 1100 rite.
683 1111 688 1120 ⁸
916 1045 1084 1121 superbia,
1101 1062 1159 1123 per
1177 1046 1330 1109 sabulum
1348 1051 1509 1112 sterilitas
1525 1069 1533 1107 ε
1548 1068 1622 1129 qnae
1642 1054 1708 1115 duo

158 1189 186 1248 A
394 1185 407 1245 t
500 1187 512 1247 t
916 1144 1216 1220 recteJunguntnr,
1233 1145 1312 1223 quia
1327 1147 1435 1208 omnis
1457 1148 1619 1225 superbus
1636 1152 1708 1212 ste·

185 1199 422 1360 mmmm
437 1188 497 1343 [ἲς
513 1200 568 1343 εἶθ
582 1200 767 1361 {mmm
916 1239 1001 1299 rilis.
1022 1243 1087 1302 Per
1107 1241 1171 1303 hoc
1195 1241 1281 1319 quod
1301 1241 1507 1319 adjungitur,
1521 1245 1706 1316 orientalis,

426 1325 434 1341 ”
498 1325 507 1354 ’
571 1326 579 1341 “
916 1335 1068 1411 signatur
1084 1337 1249 1413 splendor
1273 1339 1389 1416 gloriae
1423 1342 1628 1417 temporalis,
1649 1344 1708 1420 qui

112 1435 145 1495 ln
168 1430 313 1494 adventu
338 1430 461 1496 Christi
481 1432 720 1505 apparuerant
749 1432 862 1507 scates
915 1432 1008 1493 velut
1021 1433 1082 1506 sol,
1102 1436 1406 1512 quantumcumque
1426 1437 1471 1498 sit
1489 1436 1581 1514 prius
1596 1438 1710 1515 splen·

80 1543 248 1603 epuarum.
282 1528 426 1592 Nomine
464 1543 626 1604 aquarum
665 1527 861 1605 designatur
915 1528 1023 1601 didus,
1040 1530 1150 1592 tamen
1173 1533 1352 1594 revertitur
1371 1533 1412 1595 ad
1439 1534 1593 1595 tenebras
1614 1536 1707 1597 occi-

80 1625 252 1702 Beptismus
264 1626 402 1702 propter
414 1624 558 1702 gratiam
574 1625 791 1702 multiplicem
806 1626 862 1687 da·
914 1626 1023 1688 dentis
1040 1649 1047 1688 :
1066 1628 1122 1690 Sol
1144 1628 1246 1701 enim,
1271 1631 1571 1708 quantumcumque
1595 1631 1630 1692 in
1653 1633 1708 1696 die

81 1723 134 1784 lan
161 1721 286 1784 virtute
315 1722 416 1798 hujus
450 1722 664 1794 sacramenti,
694 1723 772 1799 quia
801 1738 861 1800 per
914 1723 1098 1801 splendeat,
1114 1727 1226 1786 tamen
1253 1727 1360 1788 noctis
1380 1728 1528 1789 tenebris
1543 1729 1704 1805 operitur.

80 1818 188 1880 curisti
208 1819 427 1881 Nativitatem
446 1818 596 1881 ellicacia
620 1819 720 1895 hujus
739 1835 859 1882 sacra·
914 1822 979 1881 Per
999 1827 1104 1895 plana
1125 1823 1255 1884 deserit
1275 1823 1428 1899 signatur
1451 1824 1542 1886 lirrxa
1568 1826 1706 1888 licentia

81 1916 168 1976 nenti
182 1915 334 1977 revelata
350 1918 401 1978 est
426 1916 549 1978 mundo
564 1915 682 1987 sterili,
699 1918 732 1980 et
751 1916 856 1988 arido,
914 1916 1090 1994 peccandi;
1112 1919 1211 1980 etesi
1237 1935 1356 1981 sensus
1381 1942 1389 1981 ε
1414 1925 1517 1997 Aquae
1546 1922 1705 1984 doctrinae

79 2013 105 2072 et
122 2012 256 2074 sitienti.
275 2017 369 2074 Faus
386 2026 486 2086 apum
507 2013 664 2076 saltastis
687 2016 724 2074 ta
749 2014 859 2076 vitam
913 2014 1130 2090 egrediuntur
1158 2015 1199 2076 ad
1223 2017 1368 2080 tumulos
1389 2017 1499 2078 sabuli
1518 2019 1703 2091 orientalis,

79 2109 235 2170 startiam
248 2107 309 2188 (1).
327 2110 384 2169 list
395 2112 509 2172 autem
522 2109 647 2186 triplex
659 2108 751 2183 ions;
767 2112 857 2185 Bap·
912 2110 999 2172 idest
1012 2110 1055 2173 ad
1070 2112 1158 2183 illos,
1176 2112 1232 2188 qui
1248 2114 1393 2189 superbi,
1410 2116 1444 2176 et
1463 2115 1595 2178 steriles
1614 2118 1703 2188 sunt,

78 2205 166 2276 lieni,
188 2208 303 2267 Sacrae
323 2205 515 2281 Scripturas,
531 2205 564 2268 et
577 2206 666 2269 uitae.
682 2208 729 2268 De
750 2207 857 2284 primo
912 2209 994 2270 etin
1018 2207 1126 2284 gloria
1148 2210 1324 2285 temporali
1352 2210 1470 2285 fulgidi
1488 2233 1495 2270 ε
1512 2213 1545 2273 et
1566 2212 1706 2274 descen·

77 2298 487 2380 lonteaitZacharias(13,
504 2301 536 2381 1)
554 2320 561 2360 t
578 2302 681 2366 «Erit
700 2302 774 2366 lons
796 2319 859 2379 pa·
912 2303 995 2368 dunt
1023 2305 1065 2365 ad
1091 2305 1191 2381 plana
1211 2306 1345 2380 deserti,
1363 2307 1449 2370 idest
1474 2307 1515 2368 ad
1541 2308 1631 2380 illos,
1648 2309 1705 2385 qui

76 2399 136 2458 tens
149 2398 264 2460 domui
280 2397 396 2469 David,
413 2400 447 2460 et
467 2398 694 2462 habitantibus
715 2401 857 2462 Jerusa·
911 2403 1076 2477 vagantur
1090 2414 1150 2479 per
1168 2417 1302 2478 campos
1326 2402 1482 2465 licentiae.
1500 2403 1559 2476 lbi,
1582 2405 1702 2482 inquit,

78 2493 140 2568 lem,
165 2497 202 2557 in
226 2495 432 2558 ablutionem
455 2497 652 2573 peccatoris,
680 2497 714 2558 et
740 2512 855 2558 mens·
911 2499 1091 2562 intrabunt
1110 2513 1225 2571 more,
1247 2499 1334 2560 idest
1357 2500 1459 2562 corda
1478 2504 1703 2576 peccatorum,

76 2591 226 2654 truatae.»
246 2595 368 2656 Patens
392 2592 525 2664 dicitur,
547 2593 625 2670 quia
645 2593 729 2656 nulli
754 2593 857 2654 dena-
911 2610 985 2673 quae
1009 2596 1102 2672 prius
1128 2596 1225 2660 erant
1252 2597 1341 2658 salsa
1363 2612 1423 2672 per
1446 2598 1705 2662 amaritudinem

76 2691 173 2762 gatur;
185 2690 274 2751 unde
287 2689 322 2751 in
333 2690 499 2754 communi
515 2689 646 2766 liquore
655 2690 854 2762 celebratur,
910 2692 1141 2769 peccatorum3
1158 2693 1192 2754 et
1212 2693 1259 2756 ita
1279 2693 1487 2755 sanabuntur
1501 2710 1610 2771 aquae,
1627 2697 1705 2773 quia

74 2800 109 2845 ne
131 2786 256 2864 aliquis
278 2789 416 2848 excuset
443 2802 491 2860 se,
519 2787 633 2848 dicens
649 2809 657 2847 ε
672 2788 746 2850 Non
764 2788 856 2863 potui
911 2788 950 2854 da
965 2789 1090 2852 amaris
1105 2790 1185 2856 cent
1198 2789 1322 2856 dulces.
1337 2793 1376 2854 Et
1390 2791 1441 2852 est
1452 2791 1616 2853 mirabilis
1630 2793 1704 2855 vir-

73 2879 183 2946 babere
194 2883 324 2954 vinum,
338 2883 389 2944 vel
401 2882 603 2959 hujusmodl.
618 2884 755 2948 Perhoc
768 2884 855 2961 quod
910 2887 963 2947 tus
975 2901 1138 2961 aquarum
1158 2886 1306 2955 illarum,
1321 2902 1396 2964 quaa
1411 2886 1622 2964 splendorem
1637 2889 1707 2965 glo·

71 2977 149 3050 dicit,
174 2980 212 3040 in
239 2979 443 3041 ablutionem
460 2981 660 3056 peccatoris,
680 2982 714 3046 et
741 2996 855 3054 mens·
910 2980 971 3043 riae
993 2982 1189 3060 temporalis
1213 2982 1432 3056 abscondunt,
1457 2986 1621 3046 tumorem
1648 3001 1707 3046 su·

72 3077 188 3150 huatae,
213 3077 374 3141 notantur
397 3077 462 3139 duo
483 3092 608 3154 genera
632 3079 853 3155 peccatorum.
910 3077 1034 3156 perbiae
1050 3079 1239 3153 humiliant,
1257 3080 1467 3143 sterilitatem
1487 3081 1596 3144 sabuli
1610 3080 1705 3143 lruc-

72 3173 353 3250 Peccantqnidam
373 3175 533 3237 exteriori
553 3176 764 3250 suggestione
792 3175 855 3236 de·
910 3175 1039 3237 liticare
1064 3175 1204 3248 faciunt,
1235 3175 1276 3237 de
1304 3177 1398 3251 ragis
1422 3177 1643 3254 quiescentes,
1664 3178 1706 3241 de

71 3270 241 3345 ceptizalii
257 3271 368 3333 autem
383 3271 517 3348 propria
532 3270 738 3336 infirmitate.
752 3272 854 3333 Primi
909 3272 1035 3333 amaris
1056 3271 1183 3333 dulces.
1206 3272 1253 3332 De
1280 3271 1343 3332 hoc
1367 3271 1457 3333 lente
1478 3272 1599 3333 iterum
1625 3272 1707 3334 dicit

69 3368 295 3441 significantur
304 3382 363 3445 per
373 3367 436 3430 hoc
447 3368 534 3444 quod
543 3368 634 3441 dicit,
648 3369 853 3445 peccatoris:
910 3367 1062 3431 Ezechiel
1086 3365 1150 3446 (47,
1169 3366 1202 3445 9)
1221 3388 1228 3427 :
1245 3383 1264 3426 r
1279 3367 1408 3440 Omnia,
1432 3367 1472 3428 ad
1488 3384 1705 3446 quaecumque

69 3465 195 3529 meandi
221 3479 284 3540 per
298 3463 361 3525 hoc
382 3464 469 3542 quod
491 3464 717 3543 subjungitur,
738 3481 854 3529 mens·
909 3463 1039 3529 venerit
1053 3465 1186 3531 torrens
1196 3462 1368 3535 doctrinae,
1384 3464 1538 3538 vivant»
1551 3466 1585 3526 et
1593 3467 1706 3527 statim

67 3558 191 3637 hnatae3
208 3562 385 3623 menstrua
405 3562 493 3622 enim
515 3578 559 3623 ex
573 3563 707 3639 propria
721 3561 853 3639 lragili-
910 3559 1081 3637 subjungit
1097 3577 1131 3620 :r
1143 3559 1284 3622 Stabunt
1299 3559 1493 3636 piscatores,
1501 3560 1542 3621 ab
1556 3562 1706 3638 Engaddi

68 3656 126 3717 tate
137 3657 171 3718 in
186 3659 312 3719 natura
324 3657 442 3723 fluunt.
452 3657 620 3720 Deeodem
633 3658 714 3720 dicit
726 3660 853 3734 Sponsa
910 3672 1015 3733 usque
1026 3656 1067 3719 ed
1074 3656 1238 3732 Engallim
1247 3656 1384 3719 siccatio
1393 3672 1591 3733 sagenarum
1602 3658 1703 3720 erit».

68 3750 258 3816 incanticis
274 3753 319 3832 (1,
335 3753 387 3832 13)
404 3772 412 3810 ε
428 3755 579 3816 ‹Botrus
599 3755 692 3832 cypri
714 3754 854 3816 dilectus
910 3753 1098 3818 Piscatores
1113 3754 1190 3815 sunt
1204 3752 1452 3830 praedicatores,
1469 3754 1525 3831 qui
1539 3754 1704 3819 mittentes

67 3861 149 3909 mens
161 3850 260 3923 mihi,
279 3850 316 3910 in
328 3850 435 3912 vineis
451 3850 784 3927 Engaddi.»dyprus
797 3851 854 3911 in·
909 3852 980 3911 rete
1013 3849 1262 3928 predicationis
1293 3849 1330 3911 iu
1356 3852 1539 3927 capturam,
1565 3851 1606 3913 de
1640 3850 1705 3913 hoc

64 3943 263 4022 terpretatur
279 3946 398 4019 tristis,
416 3947 470 4008 vel
494 3962 617 4008 moeror
633 3949 775 4008 :Botrus
788 3963 853 4008 au·
909 3946 997 4009 mari
1015 3945 1154 4006 trahunt
1168 3945 1277 4022 pisces
1302 3944 1343 4008 ad
1366 3947 1497 4021 portum
1519 3946 1649 4009 salutis.
1667 3950 1706 4008 Et

65 4042 123 4100 tem
141 4044 262 4104 vinum
282 4042 401 4113 fundit,
423 4042 510 4121 quod
533 4043 690 4106 laetificat.
713 4046 779 4104 Per
796 4061 855 4121 cy·
909 4041 1222 4114 hidicunturstare‚
1233 4042 1421 4107 nontamen
1434 4042 1475 4103 ad
1487 4042 1702 4123 loquendum,

63 4152 149 4211 prum
160 4141 277 4202 autem
287 4138 425 4201 tristitia
438 4139 603 4215 passionis
617 4141 781 4216 signatur,
795 4155 855 4217 per
909 4137 967 4200 sed
977 4138 1019 4201 ad
1034 4137 1348 4214 banecparandum.
1363 4139 1528 4213 Engallim
1543 4139 1705 4214 interpre-

62 4230 188 4297 botrum
209 4234 373 4312 gaudium
394 4237 685 4309 ressurrectionis;
709 4236 767 4299 sed
791 4236 854 4298 hoc
908 4236 1000 4297 tatur
1019 4234 1095 4295 lons
1111 4236 1303 4306 vitulorum,
1319 4235 1373 4297 vel
1394 4233 1467 4295 lons
1483 4236 1704 4310 transmigra·

61 4328 150 4395 debet
164 4348 247 4395 esse
258 4333 295 4393 in
308 4332 417 4394 vineis
431 4333 592 4408 Engaddi,
608 4333 695 4395 idest
708 4334 744 4395 in
760 4348 855 4394 men·
908 4332 1011 4397 tionis
1028 4349 1036 4389 ι
1052 4331 1101 4392 Ad
1118 4331 1182 4392 hcc
1206 4331 1295 4392 enim
1314 4330 1421 4392 tendit
1441 4345 1556 4391 eorum
1580 4332 1704 4409 praedi-

61 4425 142 4487 libus
160 4428 326 4500 fidelium,
355 4445 430 4507 quae
461 4428 641 4491 salubriter
668 4429 854 4504 irrigantur
908 4430 1008 4501 catio,
1041 4429 1077 4511 ut
1111 4426 1241 4503 haedos,
1270 4427 1357 4489 idest
1391 4428 1577 4502 portatores
1612 4427 1703 4493 fonte

61 4519 142 4587 lcnte
170 4524 345 4602 baptismi,
361 4526 418 4602 qui
437 4525 560 4588 dicitur
582 4526 672 4587 recte
691 4525 851 4601 Engaddi,
909 4524 1070 4602 Baptismi
1097 4524 1332 4601 regeneratos,
1359 4523 1446 4601 quod
1468 4522 1621 4600 signatur
1643 4540 1704 4601 per

60 4619 139 4693 quod
160 4621 407 4698 interpretatur
421 4620 496 4684 lons
523 4621 625 4694 hedi,
654 4621 740 4683 idest
767 4621 852 4694 lons,
907 4621 1070 4697 Engaddi,
1086 4619 1188 4682 laclat
1199 4620 1333 4692 vitulos,
1348 4619 1435 4681 idest
1446 4620 1489 4680 ad
1505 4621 1702 4698 martyrium

59 4716 110 4789 qul
130 4716 173 4778 de
195 4717 308 4778 haedis
328 4733 435 4794 agnos
449 4718 530 4780 lacit
548 4718 789 4780 immaculatos.
815 4720 855 4781 st
908 4720 1015 4794 aptos,
1043 4717 1072 4777 si
1100 4732 1184 4793 opus
1202 4716 1318 4788 fuerit,
1342 4718 1375 4778 et
1395 4716 1635 4793 transmigrare
1662 4718 1703 4778 de

59 4814 142 4884 nota,
166 4811 260 4890 quod
282 4814 450 4890 Engaddi,
472 4817 522 4877 est
545 4815 638 4875 loeus
657 4815 692 4875 in
711 4815 854 4877 termino
907 4814 1001 4876 vitiis
1015 4813 1056 4874 ad
1072 4813 1224 4885 virtutes,
1241 4813 1282 4875 de
1296 4814 1388 4875 terra
1402 4812 1444 4875 ad
1460 4812 1592 4876 coelum.
1609 4814 1702 4885 Quod

60 4909 178 4971 mortui
194 4909 303 4971 maris
314 4907 444 4989 (2):sic
454 4911 658 4974 atterminus
668 4910 853 4988 iniquitatis
907 4912 1020 4972 autem
1030 4910 1377 4988 sequitnr=«siccati0
1388 4925 1589 4986 sagenarum
1599 4909 1700 4981 erit»,
1751 4976 1753 4980 .

58 5006 183 5069 mnium
219 5005 324 5069 habet
349 5006 473 5069 lontmn
496 5006 664 5084 baptismi.
690 5008 730 5068 Et
762 5011 852 5076 nota,
909 5006 1069 5078 idemest,
1083 5005 1412 5085 quodinEvaugelio
1427 5005 1550 5067 dicitur
1565 5026 1573 5065 z
1588 5009 1703 5067 Eoeczt·

56 5103 136 5176 quod
147 5104 256 5165 vinea
271 5117 390 5180 sapere
400 5102 497 5166 debet
506 5106 660 5166 naturam
670 5103 851 5165 territorii:
909 5104 970 5165 tlte
989 5109 1169 5177 pulverem
1188 5105 1231 5164 ds
1247 5105 1389 5176 pedibus
1402 5101 1531 5162 vestrts
1546 5098 1606 5178 (3).
1623 5100 1699 5172 Vix,

58 5197 102 5258 sio
122 5200 252 5260 animae
281 5199 398 5261 fideles
419 5199 627 5278 praetendere
646 5199 766 5261 debent
780 5199 852 5260 lor·
908 5201 966 5263 aut
983 5215 1153 5277 nunquam
1167 5197 1313 5260 trahitur
1337 5210 1395 5274 per
1407 5211 1499 5258 mare
1520 5197 1603 5268 rete,
1620 5198 1700 5274 quin

56 5308 137 5357 mem
152 5294 427 5359 conversationis
446 5296 551 5368 illius,
568 5295 625 5373 qul
639 5296 729 5358 motu
742 5295 853 5357 carnis
907 5294 1034 5373 aliquid
1049 5294 1258 5357 humiditatis
1273 5293 1426 5371 introeat.
1438 5291 1531 5354 Unde
1544 5292 1699 5354 siccanda

88 5422 112 5493 (1
138 5425 231 5482 toan.
246 5424 275 5493 l,
288 5425 331 5483 lt.
943 5425 984 5501 (3)
1000 5423 1099 5484 liatth.
1114 5423 1157 5493 lo,
1173 5423 1215 5481 lt.

88 5495 117 5566 tt
142 5495 267 5552 lilerou.
283 5511 290 5550 :
307 5495 343 5551 de
358 5495 442 5553 Locis
463 5495 620 5553 Hebraicis.
