3950 6200
118 331 151 392 ⁴1
578 329 906 394 saoneeoumra.
928 362 969 377 -
989 331 1256 395 resrruorrm.
1698 334 1763 430 42¹

119 492 218 552 «sunt
237 489 310 551 itisa
326 488 411 569 (1)».
426 492 477 552 An
500 506 566 552 non
580 491 651 553 baec
664 491 799 551 humilis
821 491 886 552 elo·
915 500 925 544 t
946 509 964 551 c
987 493 1117 563 mentis,
1128 493 1318 570 suspectum
1328 491 1741 569 redditur:pulcbriorque

119 588 234 665 quentia
249 587 391 663 simplex
408 590 440 649 et
459 589 644 665 incomptus
660 590 765 665 stylus
786 605 890 649 sacrae
946 605 964 648 «
986 590 1139 650 enitescit
1163 591 1235 667 ipsa
1260 606 1320 652 sua
1346 591 1489 665 puritate
1513 590 1709 667 simplicitas
1731 610 1738 649 :

119 686 289 759 scripturae,
300 686 337 744 in
350 701 496 762 quaprou
505 685 730 761 prurientibus
752 685 889 746 auribus
946 703 963 744 ι
986 703 1059 763 quae
1082 687 1168 763 qnod
1191 689 1325 748 mentiri
1347 688 1483 758 nesciat,
1497 703 1739 764 omnequam·

117 782 323 857 expectandus
346 782 508 843 cadentiae
535 798 648 853 sonus,
673 782 730 842 sed
749 783 891 842 sinceris
946 799 964 843 «
985 783 1037 842 ris
1049 783 1259 852 adornatum,
1280 786 1499 860 compositum
1514 784 1739 845 velamentum

117 877 263 938 mentibus
283 879 484 955 requirenda
507 878 691 940 substantia
714 879 892 940 doctrinae?
946 897 964 938 «
986 880 1240 942 abhorret.»Ex
1253 881 1440 943 bumilitate
1451 898 1531 958 ergo
1541 882 1696 943 Auctoris
1709 882 1742 943 et

116 975 358 1035 Dumadvanam
368 973 812 1052 eloquentiametrerborum
822 992 893 1037 cor·
946 975 1024 1051 styli
1047 976 1129 1036 satis
1144 977 1216 1037 haec
1230 977 1480 1039 commendatur
1495 977 1657 1039 doctrina.

116 1073 415 1134 ticemtotnsadhuc
435 1074 619 1136 attenderet
630 1073 845 1149 Augustinus,
860 1076 891 1134 et
985 1072 1739 1149 Atqueexejusvitaetexemplo,quisignorat,

116 1170 324 1245 cumprimum
336 1170 601 1246 legeretsacram
614 1172 818 1246 scripturam
830 1167 889 1251 (2).
947 1182 1044 1244 quam
1070 1167 1170 1243 digna
1186 1169 1229 1230 sit
1244 1169 1478 1230 veneratione?
1493 1172 1622 1246 Optima
1641 1171 1741 1245 plane

117 1267 211 1326 ‹risa
223 1269 274 1329 est
284 1268 349 1344 ipsi
362 1268 512 1344 indigna,
536 1285 635 1345 quarn
651 1269 816 1329 Tullianae
840 1268 893 1327 di·
948 1266 999 1324 est
1018 1264 1083 1324 riri
1106 1264 1244 1324 humilis
1269 1265 1467 1326 humilitatis
1490 1266 1652 1334 doctrina,
1667 1283 1741 1344 quae

117 1364 256 1438 ‹gnitati
284 1367 526 1442 compararet:
559 1368 668 1426 tumor
701 1366 789 1425 enim
820 1368 894 1441 ejus
947 1360 1740 1441 r<siveloquendoinstruat(5),sirecommen·

117 1461 203 1538 ‹tsic
214 1462 286 1537 ipse
297 1461 384 1524 dese
393 1461 552 1542 loquitur)
563 1461 748 1538 refugiebat
760 1462 891 1523 modum
947 1474 965 1518 ι
987 1457 1143 1519 dabiliter
1164 1460 1304 1521 tacendo
1329 1460 1488 1536 quiescat,
1510 1477 1641 1538 semper
1660 1471 1740 1522 nos-

117 1574 132 1618 ι
149 1560 219 1633 eius,
227 1560 260 1620 et
269 1559 362 1620 acies
370 1562 442 1635 ejus
452 1575 517 1619 non
529 1559 723 1636 penetrabat
732 1559 893 1621 interiora
947 1573 966 1616 ι
987 1556 1074 1616 citur
1089 1572 1162 1616 esse
1178 1557 1325 1634 prolicua
1343 1579 1350 1616 ε
1372 1559 1412 1618 de
1428 1558 1584 1619 thesauro
1599 1574 1741 1635 namque

117 1658 229 1732 retus:
246 1656 309 1717 illa
325 1656 414 1717 enirn
435 1660 518 1728 erat,
538 1674 611 1733 quae
632 1658 798 1718 cresceret
818 1673 892 1716 cum
947 1670 966 1712 s
987 1669 1048 1714 suo
1072 1653 1234 1714 bonorum
1260 1671 1407 1730 operum,
1422 1672 1496 1732 quae
1519 1657 1623 1731 gessit
1645 1656 1741 1717 rudi·

116 1752 894 1829 «paruulisilleautemdedignabaturessepar·
947 1751 1099 1811 «menta
1127 1753 1365 1827 pronuntians
1394 1753 1582 1814 auditorum
1612 1754 1740 1814 animos

118 1866 132 1906 ι
146 1850 244 1922 sulus,
259 1853 294 1912 et
308 1852 461 1927 turgidus
474 1851 564 1913 tastu
576 1851 639 1912 sibi
652 1851 789 1926 grandis
800 1851 893 1912 vide·
947 1863 965 1906 <r
986 1848 1150 1909 convertit
1172 1848 1212 1908 ad
1235 1850 1378 1924 gratiam
1393 1872 1400 1909 ε
1418 1851 1598 1912 concordat
1621 1852 1745 1928 quippe

35 1951 37 1956 ’
115 1945 325 2009 ‹batur.»1ta
336 1964 455 2009 uereor
466 1965 507 2010 ne
517 1950 687 2024 contingat
697 1949 751 2020 iis,
762 1949 817 2024 qui
829 1947 893 2009 sibi
947 1959 965 2004 ι
987 1947 1059 2019 ejus
1074 1945 1144 2006 rita
1164 1962 1239 2006 oum
1259 1963 1352 2018 voce,
1369 1947 1614 2024 efficaciterque
1633 1947 1740 2008 bene-

114 2045 441 2119 magnividentu1·,et
460 2046 602 2123 superbo
626 2047 738 2107 animo
761 2047 803 2108 ad
821 2047 892 2107 baec
947 2059 965 2100 s
985 2041 1089 2103 dictio
1106 2042 1218 2103 divina
1237 2044 1420 2105 assentitur
1435 2045 1469 2104 in
1484 2061 1595 2122 opere.
1610 2063 1628 2106 s
1643 2046 1742 2106 PrIus

114 2142 267 2204 Francisci
283 2146 391 2219 Opera
411 2144 550 2219 legenda
566 2132 787 2217 accesserint;
804 2145 837 2205 et
850 2159 893 2203 ne
947 2138 1063 2201 ardeat
1078 2140 1137 2201 lux
1151 2141 1186 2201 in
1199 2141 1309 2218 seipsa
1325 2142 1552 2203 necessarium
1567 2147 1627 2213 est,
1643 2159 1740 2219 quarn
1780 2221 1782 2224 Ι

114 2238 176 2298 dum
195 2240 284 2301 banc
299 2241 486 2302 doctrinam
510 2243 678 2318 tamquam
690 2242 892 2317 incomptam

112 2336 264 2413 abjiciant,
288 2338 413 2415 absque
440 2338 550 2400 fructu
567 2339 709 2410 steriles,
727 2341 760 2400 et
782 2339 892 2401 mente

110 2435 198 2510 jejuni
212 2436 383 2497 recedant.
395 2437 459 2497 Sed
470 2436 754 2508 sianimohumili,
765 2437 801 2498 ut
814 2452 892 2511 par-

112 2531 288 2604 rutilantis
304 2533 479 2609 sapientiae
503 2534 626 2610 cupidi,
644 2549 718 2594 eam
732 2534 889 2609 perlege·

113 2627 175 2701 rint
197 2646 265 2691 non
285 2631 464 2692 verborum
484 2632 684 2708 compositas
709 2631 889 2704 orationes,

35 2743 36 2746 ¹
113 2741 167 2786 non
179 2728 292 2789 doctas
305 2728 446 2801 tabulas,
461 2745 527 2790 non
536 2730 707 2806 poetarum
722 2729 890 2805 figmenta,

112 2838 166 2884 non
189 2825 338 2898 facetias,
356 2826 415 2886 sed
443 2826 678 2902 Evangelicam
707 2826 891 2887 doctrinam

35 2925 36 2988 ]
114 2925 297 2999 quaerentem
316 2923 436 2984 uberes
452 2923 558 2986 tontes
572 2925 755 2996 invenient,
769 2924 890 3000 quibus

35 3057 37 3064 ,
112 3032 274 3097 numquam
296 3021 409 3082 satiati
431 3022 539 3082 adbuc
566 3022 698 3092 sitient,
722 3021 828 3082 donec
849 3021 891 3082 ad

35 3124 37 3193 ξ
111 3116 200 3181 Deum
211 3118 336 3181 iontem
351 3120 463 3180 vivum
476 3120 647 3192 accedant,
665 3119 721 3197 qui
737 3120 893 3196 propinet

112 3208 180 3290 ipsis
193 3217 331 3278 calicem
346 3233 445 3291 aquoe
457 3221 547 3279 olore
560 3219 716 3279 saltantis
729 3221 766 3277 tn
782 3219 892 3278 etlam

35 3306 37 3371 l
112 3314 266 3375 ceterarum
280 3310 479 3392 (loan.,1v).
493 3315 606 3375 Facile
622 3314 709 3375 banc
721 3315 892 3375 Francisci

35 3446 37 3463 .
112 3410 177 3469 ‹in
213 3411 378 3489 loquendo
426 3411 672 3488 simplicitatem
718 3411 893 3472 excusabit

113 3522 127 3563 ι
145 3509 366 3570 sancbmoniae
382 3509 528 3570 auctoris
543 3508 765 3583 magnitudo»
781 3508 843 3587 (3),
860 3511 893 3571 et

35 3644 37 3693 ss
113 3604 274 3667 candidum
297 3606 448 3668 Lectoris
470 3605 642 3682 ingenium
664 3628 671 3666 :
693 3606 891 3667 «bonorum

35 3698 37 3763 ι
113 3718 129 3759 ι
145 3704 225 3764 enim
239 3703 451 3779 ingeniorum
466 3703 608 3779 insignis
630 3704 680 3764 est
700 3703 841 3775 indoles,
856 3704 891 3764 in

35 3818 37 3879 3
113 3814 129 3856 ι
145 3800 247 3861 serbis
261 3817 377 3861 verum
392 3817 517 3872 amare,
534 3817 600 3861 non
614 3800 714 3862 rerba
729 3799 789 3879 (4).
807 3801 892 3872 Quid

114 3898 226 3958 ‹enim
258 3898 394 3975 prodest
425 3898 528 3959 claris
562 3913 682 3969 aurea,
707 3899 735 3958 si
760 3899 892 3975 aperire

35 4028 37 4031 -
116 4007 132 4050 ‹
147 3997 222 4070 quod
235 3996 400 4067 volumus,
416 4011 483 4057 non
496 3996 622 4073 petest?
635 3997 693 4055 aut
707 3995 784 4072 quid
798 3974 893 4057 obe'st

117 4091 258 4168 «lignea,
276 4094 305 4153 si
320 4093 385 4153 boc
405 4094 524 4169 potest,
541 4093 672 4169 quando
695 4092 780 4153 nihil
795 4109 890 4169 quae-

118 4190 252 4262 «rimus,
274 4191 339 4251 nisi
362 4191 477 4266 patere
498 4190 584 4266 quod
600 4189 750 4250 clausum
766 4192 838 4251 esti
853 4193 892 4251 Et

119 4299 133 4342 ι
150 4287 225 4349 sicut
238 4288 399 4349 effossum
412 4286 552 4347 informe
568 4303 686 4348 aurum
698 4290 730 4348 et
744 4287 837 4360 rude,
851 4304 890 4349 eo

120 4383 271 4446 «chamus
295 4401 370 4447 esse
394 4384 495 4457 solet,
519 4384 606 4461 quod
632 4383 716 4444 nibil
739 4385 893 4446 rideatur

121 4492 135 4535 ι
150 4481 275 4543 alterins
296 4481 424 4544 metalli
446 4481 569 4542 babere
589 4482 804 4542 commixtum
821 4504 828 4542 ι
845 4483 892 4544 ita

121 4580 269 4656 «egregia
284 4583 511 4650 monumenta,
529 4595 589 4639 sua
605 4579 711 4656 ipsius
727 4581 892 4642 vetustate

122 4676 236 4751 saque
263 4678 476 4754 simplicitate
500 4677 669 4749 micantia,
695 4676 814 4753 quibus
837 4693 892 4738 res

121 4785 135 4825 ι
151 4775 360 4853 potiusquam
376 4775 478 4836 verba
494 4775 527 4835 in
543 4775 649 4851 pretio
674 4791 748 4836 esse
773 4775 891 4845 solent,

35 4944 36 4949 ἵ
121 4873 264 4943 «gratior
287 4890 305 4934 a
328 4873 428 4951 plane
450 4877 549 4933 erunt
568 4875 666 4949 atque
676 4873 890 4949 jncundiora,

121 4971 255 5044 «quovis
269 4972 393 5049 scripto
414 4970 611 5031 recentioris
630 4971 795 5041 Auctoris,
812 4971 891 5048 qui·

35 5096 36 5103 ,
121 5076 136 5120 ι
151 5063 339 5145 buscumque
348 5069 546 5146 eloquentiae
555 5067 702 5143 phaleris
717 5071 891 5128 exornato.

122 5163 301 5242 «Quidquid
322 5166 412 5225 enim
437 5164 612 5226 obducitur
635 5165 710 5226 suco
733 5167 792 5227 aut
813 5164 891 5240 pig·

151 5291 186 5362 (l)
202 5293 275 5354 ldcm
287 5296 365 5364 eod,
376 5296 423 5353 lib.
439 5310 488 5364 vu,
503 5310 529 5353 c.
547 5298 573 5353 7.

152 5364 186 5434 tt)
202 5366 283 5441 bug„
299 5369 317 5424 l.
331 5382 375 5435 ιιι,
392 5368 485 5438 Confi,
499 5381 524 5423 c.
539 5366 566 5422 t.

152 5434 175 5503 tt
203 5437 286 5507 llier,
301 5438 393 5510 Epist.
407 5438 468 5505 tos,
486 5437 521 5494 ad
537 5437 702 5495 Pammacb.

152 5506 176 5573 tl
199 5507 317 5580 lugdu
332 5512 372 5565 De
383 5509 471 5566 doctr.
487 5508 662 5578 Christiana,
687 5524 713 5565 c.
730 5524 759 5578 ιι,
784 5510 890 5566 Burou.

124 5576 283 5636 tomlllan.
304 5580 411 5638 Glirtst.
431 5579 493 5637 356.

155 5648 189 5718 tt)
208 5650 284 5707 baur.
297 5652 368 5721 lust,
387 5650 421 5705 de
436 5650 501 5707 l'tle
516 5649 658 5718 solitario,
674 5663 699 5706 c.
715 5651 741 5707 7.

947 2237 1092 2312 ponatur
1115 2254 1215 2314 super
1238 2238 1475 2300 candelabrum
1491 2238 1550 2318 (6).
1575 2242 1610 2302 ut
1633 2241 1743 2303 luceat

947 2333 1101 2394 omnibus
1112 2336 1169 2412 qui
1182 2336 1216 2395 in
1227 2335 1323 2396 domo
1335 2338 1426 2411 sunt3
1441 2339 1474 2398 et
1483 2337 1511 2397 si
1523 2338 1572 2398 sal
1584 2338 1619 2398 in
1630 2340 1741 2414 seipso

946 2429 1147 2493 infatuatum
1181 2432 1294 2505 luerit,
1332 2434 1495 2510 quomodo
1531 2435 1741 2496 condimento

948 2529 1053 2604 ipsius
1079 2531 1199 2591 caetera
1224 2530 1409 2592 salienturl
1432 2531 1509 2594 Ideo
1523 2533 1626 2595 vitam
1648 2535 1741 2611 prius

948 2628 1161 2703 quaerendam
1188 2645 1286 2705 quam
1314 2629 1508 2702 doctrinam,
1540 2631 1743 2706 significarit

948 2724 1072 2800 Regius
1085 2727 1184 2787 Vates
1197 2726 1257 2805 (7),
1274 2727 1365 2803 prius
1380 2726 1494 2788 beatos
1509 2729 1657 2790 clamans
1670 2745 1738 2801 eos,

946 2839 965 2882 ι
987 2822 1043 2899 qui
1068 2822 1274 2885 immaculati
1289 2824 1377 2885 riam
1402 2824 1502 2902 hujus
1523 2827 1639 2887 saeculi
1660 2842 1741 2903 per·

947 2937 966 2980 c
987 2921 1173 2992 transeunt,
1190 2937 1325 2997 gressus
1344 2939 1424 2983 suos
1439 2925 1619 2985 secundnm
1634 2926 1742 3001 legem

947 3034 965 3078 rr
987 3018 1170 3095 dirigentes
1187 3041 1194 3079 ι
1209 3036 1308 3097 quam
1320 3036 1389 3092 eos,
1404 3021 1460 3099 qni
1474 3025 1665 3084 scrutantur
1679 3027 1742 3084 tes-

947 3133 966 3177 «
986 3117 1126 3179 timonia
1144 3121 1216 3196 ejus
1231 3141 1238 3179 ε
1255 3119 1332 3180 ante
1347 3119 1436 3180 enim
1451 3120 1530 3192 vita,
1549 3138 1646 3198 quam
1661 3123 1742 3184 doc-

947 3230 965 3274 «
985 3215 1076 3276 trina
1092 3216 1271 3293 quaerenda
1286 3220 1357 3278 est:
1375 3217 1444 3279 vita
1460 3218 1549 3278 enirn
1564 3218 1650 3280 bona
1668 3220 1742 3280 siue

947 3311 1138 3374 «doctrina
1170 3314 1271 3375 babet
1293 3314 1464 3390 gratiam:
1490 3315 1642 3377 doctrina
1668 3317 1740 3378 sine

946 3410 1067 3482 evita,
1090 3411 1314 3487 integritatem
1337 3427 1403 3472 non
1428 3411 1536 3473 babet.
1561 3415 1679 3474 »Hinc
1699 3414 1740 3475 de

945 3508 1026 3568 lesu
1059 3508 1181 3570 dicitur
1214 3509 1355 3586 coepisse
1383 3509 1509 3578 tacere,
1538 3511 1570 3572 et
1602 3511 1740 3585 docere,

948 3620 1013 3680 quo
1041 3604 1115 3666 loco
1143 3605 1320 3667 uerborum
1346 3608 1545 3684 antepositio
1562 3624 1629 3669 non
1651 3614 1742 3672 caret

947 3702 1116 3777 mysterio,
1145 3705 1178 3764 et
1204 3703 1275 3779 ipse
1304 3703 1345 3763 de
1372 3704 1568 3766 Docteribus
1601 3706 1740 3783 loquens

947 3798 1028 3861 dicit
1051 3822 1058 3860 :
1083 3803 1146 3866 Qut
1169 3803 1287 3863 etitem
1300 3803 1433 3875 feccrit,
1450 3803 1483 3863 el
1505 3806 1670 3871 doctrcrtt,
1687 3809 1742 3866 bic

946 3912 1094 3972 magnes
1116 3901 1293 3959 vocabitur
1314 3902 1351 3960 tn
1364 3903 1480 3976 chno
1498 3906 1662 3963 coetorum
1680 3900 1739 3982 (8).

946 3994 1050 4054 Audis
1071 3996 1228 4071 quoniam
1253 3997 1410 4072 praecedit
1436 3975 1561 4059 iactum
1579 3997 1638 4078 (9),
1661 4000 1742 4060 sub-

947 4092 1098 4168 sequitur
1122 4094 1273 4155 doctrina
1302 4116 1309 4154 :
1340 4095 1503 4172 siquidem
1531 4095 1738 4169 benefacere,

946 4190 1738 4267 primadoctrinaest.Cessantibusenimverbis‚

947 4287 1010 4348 boc
1033 4288 1140 4365 ipsum
1164 4289 1260 4375 docet
1282 4289 1434 4351 homines
1460 4306 1542 4366 opus
1566 4292 1737 4367 optimum,

947 4384 1025 4445 dum
1051 4386 1182 4448 videtur
1207 4403 1214 4446 :
1240 4387 1326 4464 quod
1355 4388 1418 4448 etsi
1442 4403 1524 4448 voce
1549 4404 1649 4449 aures
1672 4407 1740 4453 non

947 4484 1080 4555 excitet,
1105 4484 1226 4547 virtute
1257 4487 1368 4545 tamen
1398 4485 1497 4546 corda
1529 4490 1740 4564 compungat.

948 4581 1027 4650 Quis
1051 4580 1140 4640 enim
1160 4579 1282 4640 bonum
1298 4581 1420 4642 iactum
1440 4583 1557 4644 ridens
1572 4601 1637 4645 non
1652 4602 1740 4661 gau-

947 4677 1034 4748 deat,
1063 4678 1217 4749 miretur,
1247 4678 1410 4751 imitetur,
1441 4696 1481 4742 ac
1507 4682 1609 4745 veluti
1639 4684 1740 4746 tacito

948 4773 1107 4850 magistro
1134 4777 1250 4847 utens,
1279 4779 1351 4853 ejus
1380 4779 1532 4854 exemplo
1561 4780 1741 4841 doceatur?

947 4872 1050 4934 Dictis
1077 4872 1180 4948 igitur
1203 4872 1290 4936 facta
1306 4876 1507 4950 praecedunt.
1528 4878 1640 4938 [nanis
1661 4893 1740 4953 ergo

947 4971 980 5030 et
1014 4969 1176 5041 ridicula,
1211 4973 1469 5046 contemnenda,
1506 4973 1740 5051 hypocrisique

947 5068 1057 5143 plena,
1066 5083 1165 5136 vana,
1180 5068 1319 5136 inutilis,
1333 5070 1487 5140 mendax,
1500 5073 1533 5130 et
1547 5072 1599 5131 sui
1618 5074 1738 5133 aucto-

947 5165 995 5225 ris
1019 5165 1166 5234 inimica,
1188 5183 1288 5244 quum
1318 5169 1362 5229 sit
1385 5168 1535 5228 doctrina
1561 5183 1634 5244 quae
1658 5185 1739 5230 auc-

983 5296 1023 5369 (6)
1043 5297 1190 5365 blatt.,1rr.

983 5368 1114 5449 (7).ΡειιΙ.
1127 5383 1222 5437 curru,
1237 5368 1265 5423 in
1281 5368 1369 5440 princ.
1386 5366 1482 5425 Ambr.
1501 5368 1530 5424 in
1546 5368 1621 5427 Psal.
1641 5386 1738 5443 cxviii,

947 5439 977 5495 in
993 5451 1083 5509 princ.

984 5510 1013 5578 (8
1042 5509 1120 5564 Mati.
1136 5523 1164 5564 v.

948 5580 1013 5705 atil
1050 5578 1147 5635 Ambr.
1179 5579 1208 5635 iu
1229 5580 1317 5636 Serm.
1341 5579 1374 5635 rte
1403 5580 1507 5638 domm.
1534 5582 1658 5655 Mcrlpr.
1688 5600 1741 5654 per

968 5666 1064 5706 atrurn.
