3950 6200
60 344 114 406 eea
426 344 535 408 ruas
563 343 709 405 ruini.
725 372 766 387 -
783 341 1005 404 arrestum
1033 344 1079 405 ni
1107 344 1311 408 assinos.
1634 347 1693 409 eoi
1789 327 1793 334 “

60 507 206 568 ducamus
234 501 277 564 ad
303 503 511 576 memoriam,
537 501 653 580 quanti
685 502 844 582 ponderis
896 503 963 564 tam
992 503 1232 567 misericordiae
1258 505 1436 583 festinent3
1466 522 1532 585 quo
1559 505 1692 578 hausto,

58 600 308 673 tueritierbum,
323 601 410 678 quod
424 599 511 663 dixit
526 599 752 678 quaerentibus
768 615 844 662 eum
898 600 984 677 pilos
1008 605 1232 678 peccatorum,
1256 620 1381 666 cornua
1401 604 1566 682 superbiae
1586 605 1693 682 depo-

57 704 88 763 ut
107 698 350 775 crucifigerent,
383 699 496 760 dicens
511 720 519 759 ε
534 700 641 764 Ditem
668 699 845 773 eieceritis?
898 700 1026 771 nentes,
1037 702 1271 777 juvenescunt,
1285 703 1318 763 et
1331 701 1470 764 multum
1485 702 1693 778 affliguntur,

59 803 208 876 deosum
229 795 291 876 (l),
307 812 372 874 quo
392 795 505 859 audite
520 811 634 858 omnes
647 797 845 858 corruerunt
898 795 975 856 dum
988 797 1124 873 pariunt
1138 800 1206 859 Deo
1218 799 1409 875 peccatores
1425 799 1584 862 subditos.
1599 797 1694 862 Unde

57 897 86 957 iu
105 898 228 957 terram
254 894 433 972 prostrati:
451 894 526 972 quis
541 895 664 971 poterit
679 892 844 956 sustinere
897 892 959 957 Job
973 891 1063 973 (39,l
1075 894 1116 956 ad
1124 893 1158 975 3)
1168 912 1201 956 :c
1212 896 1368 973 Numquid
1380 897 1467 959 nosti
1478 899 1607 974 tempus
1620 910 1695 974 par·

58 991 845 1069 terbumteniiruiejusiltemalcdtctltitipitem
898 991 951 1053 tus
963 990 1088 1053 ibicum
1100 993 1135 1053 in
1151 993 1264 1069 petris,
1276 993 1329 1055 rel
1341 1009 1458 1056 cervas
1470 995 1694 1072 parturientes

57 1091 217 1153 eternum
246 1087 320 1169 (2)t
343 1090 383 1151 ut
410 1091 522 1152 lamini
546 1087 628 1150 illud
659 1087 722 1150 luit
749 1088 844 1166 quasi
899 1088 1105 1151 observastit
1123 1091 1347 1153 Dinumerasti
1369 1091 1694 1168 mensesconceptus
1774 1113 1778 1126 ·

58 1188 135 1250 stilla
159 1186 339 1258 sermonis,
364 1185 442 1264 quia
466 1186 575 1247 adbuc
596 1188 669 1249 erat
694 1186 844 1247 Christus
898 1201 1026 1259 earum,
1043 1188 1077 1249 et
1094 1187 1186 1249 scisti
1203 1187 1333 1266 tempus
1351 1190 1466 1266 partus
1484 1190 1619 1251 eariimi
1633 1190 1693 1249 In-

57 1300 180 1363 pauper,
198 1284 321 1356 nudus,
336 1286 370 1347 et
381 1283 541 1362 abjectus,
555 1283 717 1357 mortalis,
730 1284 764 1346 et
773 1299 845 1362 pas·
899 1287 1082 1346 currantur
1109 1285 1151 1346 ad
1176 1286 1301 1359 loetum,
1332 1287 1485 1363 pariunt,
1508 1288 1542 1349 et
1564 1287 1695 1363 rugitus

57 1382 161 1444 sibilis.
178 1382 266 1443 Illud
287 1381 399 1444 autern
414 1381 480 1443 erit
490 1381 685 1454 tonitruum,
703 1381 781 1458 quia
796 1381 847 1442 ir·
898 1381 1064 1445 emittunt.
1082 1382 1220 1445 »ibices
1234 1386 1312 1447 sunt
1326 1398 1429 1462 parva
1444 1383 1602 1445 animalia
1618 1397 1697 1461 qua·

57 1477 273 1541 retractabilis
298 1478 464 1541 sententia
489 1479 553 1540 erit
576 1478 619 1540 ab
643 1477 842 1551 immortali,
898 1479 1060 1555 drupedia
1073 1481 1226 1555 cornuta,
1242 1481 1278 1542 iu
1289 1481 1393 1558 petris
1407 1481 1593 1559 parientia;
1618 1480 1652 1541 et
1666 1479 1696 1541 si

57 1576 311 1655 etimpassabili.
329 1577 456 1639 Einota
471 1576 556 1654 quod
572 1576 656 1638 bene
670 1576 751 1638 dicit
762 1591 844 1653 par·
898 1575 1064 1649 labantur,
1091 1592 1127 1638 se
1151 1578 1309 1639 cornibus
1319 1579 1400 1639 'suis
1414 1578 1617 1655 exprimunt,
1634 1591 1696 1639 nec

57 1691 123 1735 iam
145 1674 287 1746 stillam,
317 1674 475 1751 quoniam
498 1673 636 1735 verbum
663 1674 794 1735 Domini
810 1674 845 1735 in
898 1673 1076 1737 laeduntur.
1095 1677 1159 1736 Per
1173 1674 1279 1737 ibices
1293 1677 1447 1753 praelatos
1462 1675 1623 1751 intellige,
1639 1673 1696 1752 qui

59 1773 204 1849 presenti
218 1774 272 1834 est
285 1771 371 1844 lene,
388 1773 422 1834 et
442 1774 674 1833 mansuetum:
691 1787 728 1833 se
742 1771 777 1832 in
792 1768 847 1832 lu·
899 1772 934 1833 iu
943 1772 1059 1849 petris,
1069 1771 1155 1834 idest
1163 1772 1331 1835 soliditate
1342 1773 1695 1844 virtutumianristo,

59 1872 123 1930 turo
136 1870 358 1941 contrarium,
375 1870 454 1947 qnia
473 1868 608 1932 crudele
624 1867 683 1949 (3),
701 1885 775 1931 cum
789 1868 844 1929 di·
899 1871 932 1931 et
951 1870 985 1930 in
998 1870 1160 1947 exemplIs
1175 1871 1366 1933 sanctorum
1384 1871 1520 1948 pariunt
1534 1869 1694 1931 subditos.

60 1969 103 2028 cet
113 1988 121 2027 ε
132 1970 186 2030 Ite
197 1967 373 2029 maiestati
385 1970 422 2029 ta
432 1970 549 2045 tpitem
558 1967 739 2030 cateruam.
753 1968 845 2028 Tunc
899 1967 978 2028 Etsi
993 1967 1060 2045 ipsi
1072 1967 1269 2045 quandoque
1284 1968 1443 2031 labuntur
1453 1966 1512 2049 (l),
1524 1967 1693 2040 coraibus,

58 2063 171 2126 tonabit
184 2065 351 2126 Dominus
362 2079 470 2140 siipcr
484 2079 594 2139 apcius
607 2065 745 2138 multus,
762 2081 801 2125 ac
816 2065 845 2125 si
898 2063 985 2126 idest
1003 2065 1156 2127 doctrina
1172 2065 1347 2143 utriusque
1366 2065 1556 2128 testamenti
1578 2082 1616 2126 se
1634 2080 1698 2126 ex·

59 2159 133 2224 dicat
143 2162 309 2223 Dominus
325 2161 511 2223 damnatIs:
528 2163 602 2223 Vox
619 2177 693 2223 mea
708 2178 775 2223 uon
789 2159 845 2223 to·
899 2160 1035 2238 plicant,
1061 2163 1140 2240 quia
1162 2178 1229 2224 non
1255 2165 1344 2224 Deus
1362 2179 1420 2224 eos
1440 2162 1611 2239 dijudicat.
1628 2160 1697 2237 Ipsi

60 2260 120 2320 uuit
131 2257 241 2332 robis,
257 2258 343 2320 idest
352 2274 419 2320 non
431 2259 521 2320 intus
530 2259 640 2321 tonuit
650 2258 844 2321 incutiendo
899 2256 1698 2335 enirndebentrespicereiructum,quemiaciunt

58 2356 209 2428 timorem,
228 2356 325 2418 etita
342 2355 501 2417 inefficax
522 2355 603 2431 iuit;
622 2356 656 2417 et
669 2355 745 2419 ideo
767 2356 845 2434 qula
898 2355 934 2415 in
944 2355 1104 2427 Ecclesia,
1117 2370 1183 2416 non
1195 2356 1335 2433 lapsum.
1349 2356 1442 2418 Unde
1453 2355 1633 2432 Gregorius
1647 2353 1695 2434 (5)

57 2469 111 2515 nou
132 2454 226 2515 lutus
249 2453 361 2515 tonuit
382 2467 444 2530 per
472 2452 636 2527 timorem,
663 2468 765 2530 super
784 2467 845 2515 ros
899 2467 1001 2530 super
1013 2451 1153 2514 eundem
1164 2453 1294 2514 locum:
1311 2470 1329 2512 ii
1345 2453 1380 2514 Si
1395 2453 1530 2514 illorum
1540 2451 1694 2524 fructum,

58 2551 122 2612 tono
155 2549 258 2612 medo
293 2565 354 2628 per
390 2551 550 2612 aternam
584 2549 843 2612 damnationem.
899 2549 1694 2629 quasiibicuin,cervarumquepertusasptceres,

59 2649 147 2710 louet
171 2648 284 2724 igitur
306 2647 363 2708 hio
386 2647 420 2708 in
443 2646 540 2708 nobis
559 2663 625 2710 vox
645 2648 788 2720 Domini,
802 2662 845 2710 ne
899 2648 939 2710 de
963 2648 1021 2709 tua
1038 2648 1162 2710 virtute
1181 2647 1341 2709 humilius
1354 2648 1539 2710 sentires.»
1554 2644 1618 2709 sed
1633 2646 1697 2708 boc

59 2744 169 2808 intonet
182 2746 222 2806 in
236 2745 349 2807 inturo
365 2759 465 2822 super
478 2760 550 2806 nos.
899 2744 1057 2823 objicitur
1069 2744 1133 2822 ipsi
1147 2748 1166 2807 J
1169 2745 1221 2819 oli,
1239 2748 1334 2823 qu‘us
1347 2745 1497 2808 custodia
1513 2742 1561 2823 (6)
1576 2743 1618 2805 ab
1631 2758 1698 2806 om·

899 2842 997 2904 uibus
1038 2841 1164 2905 sanctis
1203 2843 1463 2905 commendatur.
1501 2840 1697 2932 Respondeo

899 2939 986 3018 quod
999 2939 1096 3002 nobis
1111 2941 1221 3018 potius
1241 2941 1353 3018 posset
1370 2940 1481 3019 objici.
1499 2939 1593 3003 Unde
1612 2935 1696 3000 sub-

895 3034 1080 3115 jungitur:
1107 3038 1307 3117 «Numquid
1343 3038 1527 3101 numerasti
1564 3051 1696 3100 menses

59 3150 90 3207 ue
110 3150 248 3225 petius,
273 3153 323 3224 qur
342 3166 393 3226 per
413 3166 514 3210 cervos
533 3151 741 3226 signarentur.
765 3152 845 3222 euou
899 3136 1077 3214 conceptus
1093 3140 1230 3198 camini
1245 3155 1264 3197 >a
1279 3140 1344 3199 Per
1358 3152 1505 3209 menses,
1521 3135 1609 3197 idest
1625 3134 1700 3195 die-

85 3242 182 3311 pielaii
198 3248 372 3315 protegunt,
394 3248 424 3299 et
435 3236 591 3299 detendunt
611 3242 705 3313 allos,
726 3248 755 3299 et
770 3240 845 3314 quod
898 3232 1276 3311 rum'congregationes,
1290 3235 1451 3297 virtutum
1472 3232 1647 3308 congeries
1662 3231 1697 3291 in

84 3342 133 3385 ioii
144 3332 249 3387 statim
263 3328 369 3388 debent
383 3329 566 3403 reprebendi.
899 3329 1039 3408 praelato
1052 3331 1243 3406 signantem
1261 3330 1346 3408 quod
1362 3330 1520 3392 debemus
1530 3327 1698 3411 speculari

899 3428 934 3489 in
950 3428 1110 3506 praelatis,
1136 3428 1224 3489 sicut
1247 3442 1378 3489 menses
1404 3428 1595 3503 conceptus,
1611 3425 1698 3486 idest

901 3524 1130 3587 multimodam
1143 3524 1360 3596 voluntatem,
1380 3539 1478 3602 quam
1495 3510 1618 3586 liabent
1632 3537 1697 3599 pa-

899 3621 1009 3684 riendi
1025 3621 1186 3695 subditos,
1210 3621 1424 3684 etiamsinon
1439 3622 1577 3699 possint.

940 3719 1009 3797 ipsi
1023 3719 1123 3781 etiarn
1139 3718 1263 3795 signati
1280 3721 1359 3782 sunt
1374 3735 1434 3796 per
1449 3735 1530 3795 saga
1548 3718 1695 3790 cilicina,

86 3818 162 3889 Quia
189 3819 304 3880 multa
329 3818 487 3881 dicuntur
506 3820 622 3881 contra
642 3818 843 3891 sacerdotes,
900 3816 1020 3894 quibus
1033 3816 1246 3893 operiebatur
1257 3816 1522 3889 tabernaculum,
1539 3831 1612 3895 quae
1628 3816 1696 3876 im-

57 3914 139 3978 modo
163 3933 242 3978 cum
273 3915 503 3977 sacerdotibus
531 3916 691 3979 dicamus.
720 3917 846 3978 Cervus
899 3915 1137 3993 portunitatem
1175 3929 1308 3976 aeream
1341 3913 1561 3976 sustinebant.
1598 3910 1646 3976 lta
1666 3914 1700 3976 et

54 4012 129 4073 enini
162 4013 373 4078 naturaliter
406 4014 554 4076 extrahit
582 4014 770 4091 serpentem
805 4013 846 4075 de
899 4010 1043 4087 praelati,
1071 4008 1151 4072 licat
1174 4011 1333 4086 tanquam
1355 4024 1436 4085 sega
1460 4009 1595 4071 cilicina
1614 4009 1699 4070 viles

55 4122 183 4173 caverna
209 4110 367 4184 naribus,
396 4127 562 4173 venenum
586 4111 711 4183 haurit,
736 4110 770 4173 et
806 4126 845 4172 eo
900 4108 978 4178 sint,
994 4107 1106 4168 tamen
1122 4107 1200 4184 quia
1215 4107 1344 4184 pondus
1357 4106 1435 4177 diei,
1452 4107 1485 4168 et
1497 4110 1599 4169 aestus
1616 4120 1697 4183 por-

54 4202 169 4280 liausto,
183 4208 334 4270 interius
345 4207 500 4280 ardescit,
514 4209 548 4272 et
561 4223 621 4285 per
635 4206 789 4270 ardorem
804 4206 845 4268 ad
899 4204 983 4276 tant,
1007 4204 1057 4265 eis
1078 4206 1331 4279 compatiamur,
1353 4205 1431 4281 quia
1454 4203 1612 4282 quidquid
1628 4204 1699 4263 vir-

54 4298 161 4365 ioutem
187 4304 344 4377 festinat,
370 4308 403 4368 et
425 4306 506 4368 tuuc
530 4303 665 4383 deponit
687 4304 786 4382 pilos,
814 4306 848 4367 et
899 4288 1193 4373 tutumliabemus,
1211 4317 1254 4362 ex
1268 4300 1546 4362 eorumdoctrlua
1563 4314 1701 4376 proces-

54 4412 175 4473 cornua,
192 4404 231 4463 et
248 4402 451 4479 iuvenescit.
470 4402 518 4463 lta
532 4400 692 4478 praelatus
708 4414 848 4476 serpen·
900 4398 954 4461 sit.
971 4399 1046 4459 Non
1060 4398 1149 4459 enim
1165 4398 1199 4458 in
1215 4397 1433 4459 tabernaculo
1449 4412 1568 4457 aurum
1584 4396 1700 4473 splen-

54 4494 116 4568 tem,
140 4498 232 4560 idest
259 4494 431 4559 diabolum
456 4497 498 4559 de
525 4502 681 4566 caverna,
706 4496 793 4558 idest
806 4496 847 4558 de
901 4494 1005 4567 deret,
1033 4495 1153 4573 byssus
1179 4494 1331 4571 lulgeret,
1356 4510 1476 4556 coccus
1496 4494 1699 4567 coruscaret,

53 4595 137 4657 corde
162 4596 385 4673 peccatorum
407 4594 555 4657 extrahit
571 4616 578 4654 ε
594 4608 657 4656 uec
675 4594 796 4655 mirum
817 4592 846 4654 si
900 4592 1130 4670 resplenderet
1163 4592 1477 4670 aereobyacinthus,
1512 4591 1578 4654 nisi
1606 4592 1700 4670 prius

52 4686 489 4769 incastellarentur
509 4692 680 4764 hauriunt,
702 4690 846 4752 interius
900 4692 1132 4769 cooperiretur
1158 4690 1309 4754 exterius
1337 4691 1437 4768 sagts.
1460 4692 1508 4753 Ita
1522 4694 1555 4753 et
1569 4690 1700 4769 praelati

52 4791 244 4869 tendoque
259 4790 466 4864 intlclutitur,
480 4791 513 4853 et
523 4789 652 4862 ardent,
666 4790 702 4851 ut
716 4789 757 4850 ad
771 4788 848 4850 lon·
900 4789 1084 4851 multifarie
1101 4788 1281 4867 multisque
1296 4788 1404 4852 modis
1419 4804 1455 4850 se
1468 4789 1648 4866 exponunt,
1665 4789 1703 4850 ut

290 3004 430 3065 SERMO
459 3003 604 3064 XLVIII.

61 3472 119 3533 l'oc
131 3476 279 3536 Dormiat
290 3475 530 3549 prcaparciitts
551 3488 683 3545 cervos,
699 3473 733 3535 et
745 3488 847 3535 reve-

84 3571 158 3632 labit
170 3572 372 3642 condensa
387 3570 419 3632 ct
438 3575 476 3632 ta
492 3572 616 3646 tempto
630 3574 706 3643 ejttd
727 3585 846 3632 emtics

85 3669 370 3746 diceritalort'am.
387 3666 491 3747 (Psal.
506 3670 556 3740 28,
571 3664 638 3747 29.)
702 3746 705 3752 Δ

79 4966 116 5033 tl)
134 4969 238 5035 leam,
257 4965 344 5034 iai,
361 4964 437 5023 adii.
509 5035 562 5064 .·
635 5035 641 5049 ι
936 4965 978 5048 tlt
995 4965 1025 5022 Sl
1044 4965 1100 5091 iffi
1117 4964 1446 5048 pucadopiielabtiotiir,
1467 4968 1517 5046 etc.
1535 4962 1704 5023 Praetuttut

80 5039 117 5113 li)
136 5037 265 5104 naeu,
281 5037 328 5105 ib,
342 5038 393 5108 ti3
408 5036 492 5111 vulg.
509 5034 672 5095 .Discedite
687 5050 703 5093 a
716 5049 773 5092 me.
900 5049 1015 5092 animas
1038 5037 1058 5094 C
1081 5043 1150 5093 risto
1177 5035 1366 5103 lucrifaciant,
1383 5049 1420 5116 .⁸¹.
1441 5033 1595 5115 aliquando
1611 5045 1699 5115 opera

80 5112 116 5185 lit
135 5114 210 5185 Quia
235 5107 377 5198 crudole3=
393 5108 477 5191 idest,
503 5108 570 5186 quia
589 5107 685 5190 impiis
706 5105 846 5189 videbitur
900 5113 1008 5189 agant,
1037 5105 1280 5189 quentvideantur
1311 5104 1477 5186 hominibus
1505 5111 1702 5191 increpatione

52 5174 844 5332 tt.attactadtittlclttdlilflt:
899 5175 1701 5329 icltla‘lliilllalf'idlailiada

52 5332 101 5391 uuit
112 5323 296 5410 :crudelem
310 5320 388 5403 diem
403 5326 580 5401 romanon
596 5327 700 5404 merito
717 5333 772 5401 sui,
795 5318 846 5375 sed
900 5322 991 5375 Deum
1006 5324 1208 5399 crescuut'per
1226 5321 1372 5383 meritum,
1393 5329 1459 5380 cum
1481 5314 1556 5388 apud
1571 5321 1699 5371 uosmet·

74 5390 604 5544 datariftlatiltiadc
618 5387 844 5542 ttittttctl:
899 5389 978 5529 'litt
991 5385 1612 5540 multaticiattrtctu.a.‚

51 5533 149 5596 llamet
161 5539 244 5595 latro
257 5546 417 5612 suspensus
429 5530 555 5614 patibulo
566 5529 710 5589 crudelem
720 5529 846 5602 iudicem
910 5600 916 5613 ι
935 5528 977 5612 (6)
995 5529 1083 5600 Captis
1097 5529 1235 5611 custodia,
1250 5531 1300 5589 etc.
1315 5472 1348 5585 Iu
1364 5525 1429 5609 liliis
1448 5522 1629 5609 instituendis
1644 5525 1700 5582 sol·

52 5617 127 5672 potat
146 5630 158 5659 ι
175 5605 259 5667 Vide
284 5610 371 5660 etiam
393 5608 607 5660 annotationem
623 5600 666 5672 (l)
686 5599 722 5657 ad
741 5614 846 5657 sermo
899 5599 1025 5668 licitudo,
1041 5607 1069 5656 ct
1089 5599 1236 5672 vigilantia
1251 5595 1304 5655 lob
1318 5603 1432 5654 ceteris
1456 5596 1519 5655 aliis
1540 5596 1613 5655 solet
1628 5611 1700 5670 pria·

51 5686 105 5736 tem
120 5680 201 5739 lilii.
899 5667 978 5727 terri.
