3950 6200
99 232 149 297 ola
461 223 569 286 PARS
600 220 745 283 PRIMA·
765 249 806 266 -
824 219 1043 282 EXPOSlTIO
1072 219 1117 282 IN
1146 216 1350 284 PSALMOS.
1386 261 1388 266 .
1669 227 1730 290 670

101 386 178 452 dani
201 384 351 457 scilicet,
376 382 523 462 quandiu
543 378 880 459 perseveraverintin
975 380 1154 456 Sequitur:
1171 382 1384 443 assererent
1396 394 1463 444 me.
1477 380 1630 445 Christus
1641 399 1731 460 pras-

102 484 296 565 peccatorum
310 481 483 558 spurcitia.
499 480 540 542 Et
550 465 590 541 ¹ut
602 478 764 550 ostendat,
780 493 879 555 quam
935 476 1033 539 dictis
1047 476 1156 549 malis,
1178 479 1212 539 et
1223 478 1380 554 peccatis,
1394 477 1550 541 videlicet
1561 481 1728 557 superbia,

100 579 229 643 difficilis
240 579 284 640 sit
305 593 421 641 eorum
444 575 642 648 emendatio,
661 574 702 635 ad
718 574 879 652 quaestio·
934 574 1081 646 luxuria,
1097 575 1239 638 avaritia
1259 591 1295 638 se
1316 575 1488 638 obsessum
1503 579 1729 654 conqueritur.

100 693 162 740 nem
182 691 248 737 non
268 674 460 752 respondet,
486 672 543 734 sed
569 687 705 733 causam
720 671 877 743 annectit,
936 670 1030 733 Sicut
1052 673 1142 733 enim
1166 672 1223 748 qui
1251 672 1406 735 obsessus
1430 674 1491 745 est,
1517 673 1552 734 in
1574 673 1641 737 imo
1656 675 1730 740 loco

99 790 185 853 quam
204 772 343 833 difficile
364 770 592 844 emendentur,
615 768 745 831 scilicet
767 785 774 829 :
796 768 880 841 Quia
934 769 1134 842 coarctatur,
1142 783 1185 831 ne
1196 770 1341 846 possitae
1351 771 1530 834 extendere
1538 770 1580 832 ad
1590 772 1729 849 aliquid,

100 887 133 934 ex
145 870 247 931 lsrael
262 871 325 941 est,
340 868 435 946 quasi
451 882 494 930 ex
514 865 715 938 videntibus,
729 867 763 928 et
775 865 879 928 intel·
934 865 983 928 sic
1009 867 1042 927 et
1070 866 1259 929 Christusse
1292 866 1463 930 obsessum
1491 868 1628 942 indicat,
1651 869 1731 947 quia

101 966 279 1044 ligentibus,
295 965 453 1027 videlicet
466 980 510 1025 ex
523 962 683 1040 praelatis,
695 964 752 1041 qui
773 962 880 1037 magis
935 962 1169 1039 predictorum
1189 964 1351 1026 malorum
1371 964 1466 1026 obice
1485 981 1552 1027 non
1568 968 1677 1042 potest
1693 981 1731 1032 se

100 1063 313 1139 intelligentes
321 1064 409 1136 sunt,
424 1062 458 1123 et
471 1063 582 1124 tamen
591 1059 761 1122 difficilius
773 1074 882 1120 emen·
935 1059 1116 1142 extendere
1138 1060 1257 1136 religio
1280 1060 1475 1124 christiana.
1500 1064 1547 1123 De
1567 1062 1632 1124 hac
1645 1062 1732 1125 ohsi—
1825 1045 1829 1054 ’

101 1161 217 1232 dantur,
233 1161 269 1221 et
286 1159 519 1221 emundantur.
534 1158 614 1218 Cum
629 1156 732 1232 igitur
749 1156 878 1233 praelat'
934 1155 1035 1218 dione
1046 1157 1127 1220 dicit
1137 1159 1240 1219 Jonas
1251 1156 1296 1234 (2,
1303 1156 1350 1236 6),
1363 1157 1397 1218 in
1406 1174 1549 1235 persona
1561 1160 1619 1222 Dei
1629 1181 1637 1220 :
1649 1163 1731 1224 Gir-

100 1258 157 1319 siut
169 1255 277 1328 rituli,
288 1257 404 1327 restat,
416 1254 503 1333 quod
514 1253 554 1318 ad
566 1268 681 1316 eorum
693 1252 880 1329 exemplum

98 1353 210 1416 subditi
235 1368 352 1416 eorum
381 1352 463 1414 flant
483 1351 579 1413 rituli
604 1351 677 1411 sine
698 1353 781 1428 jugo
796 1349 880 1414 ohe·

98 1450 231 1522 dientiae,
262 1450 375 1512 carnis
403 1448 575 1511 lasciviam
597 1449 773 1514 sectantes.
793 1448 880 1510 Ver-

99 1563 147 1610 sus
170 1568 178 1607 ε

111 1694 191 1767 legis
201 1691 238 1750 ad
252 1692 415 1765 exemplum
434 1698 509 1749 totus
525 1692 705 1764 componitur
718 1689 795 1749 orbis
808 1690 861 1765 (l).

128 1837 210 1898 ilinc
223 1837 274 1897 est
287 1834 374 1913 quod
389 1835 430 1897 de
451 1837 564 1898 Aaron
577 1834 701 1910 legitur
717 1835 752 1895 in
767 1835 879 1898 Exodo

100 1933 152 2011 (32,
164 1932 304 2011 4),quod
321 1932 361 1995 de
375 1934 570 1994 ornamento
582 1932 881 1998 inauriumconila·

99 2031 138 2092 rit
152 2030 293 2091 vitulum
309 2029 442 2106 populo.
458 2033 581 2100 Aaron,
598 2029 677 2094 licet
688 2028 795 2092 honus
812 2028 880 2091 iue-

100 2126 185 2199 rit,in
194 2127 257 2190 hoc
266 2128 379 2190 tamen
394 2126 458 2188 luit
469 2125 588 2198 malus,
599 2127 632 2186 et
642 2125 881 2201 interpretatur

97 2225 279 2299 monmnus3
290 2239 350 2300 per
358 2240 455 2301 quem
468 2222 701 2298 significantur
710 2222 790 2284 mali
799 2237 881 2299 prae·

98 2319 318 2398 latiquantum
331 2320 374 2382 ad
397 2308 461 2382 hoc
481 2320 662 2395 negotium.
685 2319 778 2384 Sicut
792 2321 880 2380 enim

97 2415 881 2494 moesesaquisiniiuentihusterrasadjaceutea

98 2512 263 2588 secundat,
277 2513 553 2589 etipseremanet
572 2513 696 2575 sterilis
714 2534 721 2574 :
738 2513 787 2578 sic
807 2513 882 2590 qui·

99 2610 163 2672 dam
189 2627 248 2688 per
273 2610 544 2687 pradicationem
569 2610 760 2674 ioecundant
783 2610 879 2684 alios,

99 2707 154 2784 ipsi
172 2711 283 2769 tamen
311 2708 443 2772 steriles
462 2708 638 2770 remanent
658 2707 700 2768 ab
725 2706 881 2783 operibus

97 2802 193 2866 honis.
204 2804 715 2881 imoquandoqueaicutharon,
732 2818 776 2866 ex
789 2803 882 2870 inau-

99 2900 191 2976 dhus,
207 2902 294 2964 idest
315 2917 358 2963 ex
377 2899 564 2963 ohedientia
586 2899 727 2962 vitulum
742 2900 880 2973 iaciunt,

934 1255 1184 1316 cnmdcderunt
1196 1269 1252 1317 me
1265 1270 1365 1331 aqum
1378 1270 1486 1330 usque
1499 1260 1544 1318 oct
1553 1260 1709 1319 unimam
1718 1274 1731 1318 .·

934 1352 1452 1428 conserevwooitmemcmgus
1462 1352 1729 1433 operuitmelss).

935 1447 1231 1511 Circumdederunt
1250 1463 1303 1510 me
1324 1464 1431 1530 aquae,
1447 1449 1535 1514 idest
1545 1449 1732 1527 voluptates

935 1545 1047 1605 carnis
1068 1544 1237 1608 flexibiles
1254 1562 1262 1605 :
1279 1547 1364 1606 Ecce
1387 1545 1532 1608 luxuria.
1554 1549 1666 1624 Usque
1689 1548 1732 1612 ad

935 1642 1097 1714 animam,
1113 1641 1200 1704 idest
1211 1658 1316 1720 usque
1331 1641 1373 1706 ad
1388 1642 1643 1708 suffocationem
1658 1644 1733 1705 ani-

932 1724 934 1732 r

934 1754 1009 1800 mae.
1034 1739 1126 1800 vivit
1150 1739 1301 1803 Christus
1329 1740 1497 1812 innubis,
1523 1740 1670 1817 quandiu
1694 1741 1730 1804 in

934 1835 1008 1912 ipso
1029 1835 1194 1908 vivimus;
1217 1837 1424 1913 extinguitur
1441 1838 1552 1902 autem
1572 1838 1606 1900 in
1622 1837 1729 1911 nobis,

935 1933 1067 2010 quando
1086 1933 1122 1994 in
1145 1948 1186 1996 co
1210 1949 1270 2011 per
1290 1936 1462 2011 peccatam
1491 1934 1730 2010 extinguimur.

933 2029 1081 2106 Ahyssus
1102 2030 1242 2094 vallavit
1261 2046 1313 2094 me
1330 2052 1338 2090 r
1355 2033 1439 2096 Ecce
1462 2032 1731 2110 avaritiamque

934 2125 1058 2189 fundus
1082 2142 1148 2190 non
1174 2128 1355 2198 invenitur,
1381 2130 1416 2190 et
1439 2127 1641 2192 insatiabilis
1667 2128 1729 2190 est.

935 2223 1080 2299 Pelagus
1105 2225 1238 2300 operuit
1256 2240 1309 2286 me
1323 2227 1428 2288 :Ecce
1452 2224 1620 2300 superbia.
1638 2225 1732 2288 Sicut

935 2321 1025 2382 enim
1038 2320 1158 2384 fluctus
1173 2321 1284 2398 pelagi
1298 2336 1435 2386 arenam
1447 2321 1594 2394 illidunt,
1610 2321 1643 2383 et
1655 2336 1731 2397 ope-

934 2416 1038 2485 riunt,
1049 2417 1098 2480 sic
1111 2416 1258 2494 superbi,
1273 2418 1420 2482 minores
1432 2417 1597 2493 affligunt,
1613 2419 1647 2482 et
1660 2417 1733 2478 ela-

934 2514 1037 2578 tionis
1060 2531 1130 2580 suae
1154 2515 1321 2589 fluctibus,
1338 2531 1380 2582 ue
1399 2517 1500 2580 etiam
1516 2515 1644 2593 aliquid
1658 2530 1734 2578 esse
1863 2529 1865 2538 ’

936 2612 1132 2686 appareant,
1149 2608 1311 2674 afficiunt.

1176 2867 1316 2928 SERMO
1345 2867 1493 2927 XXXIX.

98 2998 167 3073 quia
177 3014 235 3075 per
247 3014 309 3066 sna
321 3013 426 3075 prava
447 3013 548 3074 opera
569 2997 609 3058 de
628 2996 770 3062 suhditis
799 2996 880 3060 ohe·
936 3004 1044 3064 Thema
1064 3005 1093 3062 in
1122 3006 1256 3077 passione
1279 3004 1392 3073 Christi,
1408 3006 1453 3063 vel
1468 3006 1610 3079 Martyris,
1626 3006 1654 3063 in
1677 3021 1734 3078 quo
1806 3021 1814 3028 ·

100 3092 252 3158 dientihus
279 3094 509 3161 inobedientes
530 3093 685 3167 reddunt,
706 3096 740 3163 et
754 3092 789 3159 in
804 3095 881 3159 actu
973 3094 1043 3166 petit
1054 3091 1168 3151 liberari
1181 3109 1197 3151 a
1211 3102 1340 3166 quatuor,
1351 3094 1460 3153 sedicet
1472 3093 1614 3163 ciramea,
1625 3109 1733 3165 acone,

98 3188 229 3253 luxuriae
244 3191 446 3268 petulantes,
972 3196 990 3239 a
1011 3182 1105 3250 leone,
1121 3187 1150 3239 et
1164 3181 1199 3239 ab
1215 3183 1344 3241 unicorni
1350 3197 1360 3255 3
1384 3190 1412 3240 et
1438 3182 1560 3255 qualiter
1584 3190 1734 3241 transeun-

132 3290 306 3365 Sequitur:
324 3292 431 3351 Tauri
443 3292 590 3364 pirineos
599 3285 881 3353 ansedemntmc.
972 3268 1040 3347 (ΜΠ)
1051 3276 1095 3327 est
1107 3283 1157 3343 per
1169 3277 1274 3329 ‘ellim
1287 3268 1402 3329 dimi·

101 3383 187 3445 Tales
220 3385 377 3462 praelatos
420 3384 507 3445 alius
542 3383 720 3460 Propheta,
756 3382 884 3447 scilicet

98 3482 187 3543 Amos
199 3482 242 3560 (t,
261 3481 305 3559 1),
317 3481 780 3557 dedigneturrocaretauros,
796 3479 883 3543 unde

98 3581 185 3640 vocat
204 3595 261 3641 eos
280 3594 400 3643 vaccas
420 3577 584 3643 irrisorie,
608 3578 724 3638 dicens
741 3598 748 3636 ε
763 3576 884 3638 Audite
977 3635 1033 3682 me
1047 3636 1094 3681 θῶ
1111 3635 1171 3683 ore
1185 3624 1292 3682 leonis
1306 3639 1317 3680 ἰ
1330 3621 1364 3682 et
1381 3625 1578 3683 deoramus
1598 3626 1735 3684 mucor·

98 3674 222 3736 sethum
255 3691 367 3737 vaccae
399 3675 550 3751 pingues,
580 3674 702 3745 ventri,
737 3674 773 3735 et
796 3673 884 3748 gulae

101 3770 216 3833 scilicet
228 3772 423 3843 servientes,
440 3787 514 3848 quae
530 3770 611 3833 estis
631 3770 667 3831 in
691 3771 802 3833 monte
818 3772 884 3833 Sa·
978 3721 1078 3779 mum
1096 3718 1324 3779 nzemsrcatem
1353 3732 1479 3779 'neam'
1507 3715 1610 3797 (ΡΜ
1630 3720 1733 3843 anal

101 3868 214 3941 nana,
236 3869 325 3930 idest
343 3868 512 3944 superbia,
529 3869 566 3928 ut
577 3866 721 3927 humiles
736 3865 886 3927 conirin-
980 3814 1015 3876 et
1026 3813 1094 3893 22')

101 3963 197 4037 actim
219 3965 307 4029 uude
334 3964 512 4042 sequitur:
537 3981 556 4025 c
579 3966 657 4036 Quae
684 3962 885 4024 calumniam
981 3963 1129 4035 Quatuor
1152 3962 1208 4029 hic
1228 3964 1386 4040 petuntur
1407 3979 1427 4025 a
1451 3964 1737 4038 Christo,scilicet

102 4056 216 4123 lecistis
238 4063 364 4138 egenis,
385 4062 418 4127 et
442 4060 652 4136 confringitis
676 4073 886 4136 pauperes.»
941 4060 1127 4129 uteruatur
1147 4076 1170 4122 a
1182 4063 1335 4135 sramem
1350 4060 1557 4127 utliheretur
1570 4065 1612 4124 dc
1625 4078 1735 4125 aranu

102 4156 140 4217 nt
150 4159 217 4232 post
239 4174 348 4235 pauca
369 4157 583 4235 prosequitur
603 4156 832 4232 metaphoram
846 4155 886 4216 de
940 4161 1055 4229 cunm
1071 4157 1107 4219 ut
1121 4157 1326 4223 salvaterra
1340 4172 1401 4219 ore
1415 4162 1540 4232 leovum
1555 4159 1591 4221 ut
1605 4158 1735 4235 eripia-

101 4253 217 4328 raccls‚
243 4255 285 4317 de
321 4254 441 4332 quihus
482 4253 708 4329 praemiserat,
745 4251 910 4315 diceus:
939 4252 996 4317 tur
1009 4256 1051 4317 ab
1063 4256 1286 4319 unicornibus
1298 4270 1310 4315 .·
1322 4254 1426 4321 ethos
1441 4254 1508 4314 tam
1521 4254 1556 4314 in
1571 4271 1618 4325 se,
1636 4270 1735 4331 quam

102 4346 227 4413 Lerahit
245 4348 294 4430 (2)
320 4366 379 4413 ros
404 4351 440 4411 in
455 4350 573 4415 contis.
594 4349 750 4413 Vaccinae
765 4362 885 4411 carues
940 4348 977 4413 in
991 4348 1149 4413 memhris
1166 4349 1248 4408 suis.
1270 4351 1336 4413 Per
1358 4348 1515 4409 frameam
1536 4349 1738 4425 intelligitur

104 4446 339 4521 suspenduntur
348 4446 390 4513 ad
400 4445 539 4520 turnum,
553 4445 586 4509 et
599 4444 647 4505 ihi
660 4446 884 4516 reservantur,
941 4460 1049 4523 poenae
1061 4444 1252 4517 difficultas,
1270 4445 1303 4509 et
1319 4445 1435 4507 mortis
1455 4446 1622 4519 angustia,
1638 4462 1736 4524 aqua

105 4538 201 4603 donec
214 4543 440 4606 comedantur.
458 4542 514 4605 Sic
527 4543 693 4605 demones
707 4543 894 4607 carucata-⁴
941 4542 1024 4618 petit
1038 4541 1122 4613 erui,
1135 4540 1176 4603 de
1185 4556 1249 4617 qua
1258 4538 1738 4619 Zachariae(13,·7):«Framea
1789 4609 1797 4625 .

103 4633 190 4711 lium,
216 4655 287 4715 quae
316 4639 372 4703 hic
396 4639 553 4703 accurate
580 4638 715 4705 nutritae
738 4637 826 4709 sunt,
846 4636 887 4701 ad
940 4637 1106 4705 suscitare
1117 4652 1216 4713 super
1224 4637 1392 4713 pastorem
1406 4652 1529 4711 meum,
1543 4639 1740 4716 etsupervi-

102 4727 218 4795 iunium
234 4734 431 4796 infernalem
450 4733 663 4811 suspendent,
681 4747 785 4809 usque
810 4732 888 4793 dum
942 4749 1017 4799 rum
1032 4732 1238 4803 cohaeredem
1254 4730 1302 4810 (4)
1315 4731 1442 4795 mihi.»
1460 4735 1623 4812 Loquitur
1637 4740 1738 4801 Pater

104 4828 264 4893 tramant
288 4831 330 4893 ad
366 4834 527 4909 majorem
562 4844 693 4907 poenam
728 4828 887 4893 incendii.
942 4829 985 4893 ad
1011 4829 1171 4897 frameam
1197 4844 1302 4903 suam,
1329 4828 1416 4897 idest
1437 4829 1479 4890 ad
1505 4847 1738 4910 poenamque

106 4924 192 4988 Unde
212 4928 361 5005 sequitur
375 4948 384 4989 r
400 4944 419 4988 s
433 4927 475 4989 Et
496 4926 657 5005 reliquias
692 4927 821 4986 vestras
853 4924 889 4985 in
942 4925 1290 5001 transfigithominem
1302 4928 1461 5004 tauquam
1474 4927 1599 4993 framea
1612 4931 1740 5002 :Otro-

937 3432 1033 3491 Eruc
1047 3442 1070 3489 a
1083 3430 1232 3502 (ramea,
1248 3432 1351 3500 Deus,
1378 3432 1535 3491 animum
1553 3444 1687 3502 meam;
1702 3432 1736 3493 el

977 3528 1019 3586 cle
1044 3539 1153 3585 mortu
1184 3529 1281 3587 canis
1304 3528 1443 3586 sesamam
1463 3540 1577 3586 meam
1601 3544 1613 3587 :
1639 3531 1737 3589 salva

106 5020 386 5089 ollislerventihus
403 5045 410 5085 ε
426 5023 602 5087 ettandem
616 5020 840 5105 projiciemini
854 5021 889 5081 in
943 5037 1033 5093 orco,
1049 5022 1145 5096 idest,
1160 5038 1179 5085 o
1195 5037 1303 5099 poena,
1316 5023 1349 5083 et
1364 5023 1481 5085 mortis
1496 5024 1650 5098 angustia
1663 5040 1740 5086 sus-

105 5118 229 5191 Armoo,
242 5138 260 5181 p
274 5121 364 5183 idest
385 5120 566 5189 infernum,
594 5119 651 5184 uhi
674 5121 726 5182 est
746 5117 889 5187 anatho·
944 5119 1051 5185 citare
1074 5134 1176 5195 super
1198 5118 1364 5196 pastorem
1384 5132 1505 5189 meum,
1531 5117 1617 5185 idest
1638 5135 1740 5197 super

106 5227 168 5284 nra,
179 5218 351 5289 etmoeror,
380 5219 414 5280 et
431 5216 526 5278 dolor
550 5214 743 5279 ineffabilis.
758 5218 891 5277 Armon
944 5214 1067 5276 Filium
1091 5230 1211 5286 meum,
1228 5214 1264 5277 ut
1285 5212 1532 5288 comperimus,
1549 5214 1737 5291 etoccidas,

106 5310 189 5370 enim
202 5312 438 5390 interpretatur
451 5313 628 5376 anathema
644 5310 807 5375 moeroris.
945 5311 1002 5387 qui
1028 5309 1161 5381 dicitur,
1180 5310 1303 5384 pastor,
1330 5309 1378 5393 ut
1392 5308 1427 5373 in
1450 5310 1629 5386 Evangelio
1647 5316 1740 5390 :qu

159 5417 702 5516 siracummrrcnnmsau.
980 5435 1010 5583 l³

154 5510 179 5583 il
195 5512 270 5583 Vrlq.
282 5513 446 5591 Levahunt.
996 5509 1013 5564 4

1011 5439 1025 5579 ζ
1046 5438 1129 5507 Vulq.
1140 5438 1229 5562 Εθῗιυῑ
1243 5450 1349 5493 meum.

1045 5508 1127 5578 Vols.
1144 5509 1183 5566 Co
1205 5513 1350 5564 ereotem.
