3950 6200
219 319 260 380 99
652 319 707 381 ΑΙ)
728 317 866 378 OPERA
888 317 922 377 S.
945 316 1164 378 FRANCISCI
1185 317 1411 380 nss1sls‘rls
1800 314 1869 377 ιω

213 477 372 540 blandiri.
408 477 584 548 Peccator,
613 475 675 547 ait,
700 478 855 553 jejunare
883 476 1006 552 potest,
1063 490 1172 548 casus,
1189 476 1224 538 in
1238 476 1338 538 lande
1360 473 1593 553 praecipitium,
1609 474 1646 535 in
1669 473 1871 536 bumilitate

207 591 325 647 orare,
346 574 514 652 plangere,
533 587 732 650 carnemque
754 574 922 650 propriam
937 587 1010 634 ma·
1063 573 1186 635 subditi
1201 574 1305 635 animi
1317 574 1446 636 lucrum
1457 573 1518 635 est
1531 575 1598 633 Cur
1608 572 1872 649 ergopericulis

215 687 352 746 cerare3
369 670 432 730 hoc
447 671 554 730 solum
573 683 640 731 non
654 672 772 746 potest,
789 671 928 731 Domino
944 669 1012 731 sci-
1065 671 1139 746 plus
1156 687 1254 747 quam
1269 672 1372 733 lucris
1387 671 1599 740 attendimus,
1621 685 1696 730 cum
1717 685 1873 744 accepe—

216 770 296 832 licet
310 782 369 829 suo
384 781 458 828 esse
473 766 592 827 tidelis.
610 769 646 827 In
660 767 723 828 hoc
738 765 1012 844 itaqueglorian-
1064 768 1169 827 rimus
1192 769 1321 845 tempus
1346 768 1386 829 ad
1414 769 1569 828 lucrumt
1593 769 1662 828 Hac
1688 767 1795 842 igitur
1824 764 1873 826 de

76 939 84 950 ,
215 864 345 936 dum,si
360 880 454 925 suam
467 864 606 925 Domino
621 864 763 940 gloriam
774 864 955 934 reddimus,
968 863 1009 933 si,
1064 865 1498 927 causahumihtatisiorma
1516 864 1716 928 Franciscus
1735 863 1873 924 fratres

217 962 361 1024 fideliter
382 961 581 1032 servientes,
608 961 683 1037 ipsi,
708 960 867 1038 quidquid
896 962 1009 1032 donat,
1064 977 1143 1021 suos
1164 962 1270 1024 voluit
1285 961 1400 1023 vocari
1414 962 1573 1033 Minores,
1586 962 1620 1022 at
1634 960 1794 1036 praelatos
1812 960 1876 1020 sui

206 1058 425 1122 ascribimus.
443 1058 485 1119 Ut
499 1059 610 1120 autam
625 1057 775 1134 pluribus
791 1057 897 1119 modis
908 1073 1013 1132 nago-
1065 1058 1198 1120 Ordinis
1213 1058 1278 1119 dici
1294 1059 1475 1129 ministros,
1489 1058 1525 1119 ut
1541 1060 1575 1118 ιι
1583 1057 1693 1119 verbis
1707 1059 1876 1119 uteretur

207 1158 319 1220 tiator
333 1156 388 1217 hic
402 1154 615 1231 evangelicus
630 1156 829 1225 lucraretur,
850 1170 889 1216 ac
906 1158 1011 1216 totum
1066 1155 1248 1230 Evangelii,
1261 1155 1347 1232 quod
1361 1154 1539 1215 observare
1549 1154 1760 1230 promiserat,
1773 1155 1811 1214 et
1825 1169 1877 1215 ex

216 1267 365 1331 praesens
380 1254 509 1329 tempus
533 1252 695 1313 conflaret
709 1252 743 1312 in
758 1253 928 1324 meritum,
945 1266 1011 1313 non
1064 1252 1138 1328 ipso
1153 1253 1286 1313 nomine
1301 1252 1468 1314 discerent
1491 1251 1645 1327 discipuli
1666 1254 1751 1328 eJus,
1774 1251 1875 1328 quod

217 1355 287 1412 tam
315 1365 461 1426 praeesse
496 1349 612 1420 voluit,
641 1363 739 1426 quam
768 1349 915 1420 subesse,
950 1364 1013 1410 uec
1066 1343 1106 1408 ad
1129 1349 1320 1409 discendam
1340 1348 1562 1410 humilitatem
1585 1348 1626 1409 ad
1650 1347 1786 1409 scholas
1802 1349 1877 1408 hu-

213 1449 286 1509 tam
313 1446 505 1523 praecipere,
528 1461 625 1522 quam
648 1461 777 1522 parere.
795 1445 923 1507 Idcirco
947 1449 1014 1507 Ge·
1065 1446 1155 1506 milis
1177 1446 1299 1507 Christi
1320 1446 1501 1507 venissent.
1517 1446 1677 1521 Magister
1695 1445 1877 1522 siquidem

216 1543 343 1606 ueralis
366 1543 486 1604 cedens
513 1542 634 1614 cilicio,
656 1543 1009 1620 Guardianum'petiit,
1066 1542 1265 1604 humilitatis
1295 1546 1391 1604 lesus
1416 1542 1580 1612 Christus,
1605 1544 1641 1604 ut
1664 1541 1879 1604 informaret

216 1644 313 1718 cujus
326 1627 491 1702 'voluntati
507 1656 566 1716 per
580 1641 692 1701 omnia
708 1640 907 1717 subjaceret.
1066 1639 1246 1716 discipulos
1258 1639 1299 1700 ad
1312 1639 1532 1700 humilitatem
1547 1639 1741 1715 perlectam,
1754 1639 1875 1701 dixit:

258 1738 339 1796 Tam
355 1735 444 1795 enim
462 1734 595 1795 uberem
611 1733 782 1796 asserebat
794 1735 917 1796 sanctas
932 1733 1014 1794 obe-
1067 1740 1274 1811 acutamque
1290 1740 1438 1800 volucrit
1451 1739 1546 1799 inter
1560 1751 1620 1798 aaa
1633 1740 1751 1809 major
1769 1737 1875 1807 fieri,

218 1832 354 1894 disntiae
382 1830 543 1904 fructum,
571 1832 608 1892 ιιι
634 1831 705 1904 ιιι,
728 1832 785 1908 qui
802 1834 885 1908 jngo
905 1830 1013 1907 ipsius
1065 1834 1111 1895 stt
1124 1835 1240 1896 cester
1253 1835 1432 1906 mbttatcm
1446 1835 1480 1896 et
1494 1837 1698 1908 putramoac
1711 1835 1879 1896 aarum

218 1929 306 1992 colla
328 1929 581 2000 summitterent,
598 1928 647 1988 nil
658 1929 819 2005 temporis
832 1928 905 1989 sine
919 1928 1013 1988 lucro
1066 1932 1160 1992 irater
1180 1943 1241 1993 cos
1259 1934 1397 2005 pamas
1411 1945 1497 2004 esse,
1512 1931 1581 1993 erit
1594 1931 1877 1993 carteracrvaas.

218 2027 378 2091 transiret
406 2047 413 2085 ι
439 2025 526 2088 uude
553 2027 586 2087 ιι
611 2025 718 2097 fratri,
747 2041 820 2086 cum
850 2040 914 2102 quo
941 2025 1014 2086 arat
1067 2028 1198 2106 (Marc,
1214 2043 1249 2098 x,
1263 2027 1389 2105 43-44.)

221 2125 341 2188 solitus
355 2125 416 2196 ire,
431 2139 561 2200 semper
576 2123 798 2185 obedientiam
818 2123 1013 2199 promittere
1107 2126 1187 2186 Cum
1215 2126 1325 2186 antam
1355 2124 1543 2201 requireret
1566 2123 1608 2185 ab
1636 2139 1677 2185 eo
1703 2123 1879 2186 dominus

219 2222 455 2293 consueuerat,
482 2223 514 2284 et
538 2236 684 2283 servare.
714 2221 805 2282 Dixit
833 2219 1013 2296 aliquando
1067 2222 1245 2293 Ostiensis,
1268 2221 1402 2283 Ordinis
1433 2221 1600 2282 Minorum
1624 2223 1811 2296 protector,
1842 2223 1881 2284 et

220 2319 321 2381 sociis
342 2339 350 2378 ι
370 2318 460 2379 Inter
492 2309 571 2390 alia,
600 2333 673 2394 quae
701 2316 878 2392 dignanter
905 2316 1013 2392 pietas
1068 2321 1236 2395 promotor
1245 2319 1444 2395 praecipuus,
1463 2318 1520 2394 qui
1536 2317 1881 2395 postmodum,juxta

219 2416 303 2479 mihi
326 2415 440 2478 diviua
461 2414 636 2483 concessit,
660 2414 747 2476 hanc
770 2412 913 2489 gratiam
928 2427 1012 2472 con·
1067 2416 1153 2493 quod
1169 2416 1255 2477 idem
1270 2416 1323 2477 uir
1337 2417 1471 2476 sanctus
1484 2414 1697 2491 praedixerat,
1714 2415 1758 2475 ad
1777 2431 1881 2478 sum·

218 2515 307 2587 tulit,
319 2513 405 2590 quod
419 2513 466 2574 ita
476 2512 655 2586 diligenter
667 2511 793 2572 nouitio
808 2510 906 2571 unius
922 2509 1014 2569 horse
1068 2530 1156 2573 mum
1191 2512 1403 2589 pontificatus
1444 2511 1641 2573 sublimatus
1673 2510 1878 2585 honorem,

220 2611 400 2682 obedirem,
412 2609 442 2670 si
454 2608 536 2670 mihi
547 2608 758 2669 Guardianus
769 2607 915 2679 daretur,
928 2606 1014 2667 sicut
1068 2609 1248 2686 Gregorius
1282 2626 1391 2671 nonus
1417 2610 1468 2672 est
1494 2608 1620 2681 dictus,
1656 2610 1770 2670 utrum
1803 2610 1882 2670 sibi

220 2706 452 2785 antiquissimo
476 2705 510 2767 et
530 2705 770 2767 discretissimo
795 2704 903 2765 tratri.
925 2702 1014 2764 Sub·
1068 2708 1213 2784 placeret
1226 2707 1313 2784 quod
1328 2707 1449 2770 iratres
1464 2706 1517 2766 sul
1531 2707 1818 2784 promoverentur
1831 2707 1882 2768 ad

220 2806 308 2868 ditus
319 2801 456 2883 (inquit)
468 2802 642 2879 praelatum
655 2818 750 2862 suum
765 2817 831 2863 non
846 2801 1014 2862 hominem
1068 2804 1312 2866 ecclesiasticas
1338 2804 1529 2879 dignitates,
1559 2803 1730 2880 respondit
1759 2825 1768 2863 ι
1802 2805 1885 2866 Do·-

219 2901 435 2965 considerare
449 2899 556 2970 debet,
574 2899 631 2960 sed
646 2899 753 2970 illum,
769 2914 829 2975 pro
844 2900 940 2975 cujus
963 2897 1015 2959 est
1069 2901 1168 2973 mine,
1182 2902 1329 2963 minores
1342 2901 1416 2962 ideo
1431 2900 1540 2962 vocati
1554 2902 1631 2962 sunt
1644 2899 1770 2961 iratres
1784 2903 1880 2975 mei,

221 3015 336 3062 amore
357 2997 535 3075 subjectus.
557 2999 686 3069 Quanta
707 2996 795 3057 enim
817 2994 1016 3071 contempti·
1068 3000 1104 3060 ut
1118 3001 1261 3075 majores
1283 2998 1355 3059 deri
1377 3012 1443 3058 non
1464 2999 1677 3073 presumant.
1696 2997 1731 3057 Si
1746 2997 1881 3073 sultis,

220 3096 322 3159 bilior
338 3094 504 3175 praesidet,
520 3095 614 3156 tanto
628 3093 733 3170 magis
749 3093 920 3155 humilitas
935 3091 1016 3153 obe·
1068 3097 1104 3159 ut
1124 3095 1249 3158 iaciant
1269 3094 1413 3158 fructum
1437 3095 1473 3156 in
1494 3094 1644 3156 Ecclesia
1659 3093 1735 3165 Dei,
1752 3096 1884 3160 tenete

222 3194 343 3257 dientis
359 3193 477 3270 placet.
493 3194 573 3254 Cum
588 3206 666 3253 vero
680 3191 753 3253 vice
766 3190 909 3267 quadam
923 3205 1016 3266 ιιι-
1067 3192 1156 3265 illos,
1177 3193 1210 3255 ιι
1231 3194 1427 3255 conservate
1444 3192 1479 3252 in
1499 3192 1587 3253 statu
1601 3191 1792 3254 vocahonis
1812 3209 1886 3256 eo-

221 3293 353 3355 roratur
372 3282 417 3351 ab
442 3305 497 3361 eo,
523 3289 597 3367 quis
622 3292 711 3350 esset
732 3304 832 3349 verus
857 3286 1015 3348 obediens
1068 3306 1153 3362 rum,
1165 3291 1198 3352 et
1212 3290 1253 3352 ad
1271 3289 1479 3366 praelshones
1492 3289 1737 3357 ecclesiasticas
1750 3290 1885 3354 nulla-

218 3388 431 3469 judicandus,
448 3387 598 3463 corporis
618 3386 740 3448 mortui
763 3384 1014 3446 similitudinem
1068 3390 1166 3450 tenus
1201 3387 1381 3448 ascendere
1407 3386 1616 3462 permittatis.
1642 3386 1682 3447 st
1702 3388 1884 3462 quoniam

221 3502 282 3566 pro
297 3486 449 3563 exemplo
471 3483 643 3561 proposuit
658 3503 666 3543 ι
682 3482 786 3557 Τοιιι,
804 3482 923 3559 inquit,
940 3496 1016 3542 cor·
1068 3485 1289 3547 humilitatem
1319 3486 1386 3545 tarn
1413 3484 1448 3545 in
1476 3498 1523 3555 se,
1550 3498 1648 3560 quam
1676 3483 1713 3543 in
1742 3483 1884 3547 subdi·

222 3600 283 3664 pus
296 3582 504 3652 examine,et
517 3580 572 3642 ubi
582 3580 756 3656 placuerit,
769 3594 865 3655 pone.
880 3577 1016 3640 Videbis
1069 3582 1123 3651 tis,
1139 3582 1268 3644 cunctis
1292 3579 1489 3657 praeiarebat
1512 3579 1711 3647 honoribus,
1732 3584 1887 3646 amator

222 3697 291 3744 non
311 3694 500 3758 repugnare
529 3678 669 3748 motum,
704 3691 770 3737 non
805 3691 1016 3739 murmurare
1069 3679 1245 3739 humilium
1270 3681 1369 3749 Deus,
1395 3676 1571 3739 altioribus
1593 3675 1703 3752 ipsum
1724 3676 1885 3754 dignum

222 3779 341 3849 situm,
370 3791 437 3837 non
458 3774 643 3837 reclamare
664 3773 847 3834 dimissum.
873 3773 964 3845 Quod
986 3773 1017 3832 si
1065 3775 1238 3853 judicabat
1270 3774 1430 3850 fastigiis,
1469 3772 1650 3836 secundum
1681 3774 1772 3850 quod
1813 3779 1885 3839 uni

173 3864 182 3879 ⁸
222 3874 390 3940 statuatur
410 3873 446 3933 in
473 3870 642 3941 cathedra,
667 3885 734 3932 non
760 3870 839 3942 alta,
864 3870 921 3931 sed
948 3870 1016 3931 ima
1069 3874 1176 3944 tratri,
1197 3873 1270 3934 viro
1299 3872 1433 3933 virtutis
1461 3874 1494 3932 el
1526 3870 1712 3933 devotionis
1738 3875 1884 3947 praeci-

222 3969 390 4048 respiciet
414 3968 449 4030 Si
471 3967 652 4029 collocetur
672 3968 707 4029 in
729 3982 892 4044 purpura,
916 3965 1016 4044 duplo
1070 3986 1162 4047 puae,
1196 3969 1282 4030 visio
1312 3969 1443 4031 coelitus
1483 3970 1615 4029 ostensa
1653 3972 1883 4034 monstravit

222 4067 392 4148 pallescet.
415 4065 488 4136 Hic,
506 4063 564 4137 ait,
581 4078 680 4126 verus
701 4063 860 4126 obediens
881 4065 943 4135 est,
958 4064 1017 4141 qui
1070 4070 1151 4129 Cum
1173 4066 1261 4127 enim
1283 4067 1371 4128 asset
1388 4066 1424 4125 in
1457 4065 1616 4127 comitatu
1643 4063 1710 4125 viri
1738 4066 1821 4138 Dei,
1847 4072 1886 4133 ιι

223 4182 284 4230 cur
305 4162 487 4231 moveatur,
504 4177 571 4222 non
591 4161 771 4240 dijudicat3
794 4161 851 4222 ubi
876 4160 1015 4232 locetur,
1070 4181 1135 4226 nna
1162 4180 1236 4226 cum
1259 4163 1382 4240 ipsein
1397 4162 1540 4239 quadam
1564 4161 1708 4224 aeclesia
1731 4161 1885 4230 deserta

223 4279 291 4324 non
317 4261 431 4334 curat;
460 4261 496 4321 ut
518 4259 770 4329 transmutetur,
798 4273 865 4319 non
891 4259 1015 4332 iustat3
1070 4262 1211 4324 servanti
1240 4260 1353 4323 oraret
1378 4259 1516 4331 affectu,
1538 4259 1573 4320 in
1599 4258 1722 4320 ecstasi
1744 4259 1882 4337 tactus,

224 4360 358 4422 erectus
380 4356 421 4418 ad
444 4356 602 4427 osticium,
618 4355 750 4417 solitam
766 4358 857 4417 tenet
875 4355 1017 4417 humili·
1070 4359 1154 4421 vidit
1167 4360 1254 4420 inter
1266 4357 1387 4418 multas
1401 4357 1435 4419 in
1451 4355 1652 4428 coelosedes,
1676 4371 1781 4418 unam
1802 4376 1886 4436 pras

222 4457 346 4533 tatem3
370 4454 444 4531 plus
457 4453 651 4525 honoratus,
669 4453 743 4529 plus
757 4454 889 4530 reputat
908 4468 946 4515 se
964 4454 1019 4513 in·
1071 4456 1200 4518 caeteris
1224 4453 1421 4530 digniorem,
1438 4452 1594 4529 pretiosis
1609 4454 1765 4515 ornatam
1781 4454 1887 4534 lapi-

224 4554 372 4629 dignum.
399 4551 490 4613 Dixit
513 4551 692 4628 ahauando
714 4552 805 4621 socio
831 4567 893 4615 suo
914 4573 922 4612 ι
943 4553 1018 4613 Nou
1071 4552 1168 4613 dibus
1182 4554 1216 4615 et
1238 4551 1330 4614 omni
1343 4551 1452 4626 gloria
1470 4549 1700 4624 refulgentem.
1724 4551 1886 4617 Miratus

224 4651 308 4713 mihi
334 4649 452 4710 videor
476 4649 579 4715 trater
607 4649 727 4721 Minor,
757 4648 824 4709 nisi
858 4648 955 4709 luero
982 4648 1018 4713 in
1072 4650 1159 4711 intra
1169 4664 1206 4710 se
1220 4646 1615 4725 praecelsirelulgentiam
1625 4645 1752 4718 throni,
1765 4652 1885 4714 anxia

220 4750 325 4820 statu,
342 4762 438 4824 quem
453 4745 514 4809 tibi
528 4745 748 4829 descripsero.
762 4747 846 4807 licce
859 4746 1018 4821 praelatus
1071 4746 1170 4823 caepit
1184 4744 1385 4820 cogitatione
1396 4742 1601 4820 perquirere,
1626 4741 1699 4819 quis
1714 4742 1759 4804 ad
1772 4743 1885 4809 illum

226 4846 375 4909 existens
392 4843 543 4913 fratrum,
559 4841 645 4903 vado
661 4842 701 4902 ad
716 4841 910 4919 capitulum,
925 4858 1018 4918 prae·
1070 4841 1206 4907 deberet
1228 4841 1366 4903 assumi.
1390 4839 1527 4902 Audiuit
1551 4838 1640 4901 inter
1660 4838 1734 4900 haec
1749 4856 1887 4907 vocem

225 4943 311 5016 dico,
323 4943 357 5004 at
368 4953 562 5003 commoneo
577 4937 709 5009 iratres,
723 4940 755 5001 et
769 4938 805 4999 in
817 4938 884 4999 tine
897 4939 1019 5001 dicitur
1070 4939 1234 4999 dicentem
1249 4936 1314 4997 sibi
1330 4958 1337 4996 ι
1356 4936 1458 4999 Sedes
1473 4936 1538 4997 ista
1554 4935 1654 4995 unius
1673 4934 1715 4996 de
1736 4942 1889 5003 ruenti·

225 5041 340 5102 contra
356 5052 408 5098 me
423 5057 431 5095 ι
448 5036 523 5097 Nou
550 5033 709 5095 convenis
724 5033 830 5104 nobis,
844 5034 922 5111 quia
943 5034 1017 5095 illi·
1070 5035 1132 5097 bus
1147 5034 1219 5106 tuit,
1234 5035 1267 5095 et
1281 5047 1370 5095 nunc
1380 5032 1499 5094 humili
1509 5033 1883 5101 servaturFrancisco.

223 5135 352 5200 teratus
385 5148 433 5203 es,
467 5130 624 5206 elinguis,
661 5130 765 5195 idiota
797 5133 831 5193 ιι
863 5131 1015 5207 simplex.
1071 5135 1239 5194 Reversus
1252 5130 1384 5191 demum
1404 5129 1509 5191 trater
1524 5129 1566 5191 ad
1581 5144 1617 5191 se
1636 5127 1678 5190 ab
1700 5132 1888 5198 orationis

223 5232 370 5297 Tandem
393 5228 511 5307 elicior
533 5244 608 5291 cum
629 5226 816 5305 opprobria,
834 5228 1018 5304 vilipensus
1070 5244 1223 5300 excessu,
1235 5227 1344 5287 virum
1367 5224 1500 5288 beatum
1522 5225 1670 5287 exterius
1695 5227 1888 5301 prodeun-

225 5330 267 5395 ab
288 5326 452 5391 omnibus.
475 5323 556 5387 Dico
582 5324 659 5397 tibi,
683 5324 748 5385 nisi
774 5324 889 5387 eodem
910 5324 1015 5396 vultu,
1071 5329 1136 5389 tem
1150 5324 1249 5386 solito
1263 5323 1327 5384 fuit
1351 5336 1444 5384 more
1467 5325 1613 5383 secutus.
1630 5323 1794 5400 Cumque,
1821 5329 1887 5391 in..

209 5426 342 5489 -eadem
364 5423 484 5486 mentis
506 5422 633 5493 laetitia,
648 5422 809 5491 eteoclem
831 5422 1017 5484 sanctitatis
1071 5422 1225 5484 cedentes
1240 5436 1299 5497 pec
1313 5420 1414 5492 viam,
1428 5419 1470 5480 de
1489 5422 1557 5481 Deo
1578 5418 1723 5480 invicem
1746 5420 1885 5499 loque-

225 5521 393 5601 proposito
405 5520 479 5581 haec
492 5519 595 5580 verba
617 5520 767 5592 audiero,
784 5518 887 5580 trater
908 5519 1018 5580 Minor
1070 5520 1196 5590 rentur,
1214 5517 1317 5579 irater
1330 5516 1399 5584 ille,
1415 5516 1554 5577 visionis
1569 5530 1638 5575 suae
1662 5530 1730 5576 uon
1743 5517 1885 5586 imme-

224 5631 431 5699 nequaquam
445 5631 529 5675 sum.
540 5616 581 5677 st
595 5615 756 5677 addebat:
772 5617 808 5677 ln
822 5614 1018 5693 praelatione
1071 5631 1153 5687 mor,
1167 5615 1308 5676 solerter
1322 5612 1364 5674 ab
1375 5628 1415 5674 eo
1427 5612 1590 5690 quaesivit,
1603 5610 1680 5689 quid
1697 5611 1740 5673 de
1757 5617 1884 5695 seipso
