3950 6200
227 359 270 420 os
790 326 797 342 '
844 359 1024 424 uouoau
1042 361 1089 423 ru
1109 362 1256 425 osana.
1394 456 1396 459 Ι
1831 369 1874 430 aa

225 520 277 579 Ex
312 519 424 581 vestra
456 533 538 580 sane
573 517 801 580 insinuatione
831 520 1019 594 didicimus,

226 615 312 691 quod
336 632 411 676 cum
439 632 506 677 non
533 617 745 677 consueverit
768 617 803 676 in
818 620 928 679 vestro
949 634 1022 679 mo·

223 714 371 774 nasterio
386 713 523 774 miuutis
548 716 580 774 et
605 713 757 784 infirmis,
783 715 846 774 ulsi
862 716 1021 791 tanquam

225 810 317 871 sauls
333 810 504 871 monachis
519 811 715 881 ministrari,
732 810 870 872 dilectus
893 812 1019 872 filius...

224 906 326 968 abbas
351 908 471 978 vester,
485 906 582 968 vobis
606 907 793 984 petentibus
815 911 848 970 et
873 924 1020 970 consen-

223 1004 397 1071 tientibus,
412 1004 597 1065 infirmaria
619 1006 798 1066 constituta
819 1005 939 1066 ibidem
963 1007 1022 1067 de·

223 1101 353 1176 putavit
365 1101 396 1161 ei
412 1102 571 1178 quosdam
582 1102 731 1165 redditus
745 1103 893 1174 minutiS,
918 1106 950 1165 et
962 1104 1019 1164 in-

223 1198 329 1267 firmis
348 1214 407 1275 per
428 1214 547 1259 manus
572 1199 748 1260 infirmarii
770 1201 1018 1262 ministrandos.

224 1297 295 1356 Nos
323 1297 434 1356 autem
461 1296 582 1358 vestris
608 1298 708 1373 justis
742 1297 1020 1374 postulationibus

222 1394 318 1469 grato
349 1396 585 1454 concurrentes
613 1409 764 1467 assensu,
795 1394 881 1471 quod
920 1411 1021 1471 super

224 1490 287 1550 boc
302 1489 343 1550 ab
366 1490 481 1551 eodem
496 1490 614 1552 abbate
641 1492 705 1567 pie,
730 1492 866 1567 provida
890 1508 930 1552 ac
958 1508 1019 1553 ca-

224 1584 345 1645 nonice
360 1584 483 1645 factum
496 1587 547 1647 est
560 1586 693 1646 sicutin
709 1587 816 1662 ipsius
828 1586 948 1647 litteris
963 1587 1019 1647 di-

222 1681 310 1742 citur
330 1682 506 1753 contineri,
525 1683 926 1759 auctoritateApostolica
939 1699 1021 1744 con·

224 1777 406 1849 firmamus,
431 1780 464 1840 et
492 1781 666 1855 praesentIs
693 1781 809 1856 scripti
834 1781 1020 1857 patrocinio

223 1876 476 1936 communimus.
507 1877 600 1937 Nulli
631 1892 710 1952 ergo
741 1878 828 1938 banc
863 1877 1019 1954 paginam

221 1973 344 2033 nostrae
377 1973 638 2034 confirmationis
675 1972 869 2050 infringere,
898 1977 960 2036 etc.
984 1975 1019 2035 Si

222 2068 297 2145 quis
308 2070 430 2141 autem,
448 2071 510 2131 etc.
527 2072 645 2131 Datum
660 2071 827 2143 Laterani,
841 2074 948 2133 XVIII
962 2071 1021 2133 ka·

1074 523 1171 582 tenus
1189 537 1266 582 eum
1292 537 1393 597 super
1411 521 1474 584 hoc
1500 523 1668 585 molestari
1688 524 1729 585 ab
1751 523 1870 586 eodem

1075 618 1266 695 presbytero
1284 635 1351 680 nou
1366 621 1548 695 permittas.
1564 623 1681 682 Datum
1697 623 1868 695 Laterani,

1074 718 1131 775 XV
1148 715 1215 775 kal.
1229 717 1321 789 maii,
1338 732 1425 778 anno
1440 717 1578 778 decimo.

1403 940 1535 1026 CXXX

1153 1090 1206 1148 Ad
1224 1091 1428 1159 Henrtcum,
1445 1094 1634 1166 Arrptorum
1655 1107 1785 1167 repom.

1356 1221 1390 1278 at
1404 1222 1500 1293 apriIIs
1514 1223 1591 1281 laio.

1152 1342 1288 1408 [Bouquet
1306 1344 1408 1395 liecuell
1425 1345 1469 1395 des
1485 1346 1588 1403 Hister„
1604 1347 1671 1405 xix,
1690 1361 1717 1411 p.
1731 1346 1788 1397 772.

1301 1424 1413 1485 aegest,
1424 1424 1470 1475 lib.
1484 1427 1527 1483 IX,
1541 1441 1582 1489 ep.
1594 1427 1631 1490 5.]

1074 1539 1210 1609 Suscepto
1225 1545 1322 1595 contra
1340 1539 1531 1596 Raimundnm
1548 1541 1719 1598 Tolosanum
1741 1549 1769 1598 et
1785 1541 1864 1599 Albi·

1108 1641 1215 1699 genses
1231 1626 1379 1684 baereticos
1396 1643 1413 1684 a
1434 1643 1503 1700 rege
1515 1627 1657 1685 Ludovico
1672 1629 1865 1699 expedltlone,

1108 1714 1261 1771 ilenricum
1277 1715 1388 1788 Anglloe
1410 1730 1509 1789 regem
1523 1715 1646 1773 deterret
1662 1718 1804 1774 lionorius
1830 1717 1868 1774 ab

1108 1802 1177 1859 inita
1191 1817 1256 1859 cum
1271 1801 1372 1859 eodem
1383 1803 1542 1861 Ralmundo
1552 1805 1688 1861 societate
1703 1820 1737 1862 ac
1747 1803 1865 1862 foedere.

1105 1938 1867 2016 Honorinsepisccpus...,carissimoincuristo

1073 2034 1142 2095 filio
1155 2035 1278 2096 illustri
1290 2036 1362 2112 regi
1385 2036 1525 2111 Angliae,
1548 2036 1699 2107 salutem,
1713 2039 1775 2098 etc.

1112 2134 1192 2192 Cum
1217 2132 1260 2193 stt
1284 2148 1415 2209 semper
1434 2134 1618 2195 consultius
1643 2134 1719 2195 anta
1734 2135 1868 2211 tempus

1072 2244 1264 2301 occurrere,
1295 2245 1393 2306 quam
1421 2230 1603 2291 remedium
1627 2231 1702 2307 post
1729 2246 1867 2292 causam

1073 2343 1223 2403 quaerere
1246 2327 1465 2397 vulneratam,
1490 2327 1519 2387 si
1539 2326 1635 2387 nobis
1664 2327 1728 2388 hoc
1753 2328 1789 2388 in
1807 2330 1867 2389 tuo

1072 2424 1160 2486 facto
1188 2424 1380 2500 diligentius
1412 2423 1668 2491 attendentibus,
1691 2423 1864 2485 efficacius

1072 2521 1293 2583 inteudlssent
1314 2521 1428 2581 nuncii
1446 2521 1505 2593 tui,
1522 2522 1555 2582 et
1575 2521 1698 2581 nostris
1723 2521 1866 2597 acquie-

1071 2619 1199 2680 vissent
1224 2619 1374 2680 consiliis
1401 2633 1500 2695 super
1520 2620 1711 2694 treugarum
1739 2618 1867 2680 foedere

1072 2715 1215 2777 ineundo
1231 2715 1293 2776 ate
1305 2714 1358 2775 bis
1371 2715 1573 2793 temporibus
1584 2732 1657 2776 cum
1671 2731 1749 2790 rege
1764 2717 1869 2777 Frau-

1072 2829 1185 2875 corum
1209 2814 1242 2874 et
1257 2813 1338 2875 olim
1352 2830 1428 2874 cum
1454 2813 1554 2874 clarae
1580 2812 1749 2873 memoriae
1770 2815 1866 2889 patre

1072 2925 1143 2980 suo,
1161 2908 1195 2969 in
1206 2908 1434 2970 difficultatem
1449 2926 1521 2987 quae
1532 2909 1592 2970 tibi
1605 2926 1692 2970 nunc
1711 2910 1867 2972 imminet

1072 3007 1207 3068 minime
1235 3007 1440 3068 devenisses.
1468 3008 1615 3083 Denique
1638 3007 1695 3067 diu
1722 3023 1867 3084 exspec-

1071 3108 1179 3168 tantes
1194 3106 1470 3182 exspectavimus,
1486 3106 1605 3180 legans
1627 3106 1660 3166 et
1674 3107 1808 3165 nunciis
1824 3106 1865 3166 ad

1072 3201 1624 3264 eliminandamhacresimdeterra
1635 3202 1866 3277 sibigensimn

261 3303 441 3375 Honorius,
468 3305 543 3376 etc,
559 3303 746 3365 venerabili
773 3304 907 3366 fratri...
928 3304 1019 3382 ep1s·
1071 3300 1258 3373 destinatis,
1276 3303 1312 3362 ut
1325 3300 1446 3361 nobilis
1460 3301 1513 3361 vir
1527 3303 1565 3361 R.
1584 3298 1631 3378 (1)
1647 3299 1736 3360 lilius
1757 3315 1867 3376 quon-

221 3414 304 3476 copo
339 3400 555 3475 lingonensi,
585 3401 775 3463 salutemet
793 3401 1017 3480 Apostolicam
1071 3397 1147 3457 dam
1161 3397 1293 3459 comitis
1305 3396 1472 3468 Tolosani,
1487 3396 1515 3457 si
1527 3397 1672 3466 vireret,
1689 3397 1776 3457 sicut
1791 3411 1867 3473 pro

222 3493 498 3558 benedicttonem.
983 3509 988 3518 ·
1071 3494 1431 3566 mittebatcatbolicus,
1442 3495 1565 3555 terram
1576 3493 1778 3570 praedictam,
1791 3510 1866 3569 quae

221 2164 338 2227 landas
354 2167 445 2241 maii,
462 2183 550 2229 auno
565 2167 705 2229 decimo.

546 2372 701 2461 CXXIX

342 2527 394 2586 Act
417 2498 613 2600 episcopum
634 2528 897 2601 Lr'rrporzcnscm.

500 2656 533 2711 ll
549 2655 647 2726 aprilis
659 2655 738 2712 laio.

239 2778 360 2840 [begeat.
378 2776 425 2827 lib.
442 2778 475 2835 X,
489 2776 566 2841 epist.
578 2776 633 2826 eit.
648 2778 705 2827 lisa.
718 2778 755 2829 La
766 2778 842 2828 Porta
861 2777 895 2828 dn
908 2777 1002 2843 Theti]

223 2902 260 2959 Ut
270 2902 301 2958 L.
315 2902 352 2958 de
366 2902 463 2959 llonte
475 2901 568 2969 Barlo,
581 2902 628 2973 qui
643 2916 708 2958 eum
720 2902 869 2960 acolitntus
888 2902 1017 2961 ordinem

258 2990 289 3045 in
309 2990 465 3061 puerilibus
480 2991 563 3047 annis
582 2990 765 3062 suscepisset,
786 3006 905 3049 uxorem
918 3000 1017 3064 postca

258 3076 388 3147 duxerat,
414 3077 449 3136 ad
467 3077 612 3136 ferendum
633 3094 768 3137 cornuam
784 3088 812 3138 et
834 3088 1018 3140 tousurama

257 3174 369 3224 rectore
381 3167 471 3241 ipsius
483 3169 613 3225 ecclesie
624 3169 691 3241 cogi
704 3183 761 3225 uon
774 3170 858 3226 sinat.

261 3594 407 3654 Veniens
419 3593 461 3654 ad
485 3610 546 3655 nos
560 3597 596 3655 L.
611 3595 652 3656 de
666 3598 779 3658 Monte
801 3596 899 3657 Barlo
921 3595 1018 3656 nobis
1071 3592 1185 3668 spinas
1199 3593 1231 3652 et
1245 3590 1386 3653 tribulos
1398 3595 1565 3668 tamquam
1581 3589 1721 3666 reproba
1734 3590 1865 3665 germi-

223 3692 388 3767 exposuit,
405 3691 585 3767 quodlicet
606 3692 677 3768 ipse
692 3692 858 3770 quondam
871 3693 906 3753 lu
920 3692 1017 3754 annis
1071 3690 1187 3762 nabat,
1217 3689 1392 3750 mundaret
1419 3688 1460 3749 ab
1488 3688 1645 3749 haeretica
1680 3688 1864 3763 pravitate,

223 3787 423 3847 constitutus
447 3789 632 3865 puerilibus
658 3791 834 3851 acolitatus
867 3791 1018 3851 ordinem
1071 3804 1145 3849 cum
1161 3803 1227 3848 non
1240 3787 1347 3848 solum
1362 3787 1490 3848 ulcinas
1503 3788 1614 3863 partes
1631 3785 1793 3857 infecerit,
1811 3802 1868 3847 ve·

222 3883 433 3958 suscepisset,
456 3885 589 3945 tandem
613 3885 740 3947 malens
764 3887 889 3947 ntubere
918 3903 1017 3963 quam
1070 3899 1144 3944 rum
1159 3885 1259 3945 etiam
1273 3883 1459 3960 iniquitatIs
1468 3898 1536 3942 suae
1547 3882 1640 3944 virus
1652 3879 1807 3944 effuderit
1821 3884 1866 3944 ad

222 3978 331 4050 aduri,
348 3979 594 4042 matrimonium
610 3998 685 4042 cum
710 3981 851 4059 quadam
875 3983 1017 4045 muliere
1070 3979 1868 4057 remotas:sedinaliquononprofecImus,licet
1962 4023 1963 4028 .

221 4076 398 4149 contraxit,
422 4093 466 4138 ex
486 4094 552 4154 qua
573 4078 672 4151 lilios,
689 4082 721 4141 et
745 4079 834 4140 filias
855 4095 1016 4156 procrea·
1070 4095 1136 4140 non
1152 4076 1727 4154 parvotemporefueritlaboratum.
1740 4079 1865 4149 Quare,

220 4173 279 4235 vit.
295 4175 417 4235 Verum
431 4177 467 4235 0.
485 4174 668 4252 presbyter,
685 4177 795 4238 rector
811 4177 960 4239 ecclesiae
976 4178 1017 4240 da
1071 4191 1145 4236 cum
1160 4176 1318 4236 statutum
1335 4174 1478 4235 fueritin
1488 4174 1638 4249 generali
1653 4174 1803 4234 Concilio
1815 4175 1865 4244 ut,

221 4271 335 4332 Monte
358 4272 468 4343 Barlo,
503 4275 598 4350 cujus
619 4272 707 4333 idem
729 4275 765 4333 L.
792 4273 1017 4350 parochianus
1071 4273 1100 4331 si
1115 4272 1267 4332 dominus
1282 4270 1485 4347 temporalis,
1509 4269 1688 4347 requlsitus
1703 4271 1736 4332 et
1749 4271 1865 4332 moni-

221 4367 338 4429 existit
351 4384 391 4430 ea
407 4369 593 4441 occasione,
610 4370 696 4447 quod
720 4371 866 4431 minores
881 4370 1017 4431 ordines
1070 4371 1123 4431 tus
1133 4369 1174 4430 ab
1189 4369 1346 4439 Ecclesia,
1363 4369 1486 4429 terram
1495 4383 1589 4428 suam
1602 4368 1643 4429 ab
1654 4367 1775 4429 haeresi
1789 4384 1871 4445 pur·

221 4466 255 4526 in
272 4466 394 4526 minori
407 4469 554 4545 suscepit
568 4469 666 4530 aetate
678 4469 720 4529 ad
735 4468 950 4530 deferendum
965 4485 1018 4530 co·
1070 4482 1150 4542 gare
1163 4465 1358 4542 neglexerit,
1369 4464 1762 4542 permetropolitanumet
1772 4481 1870 4527 com-

220 4578 350 4632 ronam,
374 4565 407 4625 et
440 4565 611 4626 tonsuram
650 4566 818 4643 compellit
851 4567 1015 4638 eumdem,
1071 4562 1293 4639 provinciales
1312 4562 1484 4637 epIscopos
1508 4560 1868 4624 excommunicationis

221 4675 304 4737 quas
317 4660 352 4722 in
367 4660 476 4736 patrIa
490 4677 551 4721 sua
566 4678 633 4723 non
659 4663 813 4725 deferunt
835 4663 872 4724 in
894 4663 1017 4725 talibus
1069 4660 1203 4721 viuculo
1216 4659 1403 4730 innodetur,
1416 4657 1870 4736 etsIsatIsfacerecontemp-

221 4755 394 4818 ordinibus
419 4758 600 4820 constituti.
619 4761 699 4821 Cum
714 4776 758 4822 ex
772 4760 835 4822 hoc
849 4761 938 4823 inter
959 4762 1016 4838 ip·
1071 4757 1153 4817 serit
1172 4754 1259 4817 infra
1284 4770 1418 4825 annum,
1445 4770 1487 4815 ex
1514 4756 1592 4815 tunc
1616 4770 1675 4830 per
1696 4769 1868 4818 summum

221 4853 1018 4933 sum,et...uxoremsuampossItscandalumge·
1070 4853 1264 4915 Pontificem
1288 4853 1361 4928 ejus
1384 4850 1523 4911 vassalli
1542 4866 1562 4912 a
1578 4850 1736 4911 fidelitate
1748 4851 1870 4914 absol-

220 4952 346 5020 uereri,
358 4953 391 5014 et
402 4952 512 5013 vlrum
527 4956 755 5031 oporteatque
768 4954 864 5015 modo
882 4954 1016 5031 conjugi
1069 4952 1192 5012 vantur
1206 4949 1321 5026 ipsius,
1335 4950 1367 5009 et
1377 4950 1466 5009 terra
1483 4949 1671 5023 exponatur
1685 4948 1867 5012 catholicis

223 5051 295 5125 ejus
311 5049 443 5126 placeat
456 5051 615 5126 cogitare,
631 5067 671 5112 ac
690 5066 826 5113 necesse
846 5051 890 5112 sit
907 5051 1016 5128 ipsum
1070 5045 1272 5125 occupanda,
1284 5044 1670 5122 quieam,exterminat1s
1679 5044 1864 5118 haereticis,

221 5146 438 5214 saecularibus
453 5147 595 5222 negotiis
621 5148 813 5218 immisceri,
840 5148 926 5209 unde
941 5148 1018 5210 ton·
1070 5144 1194 5222 absque
1220 5143 1288 5203 ulla
1321 5141 1582 5203 contradictione
1606 5141 1812 5217 possideant,
1833 5149 1869 5208 et

222 5257 312 5314 sura,
327 5243 380 5305 vel
396 5259 520 5305 corona
535 5244 639 5320 ipsius
655 5259 691 5304 se
712 5244 930 5305 saecularibus
952 5245 1018 5305 im·
1069 5242 1104 5302 in
1118 5240 1194 5302 lldei
1210 5239 1353 5317 purItate
1382 5238 1588 5308 conservent,
1614 5243 1674 5296 nos
1690 5241 1799 5301 coacti
1822 5258 1869 5303 ex

220 5337 350 5413 plicans
375 5339 562 5401 redundare
599 5339 746 5417 profecto
775 5342 809 5402 in
838 5342 1015 5403 ministerii
1065 5339 1153 5416 juris
1166 5336 1364 5400 necessitate
1376 5334 1497 5394 fuimus
1511 5335 1556 5404 ut,
1575 5332 1744 5409 Babylone
1762 5352 1868 5412 quam

221 5435 327 5495 nostri
359 5436 561 5513 vituperium
597 5437 777 5509 videretur,
815 5438 1016 5500 fraternitati
1070 5435 1259 5498 curavlmus
1273 5448 1341 5494 non
1354 5432 1480 5502 curata,
1506 5430 1614 5490 denuo
1635 5432 1773 5507 propter
1800 5434 1868 5497 boc

221 5531 286 5591 tuae
299 5544 359 5607 per
371 5533 561 5608 ApostolIca
577 5534 702 5612 scripta
715 5533 922 5610 mandamus,
938 5551 1016 5614 qua·
1071 5532 1239 5607 assumpto
1262 5529 1387 5599 labore,
1411 5526 1567 5587 dilectum
1591 5525 1694 5586 fllium
1711 5531 1867 5594 nostrum

255 5659 294 5733 (l)
311 5660 487 5720 iluimundus
502 5666 564 5724 VII.
