3950 6200
635 312 867 375 s.aNTON11
896 311 1084 375 PADUANI
1114 314 1251 376 OPERA
1282 314 1427 377 OMNIA.

213 314 273 374 687
1787 319 1839 378 W

216 471 574 540 remanumdicentes
592 473 1010 534 :ch'rravimusauiaue-
1063 472 1111 534 ris
1122 474 1303 548 tergamus,
1315 474 1348 535 et
1359 475 1480 535 iterum
1493 473 1703 552 requlrentes
1716 477 1839 547 eumin

215 569 338 640 nitatis,
353 573 387 632 et
397 570 539 647 justitiae
555 569 666 631 lumen
685 586 751 631 non
773 571 886 632 illuxit
899 568 1007 631 nobis.
1064 569 1160 632 horto
1188 571 1407 642 inveniemus,
1442 571 1531 633 sicut
1557 572 1631 648 ipsa
1658 572 1783 634 invenlt
1809 574 1838 635 iu
1920 559 1921 600 ⁷

215 665 435 728 Transierunt
460 667 573 728 omnia
602 668 690 729 sicut
710 666 838 738 umbra,
866 668 899 729 et
922 666 1010 728 sicut
1064 667 1161 729 horto
1178 668 1363 728 Dominum.
1386 670 1423 728 ln
1446 669 1548 731 horto
1572 669 1719 729 inueniri
1735 670 1836 742 noluit

214 764 359 825 lluhcius
375 779 584 841 praecurrens
601 763 648 842 (l)
664 768 696 826 et
708 764 796 826 sicut
810 764 918 835 naris,
935 780 1008 842 quaa
1064 768 1099 825 ut
1115 763 1314 835 ostenderet,
1330 765 1415 840 quod
1431 766 1573 826 amissas
1596 767 1632 826 in
1652 766 1748 827 horto
1761 767 1836 828 deli·
1920 785 1921 790 ¹

215 860 397 937 pertransit
413 861 628 924 fluctuantem
642 877 774 938 aquam,
801 864 835 923 et
851 862 939 923 sicut
953 877 1010 922 sa·
1063 861 1133 921 cias
1148 863 1364 922 restauraret.
1381 864 1461 923 ltem
1487 862 1530 923 ad
1553 862 1747 932 docendum,
1763 864 1835 940 qnod

214 957 297 1032 gitta
323 958 358 1018 in
382 958 490 1019 locum
512 960 712 1021 destinatum
728 959 862 1019 emissa.
878 974 897 1018 »
911 959 1010 1019 Tem·
1063 959 1150 1020 sicut
1164 958 1362 1020 hortulanus
1388 960 1477 1020 circa
1498 959 1665 1021 culturam
1689 960 1772 1022 horti
1794 963 1835 1022 est

214 1056 344 1132 poralia
377 1056 503 1118 umbrae
545 1059 781 1133 comparantur
826 1057 1007 1130 eleganter.
1063 1055 1238 1128 sollicitus,
1254 1058 1289 1117 ut
1308 1057 1579 1128 tructumlaciat,
1597 1058 1646 1118 sic
1661 1058 1749 1119 circa
1764 1058 1834 1117 hor-

215 1154 1007 1231 Quiasieutnibilvaniusumbra,etquieamam-
1059 1155 1128 1214 tum
1138 1154 1387 1215 mentisnostrae
1397 1154 1501 1215 simus
1512 1155 1648 1216 solliciti
1659 1154 1833 1231 plantando,

214 1251 381 1327 plectitur,
393 1253 442 1313 sic
457 1252 542 1312 nihil
562 1253 682 1313 vanius
696 1251 944 1328 temporalibus,
972 1255 1005 1312 et
1060 1253 1093 1310 et
1104 1249 1286 1312 inserendo
1296 1266 1373 1311 eum
1388 1252 1485 1311 novis
1500 1252 1694 1322 virtutibus,
1710 1255 1745 1312 ut
1754 1252 1834 1313 ltue-

214 1348 299 1408 nihil
312 1349 454 1409 solidum
468 1351 558 1411 tenet
568 1350 624 1426 qui
635 1365 674 1409 ea
682 1349 902 1424 amplectitur.
912 1349 1005 1410 Unde
1059 1348 1112 1407 tus
1127 1345 1289 1407 bonorum
1311 1362 1448 1424 operum
1472 1348 1601 1411 reddat.
1617 1351 1656 1409 ln
1670 1349 1730 1410 tali
1744 1349 1837 1425 siqni-

213 1446 440 1507 Ecclesiastlci
454 1444 591 1525 (34,2):
618 1448 754 1519 «Quasi
768 1446 1006 1524 quipersequi-
1060 1442 1133 1503 dem
1158 1443 1254 1506 horto
1285 1444 1456 1506 invenitur
1489 1447 1662 1506 Dominus.
1698 1445 1786 1507 Unde
1806 1447 1836 1506 in

213 1544 433 1615 torrentum,
462 1545 495 1606 et
520 1545 739 1621 apprehendit
769 1544 930 1617 umbram,
956 1544 1005 1604 sic
1061 1542 1207 1602 Canticis
1224 1562 1231 1601 :
1250 1543 1320 1613 Quo
1331 1541 1413 1604 abiit
1427 1542 1567 1604 dilectus
1589 1545 1687 1610 tunsi
1711 1542 1835 1605 dilectus

213 1640 270 1716 qni
285 1640 426 1701 attendit
439 1639 480 1701 ad
493 1641 567 1702 visa
581 1643 765 1703 mendacia.
782 1660 801 1701 u
816 1643 876 1713 Qui
893 1641 1007 1717 seqni-
1061 1654 1154 1699 meus
1169 1638 1340 1699 descendit
1359 1639 1393 1699 in
1415 1639 1546 1700 hortum
1561 1656 1658 1700 suum
1685 1639 1727 1701 ad
1747 1656 1834 1702 arco-

214 1737 270 1797 tur
279 1740 415 1798 ventum
431 1753 496 1798 non
513 1739 613 1800 lactet
630 1741 764 1799 ventum
780 1739 903 1800 reverti
920 1756 928 1799 :
946 1754 1006 1800 ne-
1062 1734 1112 1795 las
1129 1735 1176 1814 (3)
1190 1739 1376 1798 aromatum
1389 1734 1436 1815 (4)
1448 1737 1534 1798 idest
1546 1739 1705 1798 virtutum
1715 1736 1833 1798 odorem

214 1850 280 1909 pue
296 1835 370 1910 quis
387 1835 593 1911 poteritdies
603 1839 674 1913 jam
689 1837 832 1913 elapsos,
848 1837 901 1897 vel
916 1838 1004 1897 tem·
1061 1834 1192 1907 gratum
1218 1834 1427 1908 spirantium.
1456 1837 1546 1895 Bene
1581 1849 1663 1911 ergo
1704 1834 1834 1903 dicitnr:
1920 1861 1921 1864 ¹

215 1931 380 2007 poralium
418 1934 596 1994 transitum
638 1950 813 1995 revocare.
854 1936 1004 1995 Nunclus
1060 1934 1365 2003 Hurwrcpntram.

214 2043 424 2104 praecurrens
442 2029 597 2091 dicuntur
609 2029 673 2092 ista
687 2031 896 2107 temporalia,
909 2031 1004 2108 quasi
1099 2028 1138 2088 Et
1152 2027 1353 2099 utnotitlcet,
1364 2042 1404 2089 ac
1416 2029 1494 2104 quid
1508 2030 1668 2105 requirat,
1678 2029 1834 2107 adjungit:

213 2124 338 2187 doloris
350 2125 464 2196 futuri,
482 2130 515 2190 et
530 2127 735 2189 contusionis
750 2130 828 2190 sunt
842 2144 1004 2204 praenun-
1063 2124 1102 2183 ot
1117 2127 1253 2186 videam
1267 2125 1477 2197 compictem
1491 2129 1644 2200 Domini,
1660 2129 1694 2188 et
1709 2125 1833 2186 videndo

213 2222 276 2282 cia.
304 2222 397 2284 Unde
423 2227 519 2286 risus
533 2228 647 2287 dolore
662 2228 873 2300 anteceditur,
889 2228 923 2287 cl
937 2241 1005 2287 ecr-
1059 2220 1214 2281 delecter.
1245 2221 1338 2282 Sicut
1362 2223 1451 2283 enim
1476 2224 1623 2285 exterior
1645 2224 1757 2285 oculus
1777 2239 1832 2283 non

212 2327 326 2381 trema
353 2325 472 2397 patldll
506 2325 618 2385 luctus
644 2325 785 2396 occupat
811 2322 875 2401 (2).
909 2324 1005 2386 Sicut
1060 2317 1268 2379 illuminatur
1291 2318 1358 2378 nisi
1379 2319 1490 2380 videat
1519 2338 1527 2375 τ
1556 2321 1606 2382 sic
1628 2337 1690 2382 nec
1712 2321 1833 2382 interior

211 2419 324 2487 aevis,
354 2418 416 2477 etc.
445 2418 550 2478 Naris
563 2420 701 2495 exponit
715 2435 751 2479 se
763 2418 910 2480 inimicis
921 2419 1002 2490 suis,
1059 2414 1244 2476 delectatur
1270 2415 1336 2477 nisi
1363 2416 1484 2490 videat,
1512 2417 1599 2479 idest
1621 2434 1689 2479 non
1712 2416 1833 2495 percipit
1920 2453 1921 2456 =

212 2512 342 2574 scilicet
356 2515 466 2586 vente,
479 2518 511 2577 et
521 2517 617 2587 mari,
632 2517 666 2578 et
680 2519 799 2578 ventus
810 2517 844 2577 iu
860 2532 961 2593 rupes
972 2519 1006 2578 et
1059 2511 1310 2573 delectationem
1346 2529 1482 2574 summae
1519 2513 1752 2588 beatitudinis,
1777 2514 1831 2573 nisi

212 2611 327 2670 cautes
356 2612 510 2687 impellit,
534 2615 567 2673 et
590 2628 683 2674 mare
706 2614 890 2690 submergit
917 2635 924 2674 ε
955 2614 1004 2675 sic
1059 2624 1119 2685 per
1151 2610 1462 2685 contemplationem
1486 2626 1559 2672 eam
1581 2612 1757 2674 intueatur.
1779 2613 1830 2671 Se-

211 2705 320 2781 gloria
341 2707 440 2784 hujus
464 2709 579 2770 saeculi
594 2711 645 2771 est
658 2711 755 2786 quasi
777 2712 872 2772 navis
900 2727 1005 2787 expo-
1059 2706 1172 2783 quitur
1183 2707 1364 2768 secundum
1377 2707 1636 2770 aliamlitteram
1649 2708 1761 2788 (5):Et
1768 2723 1833 2785 pro·

212 2803 277 2863 sita
292 2806 392 2866 vento
415 2806 619 2877 tentationis,
641 2809 675 2869 et
702 2809 850 2883 periculo
870 2810 1003 2870 aeternae
1058 2807 1152 2879 tegar
1173 2819 1193 2865 a
1211 2805 1334 2880 templo
1350 2806 1466 2866 sancto
1481 2808 1565 2881 ejus.
1589 2809 1660 2867 Hoc
1677 2807 1717 2867 ad
1731 2805 1832 2867 stolam

212 2899 447 2962 damnationis.
472 2904 518 2963 El
538 2905 629 2964 sicut
646 2906 786 2980 eupillo.
815 2907 943 2981 Sagitta
968 2907 1004 2966 in
1059 2902 1208 2977 corporis
1232 2902 1388 2984 pertinet,
1411 2901 1446 2962 in
1467 2918 1532 2979 qua
1554 2906 1681 2979 septem
1699 2901 1833 2965 conside-

212 2996 316 3057 altnm
332 2999 434 3059 missa
450 3000 515 3061 cito
534 3000 667 3072 decidit,
682 3001 760 3077 quia
774 3004 922 3063 mortuas
938 3003 1003 3063 ha·
1058 3003 1177 3059 rantur
1190 2998 1423 3060 beatitudines.
1436 3000 1660 3075 Specicsitas;
1678 3001 1760 3061 unde
1773 2998 1831 3058 lul-

211 3092 267 3156 bet
284 3112 410 3171 pennas
432 3119 439 3158 ε
462 3099 516 3159 -sic
546 3100 654 3175 gloria
676 3100 789 3160 mundi
813 3101 945 3173 transit,
972 3104 1005 3163 et
1058 3095 1386 3173 gebennensium
1409 3096 1471 3158 sol.
1486 3096 1647 3173 Agilitas;
1671 3099 1754 3160 unde
1768 3100 1834 3159 tan·

168 3212 171 3215 ·
212 3192 302 3254 cadit
324 3193 364 3254 de
388 3188 491 3266 facili,
515 3197 594 3272 qula
622 3200 752 3258 monna
773 3197 873 3259 habet
890 3214 1001 3274 opera.
1059 3210 1157 3271 quam
1178 3194 1332 3259 scintillae
1360 3195 1396 3255 in
1433 3196 1645 3265 arundineto.
1673 3200 1762 3257 Hanc
1785 3210 1832 3255 os·

213 3292 336 3351 Pennae
351 3293 437 3352 vivae
453 3294 531 3353 sunt
544 3292 631 3354 bona
644 3310 757 3371 opera,
769 3299 884 3373 quaein
900 3297 1003 3357 altum
1058 3292 1164 3354 tendit
1205 3292 1384 3364 Dominus,
1421 3308 1496 3353 cum
1534 3293 1717 3354 ambulavit
1747 3305 1832 3368 snper

212 3384 253 3447 de
268 3387 359 3448 sacili
383 3389 582 3465 diriguntur,
604 3394 638 3453 et
660 3392 787 3454 faciunt
809 3392 943 3454 evolare
962 3394 1003 3453 ad
1059 3390 1176 3449 undas.
1203 3388 1371 3465 Libertas;
1385 3390 1422 3451 ut
1445 3389 1550 3451 libere
1567 3392 1712 3452 transire
1731 3389 1829 3467 possit,

211 3486 371 3547 aeternam
390 3486 629 3551 beatitudinem
651 3489 887 3551 obtinendam:
914 3493 1004 3552 Bene
1058 3501 1123 3562 quo
1137 3485 1291 3548 voluerit.
1308 3488 1401 3547 lianc
1416 3486 1533 3548 habuit
1555 3488 1713 3550 Dominus
1735 3488 1771 3548 de
1786 3500 1831 3545 sc·

212 3580 448 3658 ergodicitur:
469 3588 672 3661 Uarompettt
687 3591 878 3649 ahmeino.
1059 3584 1174 3658 pulcro
1208 3583 1325 3645 exiens
1358 3583 1485 3655 clauso,
1518 3586 1552 3647 et
1589 3585 1633 3646 ad
1670 3584 1830 3661 discipulos

250 3682 344 3740 Hanc
357 3679 585 3743 nosdebemus
603 3684 733 3746 tantum
757 3699 907 3761 quaerere
929 3701 1004 3749 cum
1058 3679 1186 3744 loribus
1206 3681 1331 3741 clausis
1356 3681 1559 3757 ingrediens.
1581 3683 1747 3760 Voluptas,
1769 3695 1830 3757 qua

210 3774 421 3851 Magdalena.
439 3781 598 3850 Quaesivit
607 3781 695 3840 enim
709 3782 816 3856 primo
828 3782 1003 3842 Dominum
1058 3777 1122 3839 erit
1149 3778 1184 3838 in
1206 3778 1385 3839 concordia
1413 3779 1609 3853 harmoniae,
1631 3796 1704 3857 quae
1724 3778 1828 3840 eritin

210 3872 426 3950 insepulcro,
448 3878 481 3937 et
500 3892 566 3936 non
589 3877 717 3939 invenit
734 3878 801 3938 nisi
818 3879 1001 3940 sudarium.
1058 3876 1292 3951 conjunctione
1337 3876 1499 3952 corporis,
1535 3878 1569 3939 et
1607 3878 1737 3949 animae,
1769 3889 1829 3951 qua

211 3971 412 4047 Requisivit,
433 3977 466 4034 et
488 3974 670 4040 invenitin
695 3975 790 4036 horto
813 3977 1001 4037 Dominum.

211 4069 405 4139 Quaeramus
418 4071 452 4130 et
465 4085 537 4141 nos,
553 4072 1003 4149 utpostquaminvenerimus

211 4165 396 4235 sudarium,
420 4168 539 4229 iterum
573 4170 761 4245 qttaerentes
791 4168 1002 4230 inveniamus

209 4263 318 4338 ipsum
335 4264 521 4325 Dominum.
537 4268 574 4325 ln
590 4265 726 4326 sudario
751 4268 885 4327 notatur
895 4266 1000 4337 labor,

209 4363 244 4420 et
256 4360 380 4423 laboris
393 4364 581 4425 renovatio.
598 4366 678 4425 Post
688 4363 835 4424 laborem
851 4365 939 4424 enim
950 4381 1003 4424 su·

210 4455 341 4530 damus,
367 4461 401 4520 et
421 4476 496 4520 cum
511 4462 647 4522 sudario
663 4462 816 4523 sudorem
832 4461 1001 4538 abstergi-

209 4569 297 4625 mus,
315 4556 404 4616 ulad
419 4556 569 4618 laborem
586 4559 704 4618 iterum
723 4560 905 4621 validiores
921 4575 1000 4619 sur-

208 4666 337 4725 gamus.
359 4652 536 4713 sudarium
552 4655 654 4730 igitur
677 4656 813 4732 reliquit
838 4658 1000 4734 quaerenti

208 4747 429 4824 Magdalenae,
458 4752 494 4811 ut
512 4751 679 4818 innueret,
705 4753 802 4829 quod,
824 4754 853 4814 si
867 4769 1001 4830 quaera-

207 4861 282 4906 mus
307 4847 482 4907 Dominum
504 4863 579 4908 cum
600 4847 727 4924 labore,
750 4850 836 4911 idest
849 4865 1001 4911 macera-

207 4944 300 5005 tione
314 4945 436 5017 carnis,
454 4947 487 5007 et
511 4945 675 5008 bonorum
690 4963 828 5024 operum
844 4946 1001 5025 trequen-

205 5041 345 5113 tatione,
362 5043 569 5104 Dominicam
586 5044 772 5106 recolentes
796 5044 998 5120 passionem,

206 5152 271 5214 qua
286 5136 445 5216 tanquam
459 5140 595 5201 sudario
611 5140 766 5201 sudorem
784 5140 891 5201 nostri
902 5139 999 5201 labo-

241 5320 283 5391 ll)
301 5323 402 5382 versio
415 5324 512 5380 Graeca
526 5324 612 5394 LXX,
629 5324 716 5397 vulg.
730 5339 908 5397 percurrens.

254 5393 282 5460 2)
300 5394 382 5449 Prov.
398 5393 442 5461 lt,
459 5394 502 5451 l3.

255 5464 281 5530 3)
298 5464 383 5535 vulg.
401 5465 537 5520 areolam.

240 5533 371 5601 (licant.
388 5535 415 5600 b,
433 5536 481 5603 173
496 5544 524 5592 et
539 5535 565 5591 o.
584 5535 609 5590 l.

1058 3974 1193 4034 notatur
1215 3972 1272 4033 ubi
1298 3973 1608 4050 dicitur1llxurpe
1630 3977 1826 4048 psalmum

1056 4071 1090 4130 el
1117 4071 1253 4131 cithara
1268 4068 1336 4147 (6);
1353 4070 1399 4130 ibi
1425 4070 1514 4131 enim
1542 4086 1603 4146 pro
1632 4070 1829 4147 psalterio,el

1057 4167 1187 4228 cithara
1202 4182 1281 4229 caro
1297 4167 1507 4243 intelligitur.
1525 4168 1620 4230 Sicut
1634 4168 1764 4228 enimin
1775 4165 1827 4232 his,

1057 4266 1090 4325 et
1104 4281 1146 4324 ex
1161 4264 1215 4324 his
1229 4262 1358 4325 duobus
1374 4264 1520 4325 maxima
1534 4267 1672 4328 resonat
1682 4263 1827 4326 melodia:

1057 4363 1104 4422 sic
1139 4377 1181 4422 ex
1207 4362 1444 4438 conjunctione
1472 4363 1641 4438 corporis,
1672 4367 1705 4424 et
1727 4361 1829 4422 anina

1057 4459 1202 4518 maxima
1213 4457 1610 4534 percipieturdelectatio.
1623 4457 1828 4534 incorruptio;

1056 4556 1132 4632 quia
1163 4562 1243 4617 tunc
1270 4555 1334 4617 erit
1358 4555 1480 4616 mulier
1507 4557 1629 4617 amicta
1655 4557 1733 4618 sole.
1753 4554 1829 4615 Sicut

1056 4653 1143 4713 enim
1160 4652 1281 4713 solaris
1304 4653 1418 4712 radius
1445 4652 1473 4712 si
1489 4654 1705 4729 percutiatur,
1723 4655 1754 4713 et
1767 4652 1828 4711 tun·

1056 4749 1163 4818 datur,
1190 4764 1258 4810 uon
1287 4749 1430 4820 laeditur,
1458 4750 1512 4809 vel
1538 4751 1766 4827 corrumpitur,
1788 4746 1827 4805 sic

1054 4862 1116 4907 nec
1144 4862 1263 4922 corpus
1295 4841 1518 4921 glorificatum
1551 4846 1620 4908 ullo
1649 4847 1741 4908 modo
1763 4858 1826 4905 cor·

1053 4943 1164 5020 rumpi
1192 4943 1332 5019 poterit.
1361 4942 1555 5018 Fortitudo,
1580 4944 1660 5020 quia
1689 4938 1826 5004 nihileis

1054 5042 1175 5117 poterit
1205 5041 1374 5102 resistere.
1408 5041 1658 5117 Immortalitas;
1690 5040 1768 5101 uude
1799 5036 1826 5095 el

1055 5154 1143 5198 mors
1159 5154 1225 5198 non
1239 5138 1306 5199 erit
1321 5138 1419 5199 ultra.

1090 5322 1131 5395 (5)
1147 5322 1308 5381 Secundum
1324 5322 1409 5379 allam
1422 5322 1556 5391 litteram,
1569 5330 1625 5381 etc.
1641 5325 1665 5380 h
1730 5321 1754 5378 S.
1768 5317 1820 5375 llic·

1054 5409 1214 5523 rongmum,
1231 5394 1423 5451 commentar.
1439 5393 1469 5450 in
1483 5394 1627 5451 &almum
1679 5437 1686 5451 .

1089 5467 1098 5535 (
1120 5470 1128 5533 l
1145 5464 1218 5523 Psal.
1232 5464 1277 5534 56,
1293 5464 1321 5521 9.
