3950 6200
45 499 99 562 805

45 657 112 718 dem
136 653 254 715 faciem
276 652 403 715 habeut
425 656 503 715 aute
529 670 576 726 εθ,
606 654 685 732 quia
705 654 828 725 vident,

46 753 114 831 quid
132 753 268 824 iaciant,
290 754 324 812 et
345 751 480 828 propter
504 752 601 828 quid3
629 752 718 812 unde
745 755 829 812 Eze-

47 849 157 910 chielis
173 847 286 926 (1,12)
308 870 316 907 ε
338 865 356 907 «
370 849 634 924 Unumquodque
648 863 761 909 coram
780 848 832 907 ta-

43 947 89 1007 cie
113 962 174 1006 sua
200 944 436 1005 ambulabat.»
461 945 541 1006 Mali
570 948 681 1006 autem
707 946 832 1006 habent

44 1046 232 1111 retrorsum,
261 1042 340 1118 quia
365 1057 431 1102 non
453 1042 668 1104 considerant
686 1043 763 1119 quid
781 1043 795 1103 l
813 1074 832 1087 -

45 1143 141 1214 ciant;
166 1139 257 1200 unde
268 1140 427 1201 ieremias
444 1139 488 1217 (7,
502 1139 555 1217 24)
572 1140 830 1201 εθΑῖίθειιηῖὶη

45 1237 265 1299 voluntatibus
278 1236 359 1308 suis,
372 1241 404 1298 et
419 1236 498 1298 lacti
513 1240 591 1299 sunt
602 1239 795 1299 retrorsum.
812 1254 831 1296 a

45 1338 76 1396 Et
87 1335 166 1396 illud
183 1334 283 1395 valde
297 1334 448 1396 terribile
463 1337 553 1397 esset
576 1335 617 1395 ad
638 1332 829 1408 videndum,

43 1433 120 1510 quod
135 1433 260 1493 taciem
272 1448 367 1493 suam
380 1432 519 1494 haberet
529 1433 604 1510 quis
619 1433 660 1494 ad
676 1430 828 1505 dorsum;

44 1532 116 1593 tales
141 1530 312 1608 siquidem
334 1531 414 1591 sunt
436 1530 528 1591 mali.
559 1535 715 1608 Arpetone
737 1545 828 1606 erge,

43 1630 114 1691 dicit
126 1629 304 1699 Dominus,
319 1628 406 1689 idest
419 1629 575 1689 inducam
597 1630 638 1690 ad
663 1629 829 1704 redargu·

43 1728 166 1788 tionem.
195 1727 351 1788 Jeremiae
375 1725 421 1804 (3,
435 1729 475 1787 23
489 1728 522 1788 et
534 1726 588 1804 25)
604 1748 611 1786 ε
635 1729 722 1788 Vere
736 1742 832 1787 men·

43 1824 128 1888 daces
153 1826 256 1885 erant
279 1824 408 1885 colles:
434 1839 514 1886 rere
542 1825 575 1884 in
599 1825 738 1886 Domino
763 1826 830 1886 Deo

43 1924 143 1984 nostro
158 1922 257 1982 salus
277 1922 394 1983 israel.
411 1923 620 1983 Dormtemus
646 1922 680 1982 in
707 1920 787 1983 conf
811 1955 830 1968 -

45 2020 124 2080 sione
136 2020 268 2089 nostra,
286 2024 320 2081 et
332 2020 461 2096 operiet
474 2036 534 2080 uos
546 2020 731 2096 ignominia
746 2041 755 2080 r
769 2023 831 2081 Do·

45 2118 121 2179 mino
134 2117 364 2196 peccavimus.
382 2121 461 2178 Haec
486 2120 536 2179 θεῖ
559 2118 764 2194 redargutio,
788 2119 829 2179 ad

45 2216 314 2293 quamducuntur
327 2218 530 2292 peccatores,
547 2216 635 2277 uude
654 2217 830 2277 mendaces

45 2313 254 2375 erautcolles.
262 2313 363 2374 Collis
370 2313 601 2375 consideratur
609 2314 828 2375 indesceusu:

46 2409 162 2472 facilius
175 2411 255 2488 quis
269 2410 348 2471 inde
361 2410 496 2482 labitur,
512 2427 611 2487 quam
628 2411 664 2471 in
675 2424 827 2473 ascensu.

47 2510 111 2569 llaec
135 2509 187 2570 θεῖ
217 2509 413 2584 temporalis
425 2508 581 2580 felicitas,
596 2524 670 2586 quae
685 2509 746 2570 sub
762 2510 829 2569 hu·
868 2520 876 2537 ’

47 2606 171 2668 militate
196 2605 445 2667 consideranda
460 2608 522 2671 est,
539 2621 639 2682 aqua
652 2607 752 2668 citius
766 2622 828 2683 po·

47 2704 97 2764 test
107 2703 184 2776 labi,
198 2719 301 2780 quarn
317 2703 417 2764 altius
428 2704 610 2765 ascendere
623 2704 663 2765 ad
672 2708 828 2765 montem.

48 2799 213 2863 lleudaces
232 2815 313 2876 ergo
329 2802 408 2862 sunt
421 2801 505 2863 tales
519 2801 632 2873 colles,
648 2803 704 2878 qui
721 2803 830 2877 potius

49 2897 160 2959 minam
175 2900 377 2975 operantur,
391 2913 490 2975 quam
505 2899 664 2960 virtutum
684 2900 831 2961 emiuen-

47 2994 111 3055 tiam
127 2996 332 3072 largiantur.
345 2996 438 3057 Unde
457 2997 540 3072 ipsis
555 2997 702 3058 dimissis
717 2998 831 3058 trans·

46 3092 172 3155 eundum
187 3096 245 3156 est
262 3093 304 3155 ad
326 3095 472 3156 montem
491 3094 636 3167 unicum,
648 3095 683 3156 in
699 3112 764 3173 quo
779 3097 830 3157 θεῖ

48 3191 163 3265 veritas,
177 3193 219 3254 et
229 3192 413 3253 eminentia
431 3192 601 3265 salutaris,
624 3192 665 3254 de
680 3210 744 3270 quo
760 3195 828 3253 Mi·

46 3286 139 3349 cbaeas
154 3288 203 3368 (4,
224 3288 257 3367 1)
275 3306 283 3348 :
305 3292 340 3350 ln
358 3289 549 3349 norissimIs
562 3289 683 3351 diebus
700 3288 750 3368 (1)
765 3291 831 3352 erit

48 3398 123 3446 mons
137 3386 261 3448 domus
277 3386 409 3447 Domini
422 3389 630 3463 praeparatus
648 3387 683 3447 iu
702 3388 829 3448 vertice

46 3484 205 3556 montium,
226 3487 260 3545 et
272 3482 424 3544 sublimis
440 3500 541 3560 super
553 3484 666 3545 colles.
685 3486 830 3546 Promit-

46 3577 112 3640 titur
124 3595 303 3652 ascensus,
327 3583 360 3641 et
380 3583 492 3642 tamen
509 3582 729 3658 procliviores
751 3584 830 3643 sunt

45 3675 77 3734 ad
90 3677 303 3749 descensum,
319 3679 476 3755 quoniam
489 3694 586 3740 omne
599 3680 828 3756 'ponderosum

47 3773 136 3837 tendit
156 3775 199 3837 ad
232 3776 442 3837 descensum.
470 3777 647 3838 Multitudo
668 3778 828 3838 montium

46 3873 172 3934 mendax
179 3875 248 3942 est,
262 3889 329 3933 non
339 3873 396 3934 ille
409 3889 514 3945 mons,
525 3874 566 3935 de
580 3891 644 3951 quo
653 3875 826 3937 Michaeas:

47 3965 133 4031 hdie
148 3971 212 4032 illa
229 3971 296 4031 erit
310 3985 405 4032 mous
417 3972 453 4032 iu
465 3972 591 4033 vertice
606 3973 779 4033 montium.
792 3976 828 4034 In

45 4068 196 4130 montibus
224 4068 421 4144 temporalis
436 4068 649 4130 abundantiae
665 4071 717 4131 est
736 4086 830 4132 men·

45 4157 174 4239 decium
192 4165 257 4226 sed
271 4165 308 4226 iu
319 4165 378 4226 illo
390 4169 513 4238 moute,
528 4181 628 4242 super
640 4183 736 4242 quem
748 4168 828 4228 tun·

76 4263 105 4321 ta
120 4265 171 4324 est
186 4262 354 4332 Ecclesia,
371 4263 507 4324 veritas.
517 4262 566 4323 Ad
580 4263 668 4323 hunc
683 4269 828 4326 montem

91 4358 159 4421 'uut
181 4361 394 4437 peccatores,
418 4360 552 4436 quando
576 4364 826 4433 convertuntur,

103 4459 174 4518 ntes
200 4479 209 4517 z
231 4474 249 4516 c
265 4458 474 4518 Dormiemus
490 4458 524 4517 in
537 4457 733 4519 contusione
744 4474 826 4520 nos-

83 4555 241 4631 ,operiet
255 4570 316 4616 nos
332 4554 534 4630 ignominia:
552 4556 692 4616 Domino
709 4573 828 4632 pecca*

97 4667 144 4711 us.
160 4669 180 4712 »

298 4847 441 4910 SERMO
463 4849 560 4910 XCII.

63 4991 101 5052 De
118 5012 231 5070 magua
256 4997 452 5055 misericordia
480 4998 542 5066 Dei,
564 4998 593 5054 in
613 5013 670 5070 quo
688 4998 791 5057 dieitur

370 5099 488 5159 magna.

94 5225 198 5273 erere
220 5214 304 5284 met,
326 5215 430 5285 Deus,
452 5215 642 5273 acciendum
660 5228 825 5289 mapulam

79 5311 349 5370 asenam-dmm
375 5310 484 5382 tuom,
500 5310 562 5371 etc.
588 5308 692 5388 (Psal.
710 5313 760 5381 50,
777 5310 824 5389 3.)

98 5447 185 5508 agna
214 5433 268 5493 θεῖ
292 5431 352 5493 Dei
374 5432 617 5504 misericordia,
645 5435 678 5494 et
704 5434 736 5493 in
762 5434 825 5494 hoc

97 5530 216 5591 uditur
244 5542 377 5605 magna,
404 5530 483 5606 quia
519 5533 568 5592 tot
604 5530 824 5592 exacerbatus

100 5627 172 5699 riis,
217 5626 311 5688 tenet
331 5625 561 5689 fortitudinem
589 5643 684 5689 suam
710 5630 825 5690 contra

91 5755 219 5823 >versio
232 5755 329 5814 Groco
340 5758 434 5823 hrt,
445 5756 547 5832 vulg:
562 5759 758 5817 innovissimo
770 5759 827 5817 die·

421 495 529 557 PARS
556 495 701 556 PRIMA.
717 524 758 539 -
778 492 997 555 expositio
1025 494 1070 553 IN
1097 494 1296 555 PSALMOS.

1619 496 1680 557 806

885 650 1099 730 peccatores;
1116 652 1204 713 unde
1218 652 1324 713 isaias
1336 651 1405 731 (27,
1422 656 1440 714 4
1453 656 1486 716 et
1499 650 1533 731 5)
1551 675 1558 714 :
1573 652 1679 727 «Quis

886 765 938 809 me
952 746 1045 811 dabit
1058 750 1200 826 spinam,
1216 752 1250 811 θῖ
1263 752 1420 827 vepremt
1432 752 1466 811 iu
1478 752 1595 827 praelio
1605 767 1679 827 gra-

885 847 960 907 diar
973 860 1076 923 super
1097 850 1194 907 eamt
1211 848 1409 909 succendam
1438 864 1512 909 eam
1536 850 1680 926 pariterl

885 948 935 1004 Au
961 944 1080 1005 tenebo
1101 942 1150 1022 (2)
1165 944 1393 1006 fortitudinem
1407 948 1532 1007 meami
1546 948 1678 1019 »Quasi

885 1041 975 1101 dicat
987 1040 1088 1113 Deus,
1104 1042 1244 1118 loquens
1257 1042 1298 1104 de
1310 1043 1410 1104 vinea
1426 1060 1511 1104 sua:
1532 1045 1611 1116 Quis
1626 1061 1679 1106 me

885 1139 1012 1211 mitem,
1029 1141 1062 1201 et
1075 1140 1298 1214 mansuetum,
1312 1140 1346 1202 et
1367 1140 1489 1215 lenem,
1505 1142 1597 1204 dabit
1608 1143 1680 1219 spi-

886 1251 974 1308 nam,
992 1239 1182 1313 etreprem‚
1207 1237 1294 1299 idest
1312 1238 1444 1306 durum,
1470 1241 1504 1300 et
1525 1254 1680 1316 asperum

886 1336 1003 1394 contra
1017 1335 1150 1395 vineam
1167 1336 1293 1395 meamt
1320 1338 1356 1395 ln
1380 1336 1496 1412 praelio
1514 1337 1679 1413 siquidem

885 1431 1022 1506 gradiar
1050 1446 1151 1508 super
1174 1434 1271 1493 eaml
1294 1432 1493 1494 succendam
1517 1449 1591 1495 eam
1620 1451 1681 1511 pa·

885 1529 1104 1601 ritertQuasi
1130 1530 1239 1591 dicat:
1269 1531 1519 1606 Exterminabo,
1542 1532 1575 1593 et
1594 1548 1680 1593 con*

886 1626 1026 1688 culcabo
1037 1628 1172 1689 vineam
1194 1630 1325 1689 meamt
1339 1633 1389 1690 An
1405 1629 1527 1690 tenebo
1543 1620 1680 1693 lortit'u*

885 1724 997 1786 dinem
1026 1741 1146 1798 meam,
1175 1742 1217 1787 ne
1250 1727 1349 1788 toties
1376 1727 1596 1789 exacerbatus
1623 1744 1680 1790 eos

885 1821 1035 1883 deleamt
1055 1826 1138 1884 Osee
1163 1823 1227 1901 (11,
1239 1823 1273 1902 8)
1294 1840 1337 1884 :c
1362 1826 1532 1896 Quomodo
1547 1825 1633 1887 dabo
1647 1829 1681 1888 te

885 1920 1055 1997 Ephraim,
1068 1924 1237 1998 protegam
1251 1924 1292 1994 te,
1310 1923 1436 1984 Israeli
1451 1924 1513 1984 hoc
1526 1926 1587 1995 est,
1604 1939 1684 2001 quo·

885 2018 983 2080 modo
996 2021 1030 2081 te
1040 2020 1132 2080 vitiis
1147 2021 1329 2097 expurgari
1346 2022 1533 2096 permittam
1545 2024 1681 2093 lcQuo-

885 2116 983 2177 modo
999 2116 1127 2179 dabote
1147 2119 1234 2180 sicut
1245 2117 1382 2186 Adana,
1398 2134 1518 2195 ponam
1533 2120 1566 2181 te
1578 2122 1613 2180 ut
1626 2122 1682 2180 Se·

885 2213 993 2274 boimi
1020 2230 1039 2274 a
1071 2214 1209 2288 adama,
1235 2217 1269 2276 et
1295 2216 1429 2276 seboim
1467 2217 1603 2277 luerunt
1640 2216 1682 2278 de

886 2311 1033 2387 quinque
1061 2311 1251 2373 ciuitatibus
1278 2312 1470 2384 submersis,
1497 2316 1530 2375 et
1553 2314 1681 2375 Adama

888 2410 1128 2485 interpretatur
1154 2413 1306 2483 terreua3
1333 2412 1429 2487 quasi
1459 2411 1566 2472 dicat:
1590 2414 1681 2483 Quo·

886 2507 985 2568 modo
1010 2509 1179 2583 protegam
1203 2510 1248 2579 te,
1275 2524 1349 2584 quae
1371 2510 1505 2569 terrena
1520 2524 1556 2570 es
1571 2522 1628 2586 pro
1642 2526 1682 2571 eo

885 2603 975 2679 quod
1001 2603 1114 2679 diligis
1128 2606 1283 2665 terranei
1299 2604 1430 2665 seboim
1446 2605 1684 2682 interpretatur

887 2701 989 2762 statio
1013 2704 1097 2778 eJus,
1120 2700 1173 2762 vel
1188 2701 1475 2764 vicissitudinaria
1499 2706 1684 2765 tormento-

886 2813 961 2858 rum
985 2799 1171 2860 succensio.
1193 2800 1300 2861 StatIo
1320 2800 1399 2861 talis
1412 2794 1497 2861 nihil
1512 2800 1603 2862 aliud
1619 2802 1680 2874 θεῖ,

885 2910 985 2971 quam
1010 2895 1193 2970 stabilitas3
1223 2897 1322 2973 quasi
1337 2897 1427 2958 dicat
1441 2898 1612 2970 Dominus,
1626 2899 1678 2960 lo-

884 3008 992 3069 quens
1014 2993 1138 3054 affectu
1170 2995 1402 3071 compatientis
1424 3016 1432 3055 ε
1460 2997 1629 3067 Quomodo
1648 2998 1681 3059 te

885 3090 1127 3164 condemnabo,
1142 3091 1242 3153 vinea
1265 3094 1358 3154 meat
1379 3093 1544 3155 aestatim
1566 3095 1681 3171 sequi·

884 3192 940 3250 tur
955 3211 962 3249 :
977 3206 996 3248 c
1011 3192 1214 3250 Conversum
1222 3191 1314 3251 estin
1330 3206 1382 3251 me
1393 3206 1568 3252 cormeum
1581 3191 1679 3269 (Οεθθ

885 3289 934 3358 11,
950 3286 984 3365 8)
1001 3303 1009 3359 ;
1026 3303 1044 3346 »
1063 3287 1160 3363 quasi
1183 3287 1272 3349 dicat
1295 3309 1303 3347 z
1334 3288 1548 3349 immitterem
1575 3287 1680 3351 ultio-

884 3399 971 3453 nem,
996 3385 1024 3445 si
1037 3397 1104 3445 non
1125 3385 1305 3445 misererer
1325 3385 1453 3461 ipsius:
1470 3385 1614 3447 Turbata
1631 3385 1679 3466 (3)

884 3486 978 3547 estin
994 3502 1046 3546 me
1060 3485 1229 3562 poenitudo
1239 3501 1312 3547 mea
1322 3508 1329 3560 ;
1340 3502 1379 3547 ac
1390 3486 1418 3546 si
1430 3486 1555 3550 diceret
1568 3491 1675 3549 Deus:

885 3582 1015 3645 Duritia
1032 3583 1183 3660 quadam
1199 3586 1297 3655 esset,
1315 3584 1343 3643 si
1359 3584 1490 3644 vineam
1507 3597 1614 3645 meam
1625 3586 1679 3647 de·

884 3681 999 3752 ierem,
1013 3680 1041 3741 si
1052 3681 1085 3740 ei
1098 3679 1360 3742 misericorditer
1368 3697 1433 3742 non
1446 3681 1675 3744 subvenirem:

884 3795 972 3840 nunc
986 3777 1121 3839 turbata
1136 3778 1186 3839 est
1205 3778 1374 3855 poenitudo
1391 3794 1476 3851 mea,
1498 3780 1585 3841 idest
1603 3782 1677 3841 vis·
1799 3780 1809 3812 ‘

884 3888 962 3935 cera
981 3888 1055 3933 mea
1071 3872 1140 3948 pati
1156 3888 1221 3933 non
1249 3873 1389 3949 possunt
1408 3873 1493 3950 quod
1514 3874 1675 3938 deleatur.

925 3970 1113 4047 Sequitur:
1142 3971 1189 4031 at
1208 3974 1397 4032 secondom
1422 3973 1678 4035 neultitudiuem

883 4069 1151 4130 miserationum
1170 4069 1324 4129 tuorum.
1342 4068 1519 4131 Multitudo
1532 4071 1677 4131 misera·

883 4166 1011 4226 tionum
1030 4164 1065 4224 in
1088 4163 1151 4225 hoc
1175 4164 1369 4237 attenditur,
1393 4166 1478 4242 quod
1493 4167 1563 4242 ipse
1578 4182 1678 4228 revo-

883 4264 938 4323 cat
951 4262 1144 4337 fugientem,
1167 4264 1201 4322 et
1222 4263 1292 4338 ipse
1308 4262 1427 4338 recipit
1440 4265 1673 4335 revertentem,

882 4361 916 4421 et
939 4358 1025 4435 quod
1054 4359 1127 4434 ipse
1148 4374 1208 4434 pro
1227 4358 1322 4419 nobis
1346 4358 1519 4430 satisfecit,
1536 4361 1569 4421 θῖ
1588 4361 1673 4436 quod

883 4456 1142 4532 chirographum
1170 4455 1307 4529 decreti,
1324 4456 1410 4532 quod
1432 4455 1592 4518 adversus
1614 4474 1676 4519 nos

882 4557 964 4625 erat,
990 4553 1127 4629 proprio
1163 4552 1326 4628 sanguine
1360 4552 1493 4615 delerit.
1529 4557 1675 4619 Revocat

882 4651 1083 4727 fugientem
1101 4647 1187 4709 unde
1201 4649 1236 4709 in
1252 4649 1397 4710 Canticis
1411 4649 1455 4730 (6,
1473 4650 1525 4729 12)
1543 4674 1550 4712 ε
1576 4655 1676 4715 «Re-

881 4750 1023 4819 vertere,
1038 4747 1218 4818 revertere,
1232 4746 1415 4821 sulamitis,
1433 4751 1468 4811 ut
1483 4751 1673 4813 intueamur
1721 4777 1725 4784 ·

879 4849 958 4908 te.»
985 4841 1159 4906 SulamItIs
1186 4844 1427 4922 interpretatur
1458 4847 1592 4919 misera,
1618 4850 1671 4909 vel

834 4977 838 4998 .
880 4944 1025 5020 captiva,
1052 4942 1271 5014 mortificans,
1297 4943 1349 5004 vel
1367 4943 1576 5004 mortificata.
1593 4947 1673 5006 Haec

879 5044 931 5103 est
952 5043 1099 5101 humana
1122 5039 1301 5116 fragilitas,
1315 5055 1388 5117 quae
1410 5040 1608 5102 mortificata
1620 5046 1674 5126 est

881 5155 940 5216 per
967 5139 1201 5200 necessitatem
1229 5136 1403 5198 moriendi.
1437 5138 1563 5214 Corpus
1585 5139 1674 5200 enim

880 5238 1031 5298 nostrum
1065 5235 1201 5312 propter
1232 5236 1403 5310 paccatum
1436 5234 1670 5297 mortificatum

879 5337 940 5396 θεῖ.
953 5334 1073 5395 Anima
1084 5332 1135 5392 cst
1149 5331 1353 5392 mortificans
1367 5331 1511 5407 seipsam
1527 5347 1588 5409 per
1597 5349 1672 5408 pec·

880 5432 989 5493 catum
1004 5427 1173 5505 proprium
1190 5447 1198 5487 e
1222 5427 1345 5487 mIsera
1360 5429 1412 5489 est
1425 5430 1561 5505 propter
1575 5431 1672 5492 mise-

879 5529 965 5590 riam
979 5528 1058 5590 vitae
1068 5525 1246 5602 praesentis
1263 5525 1451 5602 :captivata
1466 5542 1526 5605 per
1539 5543 1674 5607 sugges·

879 5627 1004 5689 tionem
1017 5622 1153 5685 diaboli.
1400 5645 1403 5652 ⁴

916 5757 958 5827 (a)
977 5751 1064 5827 vulg.
1083 5752 1223 5810 :tenebit

918 5827 959 5903 (3)
979 5825 1065 5898 Vulg.
1084 5840 1090 5880 :
1108 5823 1288 5884 conturbata.
