3950 6200
291 329 352 390 583
410 397 424 420 .
711 330 744 392 S.
771 330 947 392 ANTONll
975 331 1163 394 PADUANI
1195 334 1333 397 opliba
1361 334 1508 397 OMNIA.
1837 341 1882 406 tu

291 486 354 550 bns
370 488 486 550 contra
501 498 614 563 regern
633 486 743 560 Moab,
759 491 797 552 nt
809 488 1084 568 babeturqnarto
1140 491 1307 554 daemonas
1330 493 1445 557 dicunt
1464 515 1472 555 ε
1494 507 1587 556 nuato
1597 499 1883 572 perpecdproedou

173 619 179 630 ·
291 587 430 662 Regum,
447 584 518 660 regi
538 584 694 648 videlicet
712 586 825 659 Edem,
846 586 918 663 regi
938 587 1036 658 duda,
1052 588 1086 649 et
1140 592 1250 652 Moab.
1286 593 1356 652 Hoc
1380 591 1541 668 estquod
1570 590 1766 656 dicitnrlob
1790 593 1881 675 (3,t):

290 683 362 758 regi
383 681 499 743 lsrael.
524 684 590 744 Per
611 685 681 745 tres
695 698 793 759 reges
807 685 947 761 quilibet
972 685 1083 758 bomo,
1139 685 1375 750 «maledicant
1392 687 1455 759 illi,
1477 688 1534 764 qni
1553 688 1746 752 maledicunt
1759 690 1824 762 diei,
1841 694 1883 769 qni

290 779 347 857 qni
362 780 397 840 in
411 778 518 841 tribus
533 777 619 841 bene
633 795 669 840 se
684 781 780 856 regit,
796 781 1007 857 intelligitur.
1023 781 1084 853 Qui
1140 785 1248 859 parati
1267 786 1345 846 snnt
1366 784 1531 846 suscitare
1549 785 1735 848 Leviathan
1754 790 1883 860 »Quanto

290 876 379 938 enim
403 875 550 938 membra
575 892 636 938 sua
659 877 706 938 ita
728 878 827 954 regit,
852 879 888 941 ut
910 878 978 941 sint
991 893 1085 941 arma
1139 880 1228 941 enim
1243 880 1365 959 aliquis
1379 880 1422 942 ad
1435 880 1883 960 bonnmproperattantoenn

285 973 426 1052 justitiae
441 973 477 1036 iu
490 973 642 1046 salntem,
658 990 720 1038 rex
732 976 783 1037 est
802 975 916 1037 Edom.
940 976 1003 1051 Qui
1022 990 1085 1037 an·
1139 976 1291 1039 diabolus
1304 994 1453 1056 pugnare
1463 995 1531 1041 non
1547 984 1666 1042 cessat

288 1075 355 1134 tem
370 1070 564 1134 interiorem
586 1074 713 1149 partem
727 1072 881 1145 rationis,
901 1073 988 1136 idest
1002 1086 1084 1135 san·
1179 1076 1357 1153 Sequitur:
1374 1077 1420 1137 nt
1439 1091 1547 1151 super
1562 1082 1720 1152 pcptdntn
1740 1077 1822 1139 tutan
1839 1081 1881 1140 te·

290 1167 481 1232 unalitatem
496 1169 542 1230 ita
557 1170 655 1244 regit,
673 1170 709 1230 ut
730 1170 897 1247 superiori
912 1171 1082 1241 consonet,
1139 1173 1285 1234 ttedtctto
1298 1174 1370 1235 tua.
1386 1172 1447 1234 illa
1463 1173 1577 1251 ntique
1591 1172 1778 1246 benedictio,
1793 1174 1882 1252 dopna

289 1281 351 1327 rex
372 1268 422 1328 est
442 1269 460 1328 J
464 1265 539 1326 uda.
567 1266 631 1337 Qui
645 1266 852 1343 superiorem
870 1267 918 1330 ita
934 1268 1033 1344 regit,
1049 1268 1085 1328 nt
1138 1270 1386 1332 Deuteronomii
1406 1269 1471 1349 (33,
1490 1268 1542 1349 16)
1556 1287 1565 1331 :
1580 1288 1599 1330 s
1613 1271 1790 1333 Benedictio
1808 1272 1880 1342 illius,

287 1365 442 1425 versetur
465 1362 556 1424 circa
582 1378 634 1435 ea,
660 1379 734 1440 quae
757 1380 891 1425 sursum
911 1366 1000 1437 sunt,
1018 1380 1084 1426 non
1139 1366 1194 1444 qni
1216 1367 1373 1444 apparuit
1394 1367 1429 1428 in
1450 1359 1546 1439 rubo,
1569 1368 1682 1431 veniat
1703 1384 1793 1446 super
1810 1371 1881 1445 capnt

289 1477 363 1539 quae
376 1461 624 1537 superterram,
639 1476 701 1522 rex
725 1461 830 1523 Israel
844 1463 906 1523 est.
924 1460 1085 1537 Huicigi·
1138 1463 1273 1540 loseph,
1295 1465 1329 1526 et
1350 1478 1452 1541 snper
1472 1464 1631 1527 verticem
1652 1465 1825 1527 Nazaraei.»
1838 1464 1881 1535 dni

287 1561 354 1630 tur,
371 1557 428 1634 qui
442 1557 478 1618 in
493 1557 546 1619 his
561 1553 670 1619 tribus
682 1574 719 1619 se
733 1557 818 1619 bene
830 1557 927 1634 regit,
941 1558 1084 1620 salutem
1139 1559 1294 1636 apparuit
1311 1559 1347 1620 in
1368 1559 1453 1620 rubo
1475 1558 1566 1631 dicit,
1588 1573 1655 1620 non
1675 1558 1709 1620 in
1727 1556 1881 1635 angelopti

286 1654 509 1730 taeitiilisens
521 1671 632 1726 verns,
648 1654 778 1717 scilicet
791 1656 942 1718 Christus
967 1657 1084 1717 contra
1138 1656 1293 1733 apparuit
1313 1655 1467 1729 Abrabae,
1491 1658 1526 1718 et
1548 1655 1662 1717 multis
1681 1655 1763 1728 aliis,
1783 1655 1881 1731 propter

288 1768 400 1829 regem
415 1751 524 1826 Moab,
542 1752 626 1815 idest
638 1752 818 1824 diabolum,
837 1752 1019 1815 secundnm
1036 1752 1084 1822 id,
1138 1753 1427 1829 significationem.
1448 1754 1486 1814 In
1506 1753 1715 1830 apparitione
1727 1751 1802 1813 enim
1817 1750 1879 1827 ignis

288 1852 325 1913 nt
351 1849 473 1927 legitur
497 1850 581 1927 qnod
621 1849 707 1912 dixit
739 1849 869 1911 Elisens
892 1871 901 1910 ι
926 1865 946 1909 ‹
970 1850 1084 1912 Facite
1138 1849 1174 1912 in
1196 1849 1280 1911 rubo
1304 1849 1528 1927 significatum
1551 1851 1603 1912 est
1623 1849 1760 1927 qualiter
1779 1862 1879 1909 consa·

290 1948 423 2010 alveum
459 1946 620 2009 torrentis
661 1946 762 2024 hujus
801 1946 909 2008 roseas
944 1948 978 2010 θῖ
1009 1946 1083 2009 ios·
1138 1951 1194 2009 vat
1211 1948 1372 2009 Dominus
1392 1963 1470 2010 suos
1490 1948 1525 2007 iu
1544 1943 1879 2021 tribulationelgnisin

288 2061 371 2107 aas»
393 2043 452 2124 (1).
485 2044 609 2107 Atreus
638 2044 798 2107 torrentis
818 2059 912 2105 mens
933 2044 995 2117 est,
1025 2059 1084 2122 per
1138 2043 1222 2106 rubo
1249 2044 1397 2116 ardebat,
1423 2044 1481 2106 sed
1502 2060 1570 2107 non
1595 2043 1812 2107 comburebat:
1830 2045 1879 2101 erat

289 2158 389 2222 quam
404 2142 497 2220 jugis
514 2143 644 2204 torrens
664 2141 889 2219 lacrymarum
912 2142 1047 2203 emanat
1073 2162 1082 2202 t
1138 2142 1226 2204 enim
1240 2158 1308 2203 non
1327 2140 1369 2204 ad
1390 2143 1688 2222 consumptionem,
1707 2139 1759 2202 sed
1775 2138 1808 2200 ad
1822 2137 1879 2198 illn-

285 2240 345 2311 sed
361 2239 558 2317 quandoque
579 2238 738 2301 deliciunt
761 2254 857 2315 aquae
881 2238 967 2300 ista.
986 2239 1084 2300 dere-
1138 2239 1365 2302 minationem.
1394 2239 1450 2301 Sic
1473 2240 1507 2303 et
1531 2239 1618 2301 viris
1639 2239 1734 2317 justis
1753 2233 1880 2298 bibulalb

287 2337 364 2400 miae
396 2336 462 2416 (31,
492 2334 527 2415 9)
554 2358 562 2397 :
589 2352 609 2396 ι
638 2338 676 2398 Iu
704 2335 784 2397 iletn
809 2334 957 2407 venient,
987 2334 1083 2397 etin
1137 2337 1281 2399 valetud
1302 2336 1569 2409 illuminandum,
1588 2353 1656 2398 nou
1674 2336 1882 2398 adcousnnen·

288 2433 519 2497 misericordia
550 2433 707 2495 reducam
734 2448 792 2495 eos
825 2447 886 2509 per
919 2433 1083 2495 torrentes
1138 2435 1226 2497 dnm.
1242 2433 1432 2497 Benedictio
1454 2434 1526 2496 baec
1545 2439 1599 2496 est
1618 2448 1722 2509 super
1739 2430 1880 2505 apolo-

288 2547 463 2610 aquarnm.
479 2548 498 2591 ε
512 2530 749 2593 Deficientibna
774 2530 884 2600 autem
908 2529 962 2591 bis
986 2530 1083 2607 aquis
1136 2536 1230 2606 seph,
1254 2531 1310 2608 qui
1331 2532 1572 2608 interpretatur
1592 2543 1799 2593 accrescens:
1816 2525 1880 2587 labb

286 2628 443 2693 fodienda
465 2629 517 2691 θεῖ
533 2643 627 2689 meus
641 2626 785 2689 fossorio
802 2625 1035 2699 confessionis,
1051 2628 1084 2689 θῖ
1138 2629 1226 2690 enim
1246 2628 1299 2690 vir
1318 2630 1429 2706 Justns
1450 2629 1486 2689 in
1505 2628 1696 2698 virtutibus,
1720 2628 1750 2687 et
1766 2625 1794 2685 in
1810 2621 1877 2682 bonis

288 2725 442 2789 iacienda
457 2727 509 2787 est
522 2724 625 2796 fossa,
636 2725 811 2794 utiterum,
826 2726 859 2787 et
873 2725 996 2786 lterum
1007 2740 1083 2786 con·
1136 2725 1293 2804 operibus
1314 2726 1559 2802 augmentatur,
1587 2726 1708 2803 quanto
1730 2719 1818 2797 tnagis
1834 2714 1878 2778 iri·

287 2824 452 2895 timemur,
468 2837 511 2884 ne
525 2822 604 2899 qnid
618 2823 791 2883 remaneat
798 2820 838 2884 de
848 2820 1003 2886 sordibus
1013 2823 1084 2884 ter·
1137 2822 1287 2899 bulatur3
1304 2823 1461 2901 qnoniam
1470 2823 1569 2899 juxta
1584 2821 1785 2900 Apostolumz
1797 2817 1879 2878 bne

287 2936 457 2983 renornm.
1136 2922 1218 2984 mtto
1230 2917 1878 2997 patientiamoperaturpctantnum.

331 3021 402 3079 Hoc
424 3016 580 3094 estquod
603 3015 1083 3096 dicitieremias(l‚3):No·
1135 3032 1214 3093 spes
1239 3018 1356 3079 cutem
1388 3031 1458 3078 oon
1492 3018 1672 3090 conpendii
1695 3012 1750 3093 (3),
1778 3011 1830 3070 imo
1853 3004 1880 3064 dt

291 3117 372 3179 octe
393 3117 488 3178 vobis
512 3120 645 3186 nonme,
663 3116 698 3177 et
719 3115 824 3178 nolae
842 3129 963 3178 serere
976 3129 1084 3189 anper
1137 3115 1274 3194 praemio
1300 3131 1455 3177 securum
1479 3113 1570 3177 iacit.
1599 3112 1803 3191 angmentum
1820 3099 1879 3166 istud

286 3217 418 3290 aptans.
434 3214 563 3275 Novate
578 3212 697 3275 novale
711 3211 807 3273 vobis
822 3228 882 3289 per
893 3211 1082 3274 contessio—
1136 3212 1270 3274 notatur
1284 3211 1431 3273 secunda
1452 3209 1544 3272 Petri
1565 3210 1603 3271 in
1627 3207 1779 3288 principio
1789 3220 1822 3263 :‹
1837 3198 1880 3259 ili-

288 3328 377 3383 nem,
392 3312 503 3372 sentes
518 3310 730 3387 peccatorum
745 3311 952 3371 amoventes.
964 3311 1004 3373 Et
1020 3324 1084 3373 no·
1137 3309 1276 3372 nistrate
1297 3308 1333 3370 in
1352 3307 1418 3369 tide
1437 3308 1547 3370 vestra
1569 3306 1735 3376 virtutem,
1752 3303 1782 3364 in
1794 3294 1878 3360 liant

159 3448 168 3457 -
287 3409 348 3472 lite
359 3423 472 3471 serere
495 3406 583 3469 bona
606 3421 709 3484 opera
731 3421 833 3484 snper
847 3406 962 3484 spinas
981 3406 1083 3468 vitio·
1137 3408 1246 3468 antem
1266 3405 1451 3477 scientiam,
1475 3405 1511 3465 in
1534 3404 1678 3466 scientia
1698 3402 1793 3464 aulem
1805 3391 1878 3455 absti-

288 3505 469 3583 romania
494 3520 560 3567 non
582 3503 835 3576 fructificarent,
856 3503 915 3566 sed
936 3503 1085 3566 suffoca-
1136 3504 1296 3575 nentium,
1317 3503 1353 3563 iu
1372 3501 1575 3565 abstinentia
1592 3503 1703 3563 autem
1720 3490 1877 3576 pauentum,

288 3607 404 3667 rentur
418 3603 459 3666 ab
474 3603 535 3664 eis.
547 3603 587 3664 Et
598 3600 835 3664 attendendum
852 3603 904 3664 est
919 3600 1007 3680 qnod
1029 3615 1085 3661 se-
1137 3602 1172 3661 in
1199 3600 1361 3678 patientia
1390 3601 1500 3662 autem
1531 3598 1700 3675 pietatem,
1733 3595 1763 3654 in
1793 3584 1878 3689 pietate

289 3701 402 3779 quitur
417 3700 452 3761 in
466 3699 582 3761 eodem
597 3699 706 3775 capite
720 3700 860 3774 Regum,
879 3698 965 3776 qnod
983 3698 1083 3758 Moa—
1137 3714 1284 3760 amorem
1308 3695 1541 3768 fraternitatis,
1571 3696 1610 3757 in
1635 3709 1743 3757 amore
1764 3687 1879 3751 stabnt-

289 3797 367 3860 bitae
381 3815 400 3857 s
415 3797 522 3874 primo
542 3811 640 3857 mane
654 3796 829 3871 surgentes
844 3796 918 3857 orto
928 3797 999 3872 jam
1011 3793 1084 3855 sole
1136 3797 1217 3860 tatis
1241 3794 1416 3857 caritatem
1431 3791 1492 3872 (4).
1508 3810 1528 3852 »
1546 3795 1634 3857 Ecce
1653 3790 1777 3867 gradus
1796 3778 1878 3860 qubus

289 3895 485 3956 exadverso
499 3907 662 3970 aquarum
675 3892 833 3955 viderunt
844 3906 947 3969 aquas
958 3889 1081 3953 rubens
1137 3892 1298 3966 ascendit,
1323 3894 1357 3955 θῖ
1380 3891 1512 3969 proiicit
1533 3891 1590 3952 tir
1606 3891 1725 3968 justus.
1748 3879 1876 3960 SetlilW

290 3991 385 4071 qnasi
400 3989 609 4066 sangninem,
624 3990 657 4050 et
668 3988 826 4050 dixerunt
842 3987 1086 4064 :sanguisgla-
1137 3993 1177 4053 Et
1200 4004 1301 4066 super
1321 3989 1481 4050 verticem
1499 3988 1665 4058 Nazaraei,
1688 3985 1740 4063 qni
1757 3981 1878 4050 inerit*

290 4089 338 4151 dii
359 4089 431 4150 estc
450 4087 685 4164 pugnaverunt
707 4100 804 4162 regas
827 4085 944 4146 contra
971 4099 1019 4154 se,
1051 4085 1085 4145 et
1138 4088 1228 4150 tatur
1242 4085 1391 4149 floridus.
1414 4088 1521 4161 Super
1540 4085 1631 4147 enim
1647 4084 1717 4155 bos,
1731 4077 1780 4158 qni
1795 4065 1879 4136 icant

289 4186 370 4250 caesi
393 4185 473 4246 sunt
498 4185 612 4244 mutuo
628 4203 637 4242 ε
653 4197 742 4244 nuno
756 4196 857 4258 perge
877 4178 919 4243 ad
935 4178 1083 4258 praedam
1137 4183 1328 4252 virtutibus,
1344 4184 1377 4244 et
1389 4181 1486 4244 bonis
1500 4181 1671 4258 operibus,
1687 4165 1879 4241 descendilbe

289 4283 389 4346 Moab
403 4281 463 4361 (2).
479 4284 582 4357 aqua
596 4277 709 4341 rnbeae
732 4277 828 4355 qnasi
842 4276 991 4354 sanguis,
1007 4277 1085 4338 sunt
1138 4279 1283 4343 nedictio
1308 4278 1379 4349 Dei.
1406 4276 1448 4340 de
1474 4278 1597 4355 onibus
1624 4276 1774 4340 babemus
1800 4260 1884 4328 accle-

289 4381 458 4458 lacrymae,
481 4393 556 4455 quae
570 4374 800 4452 snntsangnis
814 4374 936 4436 anime
961 4373 998 4434 in
1012 4388 1086 4450 poe-
1139 4376 1269 4441 siastioi
1292 4374 1358 4456 (39,
1387 4376 1425 4437 18
1450 4375 1485 4437 θῖ
1512 4373 1591 4454 19);
1617 4391 1639 4436 ‹
1662 4370 1755 4446 Quasi
1776 4363 1881 4428 1111113

290 4477 429 4547 nitente,
440 4491 515 4552 quaa
528 4474 600 4535 orto
615 4473 686 4536 sole
700 4472 820 4548 gratiae
828 4472 864 4533 in
879 4470 1015 4533 bomine
1029 4485 1086 4548 ap-
1139 4476 1274 4539 odorem
1298 4471 1474 4555 suavitatis
1497 4470 1619 4535 habete
1644 4493 1653 4533 ς
1685 4466 1787 4533 florete
1810 4457 1883 4560 dotet

292 4574 420 4651 parent,
448 4573 482 4634 et
499 4569 683 4647 procedunt
707 4584 750 4633 ex
771 4569 847 4643 boc,
871 4567 958 4646 qnod
985 4582 1085 4644 reges
1140 4571 1236 4650 qnasi
1249 4570 1368 4641 lilium,
1385 4571 1418 4631 et
1432 4568 1508 4633 date
1522 4568 1670 4640 odorem,
1685 4569 1717 4629 et
1729 4555 1846 4625 pendete

293 4670 442 4749 pugnant
469 4668 585 4729 eontra
611 4682 659 4738 εθ,
683 4668 718 4728 et
740 4667 853 4728 mutuo
880 4679 917 4727 se
939 4664 1083 4727 caedunt.
1139 4668 1326 4745 gratiam.»
1350 4669 1455 4755 ducat
1480 4669 1633 4729 Libanus
1655 4645 1867 4728 odoremwl‘

293 4767 424 4843 Pugnat
438 4765 527 4827 enlm
538 4763 680 4825 interior
692 4777 769 4840 pars
784 4761 926 4824 rationis
940 4776 1016 4823 cnm
1028 4776 1087 4822 sn·
1140 4768 1224 4828 tatis
1236 4765 1355 4827 bobeta
1374 4778 1435 4839 per
1452 4762 1661 4825 orationem:
1685 4755 1791 4833 florete
1862 4837 1867 4847 .

294 4865 437 4944 periore,
454 4865 490 4923 nt
504 4876 579 4922 eam
592 4858 759 4937 subiiciat.
781 4860 913 4934 Pugnat
932 4857 1087 4936 superior
1140 4863 1301 4925 bonorum
1328 4874 1477 4936 opernm
1503 4861 1536 4922 et
1558 4859 1741 4922 virtutum:
1761 4843 1838 4926 dudd

293 4979 368 5031 cum
383 4959 555 5030 interiore,
571 4958 608 5019 ut
618 4972 693 5019 eam
706 4955 842 5019 obedire
853 4954 969 5029 iaciat;
986 4953 1088 5017 etbu·
1140 4964 1224 5022 itum
1247 4973 1307 5035 por
1329 4956 1516 5020 castitatem
1539 4972 1547 5017 :
1571 4955 1653 5018 aare
1675 4955 1797 5016 oaorem
1813 4940 1865 5038 bon

292 5058 449 5138 jusmodi.
463 5058 513 5117 Ex
523 5055 588 5117 hoc
599 5052 782 5132 procedunt
792 5052 949 5129 lacrymae
964 5051 1005 5112 ab
1018 5051 1089 5112 ani·
1142 5057 1239 5118 lamae
1256 5076 1265 5115 z
1292 5056 1326 5116 et
1349 5054 1507 5129 frondete
1534 5057 1571 5115 tn
1596 5052 1746 5129 aratiam
1763 5035 1843 5105 doio

296 5146 983 5234 mapoeniteutis,quasvidentesMoabitae,
1002 5148 1089 5211 idest
1142 5151 1261 5216 restris
1275 5153 1344 5212 Deo
1357 5150 1446 5226 grati
1460 5149 1653 5213 existentes.

334 5340 429 5410 (11111
441 5336 553 5410 nepa,
570 5336 614 5393 17.
1179 5329 1221 5404 (3)
1237 5329 1374 5399 Rom.,5,
1389 5330 1406 5387 3
1421 5328 1497 5386 adt.

335 5411 376 5481 (t)
393 5410 431 5467 lV
444 5410 515 5480 lieg.
532 5410 560 5474 3,
575 5406 610 5463 ti
624 5412 652 5463 et
666 5404 711 5462 23.
1057 5478 1068 5493 ι
1179 5397 1517 5475 tt)11n01.,l,tan7.
