3950 6200
103 261 130 322 ft
723 254 952 321 EPISTOLAE.
984 258 1063 318 LIB.
1086 259 1126 318 X.
1653 284 1655 286 ·
1701 265 1741 325 78

106 433 324 498 quemcumque
353 417 548 481 malueritis
572 417 772 479 catholicum
796 418 890 479 adire
945 417 1032 489 suut,
1058 417 1173 477 usibus
1199 417 1397 480 omnimodis
1431 420 1613 498 profutura,
1649 422 1742 485 salva

106 517 276 586 antistitem,
290 516 444 591 gratiam
458 518 491 578 et
506 515 768 577 communionem
783 517 891 590 Apos-
945 515 1040 576 Sedis
1061 515 1259 592 apostolicae
1275 519 1473 580 auctoritate
1500 522 1534 582 et
1559 520 1741 583 dioecesani

107 615 195 679 totiom
218 614 316 676 sedis
346 613 539 684 habentem,
565 612 621 689 qui
649 615 760 673 nostra
784 612 888 672 fretus
943 612 1090 689 episcopi
1103 614 1263 674 canonica
1276 615 1425 690 justitia;
1444 617 1473 676 si
1489 633 1554 694 qua
1577 618 1679 693 igitur
1705 620 1740 679 in

110 712 295 782 auctoritate,
311 711 425 781 vobis,
443 710 528 787 quod
541 709 737 785 postulatur,
754 710 888 784 impen·
944 708 1090 769 futurum
1115 710 1341 771 ecclesiastica
1368 713 1582 776 saecularisve
1597 731 1739 793 persona

109 809 162 871 dat.
174 807 395 869 Prohibemus
421 807 558 883 insuper
573 810 608 867 ut
628 806 714 866 infra
731 806 812 865 fines
828 821 889 881 pa·
943 805 1030 866 hanc
1045 807 1166 867 nostrae
1186 808 1430 869 constitutionis
1446 812 1600 886 paginam
1617 813 1738 888 scisne,

19 986 20 989 Ἴ
108 906 214 968 roobiae
226 906 351 966 vostrae
366 903 480 964 nulius
508 904 580 965 sine
605 918 743 964 assensu
762 903 888 963 dioeoe-
943 901 1059 960 eontra
1074 916 1147 960 eam
1161 902 1277 961 venire
1299 904 1486 974 tentaverit,
1507 906 1652 969 secundo
1671 909 1741 968 ter·

107 1001 326 1077 semiepiscopi
354 1001 388 1061 et
405 1002 529 1070 vestro,
554 999 718 1075 capellam
733 1012 791 1059 seu
805 1012 886 1058 ora·
942 995 1031 1056 tiore
1054 998 1265 1065 commonita.
1292 999 1357 1058 nisi
1386 1004 1512 1062 reatum
1537 1018 1633 1064 suum
1656 1020 1738 1065 con·

104 1098 211 1160 forium
236 1098 279 1158 de
307 1110 395 1157 novo
417 1098 611 1157 construere
636 1095 767 1165 audeat,
785 1093 886 1154 salvis
942 1106 1026 1165 grua
1039 1093 1266 1155 satisfactione
1281 1098 1475 1168 correxerit,
1494 1100 1664 1173 potestatis
1677 1099 1734 1160 ho·

104 1194 277 1271 privilegiis
292 1193 493 1254 Pontificum
506 1194 742 1253 Romanorum.
758 1191 807 1252 Ad
815 1191 887 1251 haec
943 1189 1099 1266 horisque
1114 1190 1166 1250 sui
1189 1194 1302 1253 eareat
1323 1193 1500 1268 diguitate3
1529 1211 1686 1273 reamque
1701 1211 1737 1258 se

103 1306 196 1352 noras
208 1293 241 1352 et
255 1289 422 1351 indebitas
437 1289 630 1350 exactiones
647 1288 688 1348 ab
701 1288 888 1363 archiepis·
941 1286 1191 1363 divinojudicio
1207 1289 1351 1350 existere
1365 1289 1405 1349 de
1418 1293 1604 1367 perpetrata
1616 1293 1736 1369 iniqui·

103 1389 195 1464 copis,
208 1387 386 1464 episcopis,
404 1386 650 1447 archidiaconis
663 1401 721 1455 seu
737 1384 884 1455 decanis,
941 1383 1008 1443 iaie
1024 1386 1211 1459 cognoscat,
1233 1388 1267 1446 et
1279 1401 1299 1446 a
1313 1387 1539 1449 saeratissimo
1554 1404 1691 1465 corpore
1704 1391 1738 1452 et

103 1485 231 1561 aliisque
264 1482 419 1544 omnibus
443 1482 681 1543 ecclesiasticis
709 1481 885 1543 saeculari·
941 1478 1105 1551 sanguiue
1120 1479 1229 1539 Deiao
1243 1481 1373 1539 Domini
1392 1483 1472 1541 iesu
1487 1482 1609 1544 Christi
1624 1483 1735 1545 aliena

101 1578 886 1658 busrepersouisomuinoderiprohibemus.Se-
940 1572 1008 1645 fiat,
1035 1575 1134 1650 atque
1162 1576 1197 1635 in
1228 1578 1378 1637 extremo
1407 1578 1561 1639 examine
1580 1579 1738 1641 distriotae

103 1678 255 1755 pulturam
278 1693 409 1755 qaroque
430 1676 535 1755 ipsius
562 1676 627 1737 loci
648 1675 787 1735 liberam
812 1690 885 1735 esse
940 1670 1111 1747 subjaceat
1127 1672 1256 1733 ultioni.
1269 1674 1402 1734 Cunctis
1415 1678 1525 1736 autem
1541 1676 1647 1737 eidem
1662 1677 1736 1738 ioco

103 1775 310 1845 decernimus,
330 1776 365 1836 ut
377 1789 492 1834 eorum
505 1772 715 1834 devotioniet
728 1775 885 1833 extremae
940 1783 1000 1828 sua
1018 1771 1095 1843 jura
1113 1769 1335 1841 servantibus,
1363 1771 1405 1831 sit
1430 1787 1495 1846 pax
1509 1773 1640 1833 Domini
1656 1789 1736 1833 nos·

103 1872 251 1934 voluntati
263 1871 320 1948 qui
332 1887 367 1931 se
381 1871 451 1931 iilic
468 1869 601 1946 sepeliri
613 1868 883 1937 deliberaverint,
939 1865 982 1927 tri
1004 1868 1084 1926 lesu
1108 1866 1242 1938 Christi,
1268 1870 1431 1943 quatenus
1458 1871 1490 1930 et
1518 1868 1570 1929 hic
1593 1870 1735 1930 fructum

102 1967 250 2030 nisiforte
262 1967 542 2029 excommunicati
557 1967 612 2027 vei
627 1966 794 2027 interdicti
806 1966 882 2038 sint,
939 1961 1033 2022 bonae
1060 1963 1202 2024 aetionis
1229 1965 1425 2040 percipiant,
1462 1967 1496 2027 et
1520 1966 1605 2041 apud
1628 1969 1732 2026 Deum

102 2066 202 2127 nullus
212 2065 477 2137 obsistat,salva
487 2067 596 2127 tamen
606 2064 736 2141 justitia
750 2062 884 2123 illarum
939 2058 1124 2120 districtum
1148 2061 1296 2137 judicem
1321 2062 1457 2138 praemia
1483 2068 1617 2123 aeternaa
1640 2064 1733 2139 pacis

102 2163 305 2224 ecclesiarum
325 2179 346 2224 a
369 2162 490 2240 quibus
516 2166 720 2224 mortuorum
744 2175 884 2238 corpora
937 2156 1121 2218 inveniant.
1138 2161 1254 2219 Amen.

103 2263 314 2322 assumuntur.
331 2259 484 2322 Docimus
508 2262 669 2337 praeterea
696 2261 728 2321 et
747 2274 883 2336 posses·
977 2257 1046 2331 Ego
1067 2255 1244 2327 Honorius,
1271 2256 1444 2319 catholicae
1464 2256 1622 2318 Ecclesiae
1642 2256 1734 2332 epis-

104 2356 202 2418 siones
215 2357 255 2418 ad
273 2360 330 2433 jus
349 2357 567 2418 ecclesiarum
586 2356 772 2418 vestrarum
789 2370 884 2432 spec·
938 2367 1053 2427 copus.

103 2454 199 2515 tantas
212 2469 286 2531 quae
299 2454 424 2515 alaicis
439 2454 637 2524 detinentur,
652 2452 836 2513 redimendi
850 2454 884 2513 et
977 2452 1046 2524 Ego
1070 2450 1186 2521 Guaia,
1217 2449 1329 2511 Sancti
1353 2450 1487 2511 Martini
1513 2449 1620 2527 presb.
1638 2449 1730 2510 card.
1769 2496 1777 2511 s

103 2548 235 2626 legitime
249 2550 415 2612 liberandi
431 2550 471 2611 de
487 2549 638 2611 manibus
654 2566 779 2622 eorum,
797 2552 829 2612 et
842 2550 882 2609 ad
937 2546 987 2608 tit.
1003 2546 1138 2623 Equitii.

104 2648 247 2710 eeclesias
269 2648 310 2708 ad
337 2663 419 2724 quas
442 2648 609 2724 pertinent
627 2647 816 2719 revocandi,
841 2647 883 2706 li·
977 2645 1046 2719 Ego
1061 2644 1215 2708 Thomas,
1229 2644 1357 2704 Sauotae
1370 2643 1500 2704 Sabinae
1517 2643 1624 2720 presb.
1640 2643 1729 2704 card.

104 2742 173 2805 bera
186 2747 228 2807 sit
240 2744 337 2807 robis
358 2745 399 2805 de
421 2746 536 2806 nostra
557 2745 755 2806 auctoritate
777 2743 884 2805 facul·
977 2742 1046 2815 Ego
1061 2742 1167 2816 Hugo,
1184 2739 1346 2801 Ostiensis
1365 2743 1399 2802 et
1411 2740 1629 2802 velletrensis
1644 2740 1735 2817 epis-

105 2844 160 2902 tas.
183 2842 330 2904 obeunte
355 2857 436 2903 vero
469 2844 513 2914 te,
541 2857 630 2902 nunc
649 2841 796 2918 eJusdem
817 2840 883 2901 loci
938 2852 1051 2912 copus.

106 2937 219 3011 abbate,
242 2939 447 3000 veltuorum
472 2938 618 3016 quolibet
641 2954 881 3009 successorum,
977 2937 1046 3009 Ego
1061 2933 1229 3008 Pelagius,
1243 2932 1391 2994 Albanus
1405 2934 1592 3010 episcopus.
1699 2938 1702 2943 '

15 3072 16 3128 p
106 3035 201 3096 nullus
217 3035 265 3096 ibi
280 3035 427 3114 qualibet
448 3034 672 3113 subreptionis
687 3036 809 3099 astutia
824 3050 883 3095 seu
977 3032 1045 3107 Ego
1058 3030 1227 3102 Nicolaus,
1240 3031 1447 3091 Tusculanus
1462 3032 1650 3108 episcopus.

105 3133 249 3196 uolantia
277 3135 503 3211 praeponatur,
542 3133 607 3194 nisi
639 3149 735 3210 quem
763 3132 883 3195 fratres
978 3131 1046 3205 Ego
1062 3129 1237 3198 Oliverius‚
1257 3129 1449 3189 sabinensis
1473 3131 1659 3205 episcopus.

103 3231 257 3291 communi
271 3245 439 3292 consensu
465 3229 519 3291 vel
540 3229 680 3292 fratrum
702 3245 779 3306 pars
803 3245 885 3290 oon·
977 3228 1046 3301 Ego
1057 3224 1269 3297 Octavianus,
1283 3227 1340 3286 SS.
1355 3225 1463 3301 Sergii
1475 3227 1637 3287 etBacchi
1648 3227 1733 3287 diac.

103 3326 162 3387 silli
178 3328 323 3388 sanioris
337 3326 518 3388 secundum
539 3327 642 3388 Deum
665 3329 698 3388 et
712 3326 801 3387 beati
815 3330 885 3387 Au·
939 3322 1029 3383 card.

15 3475 16 3494 ,
104 3425 380 3501 gustinireguiam
396 3424 580 3501 providerit
594 3423 793 3499 eligendum.
977 3421 1046 3493 Ego
1062 3419 1241 3494 Gregorius
1264 3418 1304 3479 de
1329 3420 1481 3491 (treceni,
1510 3421 1543 3480 S.
1568 3420 1733 3482 Theodori

15 5029 16 5034 ,
104 4961 343 5034 communimus.
375 4970 591 5032 Decernimus
627 4985 706 5045 ergo
735 4974 773 5030 ut
800 4970 884 5030 nulli

15 3511 17 3602 j
135 3521 209 3582 Paci
224 3536 355 3598 quoque
378 3522 412 3582 et
423 3520 656 3596 tranquillitati
678 3521 809 3586 vestrae,
823 3534 885 3595 pa·
938 3515 1024 3576 diac.
1041 3516 1132 3575 card.

103 3617 184 3678 terna
198 3620 234 3678 in
259 3618 429 3694 posterum
458 3617 682 3677 sollicitudine
708 3616 886 3692 providere
979 3613 1047 3685 Ego
1062 3612 1247 3685 Rayuerus,
1263 3611 1393 3670 Sanctae
1406 3611 1523 3671 Mariae
1545 3611 1579 3670 in
1596 3611 1733 3672 cosme-

101 3714 248 3786 tolentes,
262 3713 658 3789 auetoritatebpostoliea
671 3712 884 3790 prohibemus
939 3705 997 3765 din
1008 3706 1167 3765 diaconus
1181 3704 1372 3764 cardinalis.

102 3811 133 3872 nt
150 3812 233 3873 infra
245 3812 422 3873 clausuras
436 3811 585 3871 locorum
597 3827 656 3870 seu
670 3811 884 3886 grangiarum
915 3861 916 3864 ,
979 3803 1097 3862 Datum
1129 3801 1296 3872 Laterani,
1331 3816 1391 3878 per
1419 3817 1552 3861 manum
1582 3802 1733 3876 magistri

101 3910 273 3971 uestrarum
295 3908 408 3968 nullus
429 3907 595 3984 rapinam,
617 3922 676 3967 seu
691 3905 815 3967 furtum
831 3906 884 3966 fa·
940 3897 1112 3966 Guidffltis,
1136 3897 1262 3958 domini
1291 3914 1385 3974 12³1]ae
1413 3898 1547 3968 notarii,
1576 3900 1636 3958 Vll
1659 3898 1734 3958 idus

101 4019 175 4076 cere,
193 4006 304 4082 ignem
328 4019 507 4081 apponere,
525 4004 721 4079 sanguinem
733 4003 882 4074 fundere,
939 3993 1031 4063 maii,
1048 3993 1162 4054 indict.
1179 3997 1263 4064 xiv,
1283 3995 1528 4055 incarnationis
1552 3995 1733 4055 Dominicae

101 4099 258 4163 bominem
272 4100 594 4178 temerecapereuei
610 4100 811 4172 interficere,
826 4115 885 4160 seu
940 4106 1030 4151 anno
1062 4092 1261 4161 MCCXXVI,
1292 4092 1503 4167 pontificatus
1530 4091 1732 4152 sanctissimi

102 4197 281 4261 nolentiam
299 4198 422 4259 audeat
440 4211 609 4259 exercere.
632 4198 798 4257 Praeterea
814 4213 888 4258 om·
940 4186 1065 4248 domini
1078 4187 1217 4247 H0n0rii
1230 4203 1324 4264 papio
1339 4189 1383 4247 lll
1396 4203 1485 4248 anno
1495 4187 1634 4247 decimo.

103 4307 152 4354 aes
164 4295 335 4357 libertates
346 4296 381 4356 ei
395 4294 652 4356 immunitatesa
666 4293 887 4369 praedecesso«

103 4389 182 4452 ribus
199 4392 323 4453 nostris
348 4390 506 4452 Romanis
532 4389 747 4451 Pontificibus
775 4390 884 4451 ordini
1219 4421 1451 4511 CXXXVIII

103 4487 887 4562 rastroconcessas‚necnonlibertatesetexemp-

102 4585 196 4646 tiones
211 4585 426 4646 saecuiarium
440 4584 652 4644 exactionum
668 4598 688 4643 a
702 4582 837 4658 regibus
853 4585 885 4644 et
916 4576 994 4635 'Ad
1027 4577 1221 4646 &dammim
1251 4574 1540 4645 Lemooaensem,
1576 4577 1735 4637 abbatem

102 4681 305 4759 principibus,
319 4681 374 4742 rel
385 4680 464 4740 aliis
477 4679 629 4740 fidelibus
640 4679 886 4741 rationabiliter
978 4674 1170 4738 Doiwweffb
1187 4669 1419 4730 Biiw'i'cettff'ss
1438 4673 1604 4743 dtoecests,
1621 4673 1656 4732 ei
1668 4675 1732 4734 de-

15 4757 16 4784 ’
102 4777 185 4839 robis
198 4779 357 4849 indultas,
374 4777 572 4838 auctoritate
594 4777 784 4852 Apostolica
799 4791 884 4836 cou-
979 4780 1105 4825 conum
1125 4768 1430 4841 Burdapuienscm.

103 4872 270 4947 firmamus,
298 4877 333 4936 et
353 4874 529 4950 praesentis
558 4873 673 4950 scripti
700 4873 885 4949 patrocinio
1231 4895 1262 4952 Η
1279 4897 1347 4952 maii
1364 4897 1443 4954 Μ

104 5071 222 5132 omnino
235 5069 411 5130 hominum
430 5067 531 5129 liceat
553 5066 726 5143 praefatum
752 5083 886 5126 monas-
971 5018 1142 5084 [uegetam.
1155 5017 1269 5082 impis-t.
1282 5017 1337 5068 ²⁶³
1356 5019 1413 5068 uss·
1430 5020 1702 5085 navarraearum]

15 5221 17 5260 k
104 5166 209 5228 terium
222 5164 570 5242 temerepepturpapffi
586 5166 644 5225 aut
666 5166 886 5240 ejngposses,
939 5143 1056 5201 Mandat
1070 5143 1115 5199 eis
1127 5150 1167 5211 ut,
1179 5143 1320 5200 revocatis
1332 5143 1476 5211 omnibus,
1492 5158 1555 5215 qum
1572 5144 1604 5199 in
1616 5146 1733 5220 negotio

107 5262 200 5326 3503oe
227 5263 362 5326 aufem
387 5260 442 5322 vel
477 5259 605 5321 ablatas
640 5261 796 5331 retinere,
827 5276 885 5319 seu
974 5229 1185 5288 reformationis
1207 5231 1415 5287 monasteriis.
1437 5231 1573 5288 Martialis
1598 5233 1730 5289 Lenrovi·

106 5356 887 5436 mhrrsfibetvexationibusmtigare;sed0111-
974 5319 1069 5375 ⁰e¹¹⁸i⁸
1095 5326 1157 5418 ΨΒ
1182 5317 1245 5389 jam
1264 5317 1387 5381 suemm’
1417 5317 1452 5373 ”d
1476 5317 1542 5375 (Μ
1567 5323 1733 5380 ¹⁰⁰⁰³⁸¹⁶ffi

105 5458 151 5518 nia
163 5457 289 5536 integra
305 5455 550 5519 conserventur
575 5469 690 5514 eorum
719 5468 781 5529 pm
803 5468 887 5529 quo.
974 5405 1206 5463 reformationem
1220 5403 1255 5463 de
1267 5420 1342 5462 novo
1355 5404 1517 5478 procedant.

104 5568 165 5616 rum
174 5554 416 5634 gubernatione
427 5567 467 5613 ac
476 5550 885 5613 sustentationeconcessa
980 5549 1158 5620 Honorius,
1175 5551 1251 5620 etc„
1274 5546 1456 5609 venerabili
1481 5547 1613 5612 fratri...
1637 5554 1730 5631 epis-
