3950 6200
81 285 112 344 7³
619 284 945 348 PROLEGOMENA.
966 314 1007 330 -
1027 284 1135 346 VITA.
1655 286 1693 344 74

80 443 142 505 dem
152 456 310 514 reversus,
333 443 375 506 ad
389 442 607 508 obediendum
626 444 861 521 separator.
901 441 995 505 ribus
1027 445 1061 505 et
1096 442 1242 505 vinculis
1278 441 1383 518 angit.
1410 441 1483 520 Ipse
1511 442 1628 505 autem
1650 442 1691 504 ad

80 541 166 602 totum
182 540 451 616 serecolllgitad
464 540 702 618 perficiendum
713 541 848 603 manda·
899 540 1132 616 exequendum
1146 541 1298 611 Domino,
1315 540 1569 617 quodcoeperat,
1582 555 1695 617 prom·
1758 541 1765 550 “

80 641 136 698 tum
155 637 193 698 de
203 637 372 700 materiali
386 637 528 700 ecclesia
549 638 749 715 reparanda,
768 638 847 701 licet
900 638 989 714 ptior
1000 653 1043 698 ex
1053 636 1116 698 hoc
1126 640 1159 697 et
1170 637 1313 698 validior
1322 637 1532 704 reddebatur,
1541 638 1693 698 recolens

80 733 270 812 principalior
283 734 427 797 intentio
437 734 528 797 verbi
539 736 580 796 nd
596 751 669 798 eam
691 735 843 809 serretur,
899 734 982 795 illud
1015 734 1189 808 Evangelii
1223 755 1231 793 r
1259 736 1362 795 Beati
1398 738 1457 808 ραι·
1477 725 1696 808 'persea-cne-

79 831 316 909 quemchristus
329 848 390 894 suo
413 833 576 908 sanguine
596 834 773 910 acquisivit
783 832 843 912 (1),
901 833 1176 907 compatiuntur
1182 832 1694 905 propterjerscctcamquoruam

79 930 225 990 anteum
248 929 395 1005 Spiritus
407 932 548 992 Sanctus
567 930 710 1001 edocuit,
727 931 846 1008 etipse
900 931 1057 1001 ipsorum
1071 929 1122 990 cst
1137 943 1285 1004 regnunt
1299 934 1464 990 coelornm
1477 927 1599 1006 (Mati,
1611 929 1660 1008 v).

78 1026 260 1103 posmodum
300 1026 460 1088 nauibus
490 1028 664 1090 revelavit.
693 1029 847 1090 Surrexit
941 1028 1021 1086 Post
1033 1024 1199 1085 modicum
1213 1040 1294 1098 vero
1318 1027 1459 1100 tempus,
1485 1029 1579 1102 patre
1593 1041 1613 1086 a
1628 1042 1692 1102 pa-

78 1123 203 1201 proinde,
216 1123 316 1198 signo
330 1123 446 1184 Crucis
457 1139 493 1185 se
503 1123 669 1196 muniens,
678 1128 711 1186 et
720 1140 847 1186 assum·
899 1120 967 1182 tria
999 1121 1200 1192 discedente,
1215 1122 1323 1182 mater
1341 1123 1413 1196 ejus
1439 1120 1561 1182 tactum
1581 1122 1692 1184 mariti

78 1221 127 1297 ptis
146 1220 258 1296 pannis
282 1220 472 1292 venalibus,
499 1222 541 1282 ad
570 1222 748 1293 civitatem,
772 1238 846 1299 quae
900 1234 967 1279 non
978 1217 1178 1295 approbans,
1196 1219 1230 1279 et
1239 1217 1457 1280 inflexibilem
1466 1218 1527 1278 filii
1542 1222 1694 1280 constan·

78 1317 395 1394 Fulginenmdicitur,
411 1318 717 1393 lestinusaccessit;
734 1318 846 1396 ibique
899 1315 980 1376 tiam
996 1315 1140 1377 emolliri
1156 1330 1253 1391 posse
1265 1331 1332 1376 non
1348 1330 1497 1391 sperans,
1517 1315 1694 1376 avinculis

77 1414 204 1486 penditis,
220 1430 310 1494 quaav
322 1417 524 1491 portaverat,
547 1432 678 1492 equum,
694 1417 748 1477 cui
767 1418 846 1479 tuuc
900 1411 1088 1474 absolutum
1109 1411 1203 1474 abire
1224 1413 1386 1489 permisit.
1406 1413 1448 1473 ut
1473 1413 1694 1492 ipsegratias

78 1511 331 1583 moderatienx
345 1515 521 1584 mercator,
542 1515 844 1590 assumpto'pretio,
900 1510 1118 1585 omnipotenti
1132 1512 1200 1570 Deo
1216 1509 1378 1581 reserens,
1390 1510 1430 1571 ad
1446 1509 1567 1580 locum,
1581 1510 1616 1569 in
1630 1526 1694 1587 quo
1756 1562 1759 1570 .

78 1609 234 1684 dereliquit.
244 1609 643 1685 RodiensqueAssisium,
656 1611 843 1682 ecclesiam,
900 1606 994 1682 prius
1016 1604 1135 1676 fuerat,
1156 1607 1208 1667 est
1229 1621 1397 1667 reversus.
1419 1606 1562 1668 Rediens
1584 1609 1694 1668 autem

79 1704 109 1766 de
116 1709 198 1783 cujus
207 1708 425 1782 reparatione
446 1708 638 1769 mandatum
658 1710 843 1784 acceperat,
900 1703 1005 1778 pater,
1022 1707 1055 1764 et
1068 1719 1143 1765 eum
1159 1719 1225 1764 non
1239 1704 1413 1764 inveniens
1429 1703 1528 1775 domi,
1539 1703 1695 1765 convitiis

78 1807 237 1866 tormentan-
260 1804 417 1875 intravit,
434 1806 468 1865 et
492 1805 627 1867 invento
642 1806 712 1867 illic
738 1821 846 1869 saeer-
900 1799 1004 1862 illatis
1014 1801 1121 1872 uxori,
1135 1800 1487 1863 fremenscucurritad
1497 1801 1694 1872 locum,utsi

78 1899 135 1962 dote
159 1901 375 1979 pauperculo,
407 1903 440 1963 et
466 1903 692 1964 reverentiam
723 1903 847 1964 decen·
901 1913 975 1957 eum
985 1913 1145 1959 revocare
1159 1915 1225 1959 non
1238 1897 1484 1975 possessarum
1498 1899 1538 1959 de
1553 1899 1709 1975 provin-f

79 1997 126 2055 torn
142 1996 297 2068 exhibuit,
315 1997 350 2058 at
369 1996 410 2057 ad
420 1997 665 2074 reparationem
680 1997 844 2066 ecclesiae,
901 1996 953 2056 cia
965 1995 1140 2071 effugaret.
1150 1994 1350 2057 Franciscus
1365 2011 1444 2056 vero
1455 1995 1659 2058 confortatus
1674 2012 1694 2057 a

78 2095 103 2154 et
110 2107 276 2172 pauperum
292 2111 394 2155 usum
408 2095 583 2172 pecuniam
601 2093 730 2166 obtulit,
758 2095 792 2156 et
811 2096 846 2156 ut
901 2095 980 2163 Deo,
989 2092 1123 2154 obvium
1136 2094 1271 2155 ultrose
1281 2093 1401 2155 obtulit
1411 2094 1497 2168 patri
1510 2092 1645 2166 furenti,
1653 2094 1697 2153 li-

79 2206 163 2252 aecnm
176 2208 210 2253 se
221 2192 354 2254 morari
376 2193 546 2268 pateretur
560 2191 601 2252 ed
623 2193 764 2269 tempus,
782 2192 847 2252 bu·
900 2190 980 2250 bera
992 2205 1074 2251 voco
1087 2190 1247 2261 clamans,
1258 2207 1295 2251 se
1306 2207 1365 2268 pro
1377 2191 1484 2252 nihilo
1494 2190 1616 2252 ducere
1626 2192 1696 2253 vin·

79 2286 174 2348 ulitur
197 2287 391 2365 requisivit.
418 2287 595 2364 acquievit
626 2288 783 2350 sacerdos
804 2287 846 2348 de
900 2287 976 2348 cula
991 2287 1177 2349 etverbera
1192 2291 1280 2363 ejus;
1293 2288 1476 2363 insuperet
1489 2290 1691 2358 contestans,

79 2399 149 2446 nora
162 2386 275 2462 ipsius,
300 2385 362 2446 sed
384 2386 503 2447 timore
529 2387 703 2462 parentum
738 2401 844 2462 pecu·
900 2400 937 2446 se
946 2384 1136 2461 procbristi
1148 2385 1281 2446 nomine
1291 2385 1476 2460 gaudenter
1485 2386 1572 2446 mala
1581 2386 1693 2446 omnia

79 2479 146 2541 niam
169 2484 353 2556 recusavit,
380 2499 478 2560 quam
503 2498 604 2544 uerus
629 2484 846 2559 pecuniarum
900 2482 1097 2543 subiturum.
1115 2482 1240 2543 Videns
1262 2482 1373 2558 itaque
1389 2483 1493 2557 pater,
1510 2482 1598 2559 quod
1616 2498 1693 2544 eum

80 2582 252 2656 mntemptor
273 2581 313 2642 in
340 2579 516 2658 quamdam
545 2579 724 2641 fenestram
746 2579 846 2657 proji·
898 2594 1058 2640 revocare
1073 2595 1139 2640 non
1155 2582 1276 2656 posset,
1292 2579 1334 2640 ad
1351 2579 1613 2656 extorquendum
1634 2597 1694 2656 pe·
1771 2611 1775 2622 κ

77 2675 169 2750 juleus
182 2678 348 2754 abjectam
362 2678 455 2741 velut
468 2677 637 2754 pulverem
658 2676 842 2752 vilipendit.
899 2677 1033 2738 cuniam
1055 2692 1091 2737 se
1115 2677 1298 2738 convertit:
1315 2693 1381 2755 qua
1408 2677 1542 2739 tandem
1557 2678 1693 2739 inventa

80 2773 176 2836 liorem
189 2777 300 2837 autem
319 2774 462 2836 iaciente
474 2775 548 2836 viro
566 2775 626 2835 Dei
642 2790 717 2835 cum
731 2789 844 2836 sacer-
900 2773 933 2833 iu
946 2767 1129 2849 fenestrula
1143 2775 1296 2851 quadam,
1320 2774 1563 2852 aliquantulum
1585 2775 1695 2850 ipsius

80 2867 134 2931 dote
143 2871 307 2948 predicto,
323 2887 400 2933 cum
412 2871 484 2933 baec
502 2869 671 2932 intellexit
688 2870 784 2947 pator
798 2871 845 2946 ip·
899 2872 1070 2948 mitigatus
1083 2876 1134 2933 est
1148 2861 1252 2943 iuror,
1268 2872 1420 2936 avaritia
1435 2872 1492 2933 siti
1514 2874 1694 2949 utcumque

81 2967 357 3045 imperturbatus
370 2970 481 3030 animo
499 2968 647 3030 cucurrit
667 2967 709 3029 ad
722 2967 842 3028 locum.
896 2986 958 3047 per
969 2969 1125 3030 baustum
1140 2970 1292 3046 pecuniae
1312 2972 1506 3047 temperata.
1533 2970 1696 3031 'leniebat

80 3065 109 3126 u
120 3064 190 3144 ipse,
209 3068 290 3145 quia
315 3083 424 3129 novus
449 3068 523 3129 erat
558 3065 681 3127 Christi
705 3065 845 3133 athlete,
899 3065 1019 3129 deibde
1040 3069 1151 3129 carnis
1176 3071 1271 3145 pater
1289 3067 1537 3144 illiumgratiaa,
1553 3068 1695 3145 pecunia

79 3166 273 3228 eumaudiret
303 3165 575 3243 persequentium
595 3164 714 3231 minas,
739 3164 773 3226 et
786 3178 846 3225 eo-
894 3166 966 3240 jam
981 3164 1140 3228 nudatum
1153 3180 1265 3227 coram
1280 3166 1436 3242 episcopo
1455 3165 1587 3236 ducere,
1607 3165 1694 3225 utin

79 3275 132 3320 mm
147 3264 356 3339 presennrer
375 3263 564 3333 adventum,
578 3262 658 3323 dare
672 3262 782 3322 locum
796 3259 843 3340 (2)
898 3261 1004 3338 ipsius
1019 3262 1172 3324 manibus
1187 3262 1398 3325 facultatibus
1413 3262 1622 3323 renuntiaret
1633 3278 1695 3339 pa-

80 3358 122 3418 ira
141 3362 264 3435 rolens,
295 3362 334 3421 in
357 3361 499 3440 quadam
527 3359 658 3421 occulta
685 3359 782 3420 loven
808 3375 846 3420 se
897 3358 1014 3437 ternis,
1028 3361 1188 3443 etomnia
1202 3359 1366 3432 redderet,
1383 3376 1456 3437 quoe
1473 3359 1625 3421 babebat
1643 3360 1692 3421 ad

80 3453 234 3531 abscondit,
260 3460 297 3520 in
328 3474 393 3536 qna
421 3457 538 3520 diebus
568 3455 737 3534 aliquibus
765 3456 844 3518 lati-
898 3456 985 3533 quod
1000 3456 1189 3518 iaciendum
1204 3473 1241 3518 se
1255 3457 1442 3534 promptum
1458 3456 1613 3518 exhibuit
1633 3473 1693 3517 ve-

80 3553 164 3627 tando,
184 3556 328 3633 rogabat
347 3557 522 3617 Dominum
547 3554 764 3626 incessanter,
789 3554 843 3615 la·
897 3570 957 3615 rus
968 3555 1173 3631 paupertatis
1188 3556 1318 3616 amator
1334 3575 1342 3615 :
1358 3554 1626 3631 perveniensque
1635 3570 1694 3615 co-

80 3662 235 3725 equarum
254 3653 364 3715 imbre
384 3653 549 3731 perinsus,
571 3655 608 3715 nt
625 3652 783 3714 liberaret
803 3652 843 3713 de
898 3667 970 3712 ram
985 3653 1141 3728 episcopo
1156 3667 1217 3712 nec
1232 3667 1343 3712 moras
1358 3652 1494 3728 patitur,
1510 3667 1573 3712 nec
1586 3654 1694 3713 arcta·

42 3738 45 3745 ’
80 3749 202 3811 mrbus
221 3751 491 3829 persequentium
519 3752 665 3811 animam
688 3765 794 3822 suam,
811 3752 844 3810 et
899 3751 954 3810 tur
968 3751 1009 3810 de
1022 3750 1146 3826 aliquo,
1161 3763 1222 3811 nec
1237 3749 1337 3810 verba
1350 3751 1514 3826 expectat,
1529 3764 1590 3810 uec
1600 3749 1691 3823 facit3

80 3848 192 3923 anapia
210 3850 437 3926 inspiraverat
449 3850 537 3921 vota,
563 3849 708 3924 benigno
729 3847 843 3909 favore
898 3847 956 3907 sed
972 3847 1131 3908 continuo
1146 3846 1306 3923 depositis
1330 3846 1484 3908 omnibns
1505 3849 1691 3909 vestimen-

81 3945 237 4019 conpleret
265 3946 375 4022 Igitur
394 3946 568 4007 excessiva
592 3946 733 4022 quadam
758 3960 844 4007 com·
897 3944 953 4016 tis,
969 3958 1009 4005 ea
1031 3944 1117 4020 patri
1136 3945 1293 4006 restituit.
1319 3947 1476 4006 Inventus
1505 3947 1557 4007 est
1581 3950 1691 4007 autem

82 4034 162 4109 pietus
185 4042 314 4115 letina,
344 4043 444 4120 coepit
479 4043 522 4103 de
558 4042 847 4120 pusillanimitatis
896 4042 951 4103 vir
964 4043 1025 4103 Dei
1034 4044 1115 4104 tunc
1130 4042 1411 4103 ciliciumbabere
1421 4043 1463 4103 ad
1474 4058 1620 4115 caruem,
1631 4043 1693 4104 sub

84 4132 188 4208 brana
220 4142 438 4217 semetipsum
475 4155 629 4216 arguere,
660 4141 846 4217 relictaque
896 4138 1045 4201 vestibus
1070 4139 1235 4206 delicatis.

85 4229 167 4306 luca,
178 4238 210 4298 et
221 4239 352 4316 abjecto
372 4253 506 4314 pavore,
532 4253 652 4300 versus
679 4237 843 4298 Assisium
938 4239 1078 4314 Insuper
1102 4253 1147 4299 ex
1180 4237 1376 4299 admirando
1410 4237 1541 4299 fervore
1570 4238 1691 4314 spiritu

84 4326 131 4389 lter
147 4348 316 4410 aggressus
333 4338 396 4397 est.
411 4339 514 4409 Quem
526 4352 602 4398 cum
615 4336 706 4397 cives
721 4350 842 4396 cerne·
898 4334 1027 4406 ebrius,
1052 4334 1186 4413 rejectis
1215 4336 1315 4397 etiam
1348 4334 1574 4407 femoralibus,
1602 4336 1691 4396 totus

84 4431 139 4488 roni
159 4430 236 4495 lacie
261 4432 462 4510 squalidum,
475 4436 509 4495 et
531 4435 644 4495 mente
667 4433 841 4504 mutatum,
897 4448 1011 4493 coram
1027 4432 1180 4493 omnibus
1205 4432 1402 4503 denudatur,
1427 4432 1541 4494 dicens
1565 4433 1604 4493 ad
1629 4448 1692 4509 pa-

85 4532 170 4599 tcper
180 4528 239 4591 boc
253 4531 436 4591 alienatum
449 4532 635 4606 putarenta
652 4545 764 4599 sensu,
775 4529 842 4590 luto
897 4531 982 4591 trem
1001 4547 1008 4590 ε
1028 4533 1139 4607 Usque
1150 4545 1238 4591 nunc
1253 4531 1417 4593 vocavite
1433 4534 1559 4608 patrem
1573 4532 1608 4597 iu
1623 4533 1692 4593 ter-

86 4615 234 4689 llltearum
247 4629 281 4689 et
294 4626 462 4704 lapidibus
482 4627 696 4704 impetebant,
713 4629 746 4687 et
762 4627 841 4687 tan·
897 4627 961 4701 ris;
985 4627 1104 4689 amodo
1127 4629 1238 4689 antem
1258 4643 1375 4689 secure
1397 4628 1508 4689 dicere
1530 4645 1689 4705 possum:

86 4722 283 4787 bominum
309 4726 343 4786 et
363 4725 507 4786 dementi
528 4724 685 4786 clamosis
704 4724 842 4785 vocibus
895 4726 1009 4786 Pater
1028 4727 1149 4789 ucocter
1169 4729 1227 4799 qni
1248 4741 1285 4787 cs
1307 4729 1342 4787 tu
1358 4729 1463 4797 coelts,
1489 4728 1574 4804 apud
1591 4742 1689 4804 quem

87 4806 266 4883 insultabant
284 4822 441 4882 Famulus
460 4821 573 4883 autem
594 4822 726 4883 Domini
750 4821 840 4882 nulla
897 4837 1028 4883 omnem
1042 4823 1237 4883 thesaurum
1251 4825 1398 4901 reposui,
1423 4826 1456 4886 et
1470 4840 1600 4885 omnem
1616 4825 1688 4901 spei

88 4903 183 4975 huus
203 4919 258 4979 aut
277 4920 421 4980 mutatus
445 4919 583 4996 injuria,
607 4922 644 4980 ut
663 4918 783 4979 surdus
805 4920 839 4978 in
896 4918 1053 4978 fiduciam
1068 4919 1241 4980 collocavi.
1258 4922 1480 4981 Hoccernens
1500 4921 1686 4997 episcopus,

88 5010 209 5073 ⁰mnibus
230 5014 461 5091 pertransibat.
485 5020 632 5094 Cumque
661 5016 840 5078 clamorem
896 5018 929 5077 et
951 5015 1123 5076 admirans
1148 5017 1215 5077 tarn
1239 5016 1461 5079 excellentem·
1479 5017 1511 5076 in
1530 5018 1604 5078 viro
1629 5017 1688 5079 Dei

90 5097 244 5178 hujusmodi
253 5101 346 5189 pater
355 5114 514 5185 audisset,
526 5114 637 5175 statim
649 5129 838 5185 accurrens,
895 5112 1072 5184 servorem,
1087 5115 1238 5190 protinus
1253 5117 1454 5186 exsurrexit,
1471 5117 1503 5175 et
1513 5114 1602 5175 inter
1613 5113 1689 5175 bra·

89 5205 180 5265 nonni
191 5207 390 5270 liberandum
405 5227 493 5283 eum,
517 5211 573 5271 sed
590 5211 754 5286 potiusad
770 5225 842 5287 per·
896 5211 972 5271 cbia
999 5226 1059 5271 sua
1080 5211 1176 5271 illum
1196 5228 1270 5271 cum
1299 5213 1378 5273 lietu
1403 5212 1613 5286 recolligens,
1638 5212 1686 5272 uti

90 5292 211 5376 lendum,
233 5307 319 5368 omni
339 5308 555 5370 miseratione
569 5308 749 5378 subtracta,
764 5324 842 5385 per·
894 5310 969 5369 erat
978 5308 1031 5369 vir
1045 5309 1119 5384 pius
1132 5308 1281 5379 etbouus
1297 5310 1409 5384 pallio,
1424 5324 1488 5384 quo
1501 5309 1574 5369 erat
1587 5309 1688 5369 amic·

91 5390 305 5475 tractumdomi,
321 5405 426 5482 primo
440 5405 563 5478 vorbis,
579 5406 699 5468 deinde
715 5405 840 5467 verbo·
895 5405 960 5477 tus,
975 5405 1107 5483 operuit
1120 5405 1317 5482 praecipiens
1331 5405 1413 5475 suis,
1430 5406 1466 5466 ut
1484 5404 1609 5481 aliquid
1623 5405 1686 5469 sibi

117 5595 149 5665 tu
165 5601 228 5660 lot..
245 5621 293 5665 ux.
932 5607 973 5683 (2)
995 5611 1088 5678 llom,
1104 5622 1151 5664 xri.
