3950 6200
50 286 51 303 '
114 320 169 381 aaa
622 313 730 374 enas
753 314 896 376 aurun,
912 313 1197 377 -arrsronra
1284 284 1286 287 ’
1672 315 1734 375 aaa

118 474 344 542 uninominis
355 475 464 536 virum
473 474 539 536 tam
551 488 716 551 perversae
727 471 888 533 doctrinae
943 473 1035 547 tiam,
1052 475 1086 537 et
1104 473 1329 536 necessariam
1348 473 1384 534 tn
1399 472 1524 534 eisdem
1547 473 1736 550 puritatem,

115 574 159 637 aei
169 572 341 647 *minimum
357 572 489 643 lavisse,
503 570 543 632 de
564 570 658 631 illius
676 570 809 630 auctore
827 569 890 629 du·
945 569 1253 646 utiturargumento
1263 570 1434 632 Francisci
1447 570 1483 629 in
1497 570 1560 631 hac
1573 570 1735 646 epistola:

114 672 245 733 bitarunt
259 691 269 744 ς
284 667 446 730 adhibitis
462 670 600 745 insuper
619 666 812 745 quibusdam
829 682 887 727 so·
942 669 981 727 Si
989 671 1026 726 Β.
1037 670 1275 743 Virpobtcatu,
1284 666 1741 745 etquatucrveiquinquepe·

113 766 276 830 tutioribus
297 766 339 827 de
362 782 461 827 sensu
483 765 648 836 auctoris,
669 764 828 841 quisquis,
854 766 890 825 ut
943 763 1056 825 riodos
1071 765 1151 827 citat
1164 765 1311 841 ejusdem
1327 764 1388 825 sub
1404 763 1575 825 Francisci
1590 764 1737 827 nomine.

113 866 201 936 dunt,
227 863 285 925 ille
300 863 404 925 suerit
418 885 425 922 :
440 878 558 939 nempe
578 863 612 924 id
636 860 888 937 intelligendum
984 863 1124 938 Insuper
1134 863 1247 939 judico
1262 878 1338 924 eum
1357 863 1420 924 hoc
1439 863 1512 924 loco
1534 862 1656 924 fratres
1678 877 1738 924 ro-

112 960 381 1031 meinamma,
396 961 437 1022 de
453 976 492 1022 ea
509 976 582 1038 quae
598 960 814 1029 communiter
835 975 890 1036 ap.
944 974 1042 1034 passe
1064 962 1278 1022 sacrosancta
1302 976 1368 1020 non
1393 960 1615 1036 multiplicare
1629 960 1739 1020 sacri-

111 1059 236 1136 petlatur
257 1060 399 1136 majoris
415 1058 643 1129 hebdomadae,
658 1057 711 1117 vel
729 1057 769 1117 de
787 1057 889 1119 missa
944 1056 1033 1124 licia,
1049 1059 1082 1119 et
1104 1058 1139 1117 ut
1160 1073 1181 1118 a
1200 1058 1394 1134 quotidiana
1420 1057 1627 1119 abstinerent
1650 1057 1741 1118 cele-

111 1157 212 1234 naq'ori
231 1157 291 1217 aut
305 1156 550 1219 conventualis.
575 1155 663 1227 Quod
684 1154 713 1215 si
737 1154 890 1216 elitaret
944 1153 1108 1226 braticne,
1131 1155 1275 1216 veritum
1295 1171 1337 1215 ne
1356 1158 1491 1231 propter
1512 1154 1738 1232 quotidianam

111 1254 243 1315 absolute
253 1253 295 1314 de
310 1253 467 1314 omnibus
477 1252 593 1315 diebus
607 1250 653 1315 illi
666 1267 775 1314 sermo
788 1253 886 1323 esset,
944 1252 1157 1313 sacrificandi
1177 1253 1462 1323 consuetudinem,
1483 1253 1568 1314 tanti
1590 1248 1739 1330 mysterii

110 1350 303 1428 apertissime
318 1350 441 1412 laisum
462 1352 496 1413 et
519 1364 691 1413 erroneum
717 1349 889 1411 continere
944 1348 1053 1409 debita
1076 1349 1277 1420 reverentia,
1299 1365 1396 1426 quam
1419 1350 1453 1410 in
1473 1350 1536 1411 hac
1557 1351 1631 1426 ipsa
1649 1351 1741 1426 epis-

109 1448 450 1526 judicantEpistolam;
464 1449 573 1510 etnon
584 1446 743 1509 modicum
755 1446 890 1523 applau-
942 1446 1011 1508 tola
1026 1446 1150 1507 auxius
1165 1447 1321 1518 inculcat,
1337 1449 1371 1509 et
1385 1448 1557 1524 tantopere
1570 1460 1740 1509 commen-

110 1546 174 1607 dere
199 1545 371 1622 pestilenti
404 1546 512 1606 errori
545 1540 828 1615 Melanchthouis,
856 1546 890 1605 et
943 1542 1011 1615 dat,
1028 1543 1189 1620 paulatim
1205 1544 1403 1620 declinaret3
1424 1545 1457 1607 et
1477 1545 1511 1604 in
1531 1546 1615 1621 ipsis
1632 1545 1739 1607 sacri-

113 1642 234 1703 uiarum
249 1642 500 1715 naereticorum,
526 1642 582 1720 qui
599 1640 745 1717 privatas
769 1639 888 1702 missas
943 1639 1121 1702 ticautibus
1142 1640 1264 1713 servor,
1286 1644 1377 1705 tanto
1400 1642 1499 1703 altari
1521 1641 1652 1718 dignus,
1676 1642 1741 1703 ali-

115 1740 225 1803 ouuino
240 1739 495 1814 abominantur;
516 1754 678 1814 unamque
695 1738 802 1799 solum
821 1753 890 1800 cae-
943 1739 1139 1816 quantisper
1149 1741 1277 1816 teperet
1290 1737 1391 1818 (quod
1413 1741 1446 1801 et
1464 1740 1572 1817 ipsum
1587 1742 1738 1813 retraxit,

114 1853 174 1898 nau
192 1837 501 1901 Dominicana'fleri
523 1836 657 1908 vellent,
682 1851 756 1913 quae
772 1835 888 1898 eodem
942 1835 975 1897 et
1001 1837 1137 1898 omnino
1163 1837 1287 1913 repulit
1312 1853 1333 1899 a
1359 1837 1467 1899 sacris
1491 1837 1739 1915 presbyteratus

50 1934 51 1973 ⁷
113 1935 175 2005 utu,
189 1935 413 2008 solemnitate,
430 1951 469 1998 ac
488 1933 755 2003 circumstantiis,
770 1932 888 2010 quibus
942 1932 1115 1995 ordinibus
1129 1934 1361 2011 suscipiendis,
1373 1939 1406 1997 et
1423 1937 1460 1996 D.
1472 1937 1739 1998 Bonaventuram

50 2022 52 2099 Ϊ
113 2031 242 2095 onium
256 2034 424 2094 Dominus
444 2048 537 2094 suam
556 2030 889 2107 peregitcelebrare·
942 2030 1114 2092 Francisci
1137 2031 1274 2108 spiritus
1297 2033 1474 2105 haeredem,
1500 2036 1532 2095 et
1553 2033 1740 2097 devotionis

112 2129 163 2201 ur,
177 2129 335 2208 etinqua
348 2146 465 2192 omnes
478 2129 646 2193 adstantes
661 2130 889 2191 communica·
943 2129 1150 2205 participem,
1175 2145 1237 2206 per
1258 2130 1379 2193 multos
1400 2130 1472 2192 dies
1497 2146 1516 2192 a
1540 2131 1740 2194 celebrando

113 2227 179 2287 aaut
194 2228 270 2297 Quae
285 2227 390 2304 plane
411 2225 642 2288 haereticorum
664 2224 784 2287 deliria
799 2227 885 2297 sunt,
943 2226 1123 2297 continuit;
1140 2227 1366 2305 quoadusque,
1383 2228 1584 2301 mirandum,
1600 2245 1660 2306 per
1671 2233 1741 2291 An-

113 2322 138 2384 at
147 2324 361 2385 sectariorum
377 2323 542 2400 figmenta.
590 2360 597 2369 .
941 2322 1054 2399 gelum
1068 2323 1110 2384 ad
1124 2340 1161 2385 os
1174 2328 1246 2401 ejus
1267 2324 1411 2400 Synaxis
1431 2338 1526 2385 sacra
1547 2326 1674 2403 perlata
1690 2329 1741 2388 est

140 2421 216 2482 ilinc
237 2437 307 2483 non
334 2422 453 2484 leviter
476 2421 567 2493 moti,
594 2436 657 2483 nec
682 2419 777 2480 inani
798 2417 886 2482 ducti
941 2435 1091 2481 amauu
1112 2420 1296 2484 sacerdotis
1322 2420 1538 2500 celebrantis)
1565 2423 1619 2484 vel
1650 2425 1738 2500 apud

50 2568 52 2581 ,
111 2514 305 2581 laudamento
338 2518 416 2580 fidei
451 2517 697 2594 speculatores,
723 2517 887 2580 haereticae
942 2518 1068 2579 clerum
1083 2521 1142 2580 aut
1162 2519 1321 2596 populum
1336 2522 1585 2582 sacrosanctum
1607 2521 1738 2583 Domini

50 2634 51 2643 ¹
111 2615 263 2690 pravitatis
286 2618 519 2694 inquisitores,
536 2616 571 2677 iu
588 2615 759 2692 Hispania,
776 2615 811 2676 iu
825 2632 885 2678 ca·
941 2631 1062 2692 corpus
1086 2617 1284 2679 assiduitate
1299 2618 1486 2679 vilesceret.
1504 2617 1553 2697 (C.
1571 2621 1675 2691 Exin,
1691 2623 1739 2682 De

50 2754 52 2803 t

50 2848 52 2951 l

50 2980 52 3013 t

50 3969 52 3978 t

111 2711 201 2790 talogo
209 2714 269 2776 illo
282 2715 450 2777 librorum
466 2712 692 2776 cavendorum
701 2714 754 2775 vel
763 2729 887 2790 expur-
936 2716 1069 2788 patuit,
1086 2729 1159 2791 cap.
1177 2713 1222 2793 1.)
1236 2716 1322 2777 Nam
1344 2716 1431 2792 quod
1452 2732 1566 2778 rarum
1588 2719 1648 2786 est,
1666 2717 1739 2794 plus

111 2810 287 2884 pandorumt
301 2811 886 2890 quisubillustris.Card.Bernardo
941 2811 1118 2887 appetitur,
1149 2813 1182 2874 et
1207 2811 1401 2885 aestimatur,
1432 2813 1562 2875 Decreti
1589 2817 1682 2891 parte
1710 2832 1738 2891 1,

50 2962 52 2975 ,
112 2905 141 2968 de
152 2910 310 2972 sandoval
340 2910 374 2972 et
394 2913 507 2973 Roxas
520 2909 885 2986 archiepiscoporum·
940 2908 1110 2971 distinctio
1131 2910 1184 2985 93,
1205 2911 1305 2987 caput
1329 2914 1541 2989 Leqamaas‚§
1566 2913 1739 2991 Namque;

111 3004 181 3078 tanc,
202 3023 363 3085 supremo
388 3008 424 3069 iu
448 3008 685 3085 Hispaniarum
708 3006 886 3069 dittonibus
941 3007 974 3068 et
994 3007 1093 3069 Auth.
1121 3007 1163 3069 de
1189 3012 1401 3084 Consulibus,
1426 3013 1526 3088 caput
1550 3013 1580 3080 1,
1604 3012 1639 3072 in
1662 3014 1739 3085 line,

111 3102 248 3169 incausis
261 3106 346 3168 fidei
365 3106 577 3184 inquisitore,
591 3106 715 3183 prodiit
728 3107 764 3167 iu
777 3105 885 3167 lucem
943 3106 1019 3168 coll.
1036 3121 1110 3180 vur,
1137 3105 1187 3168 tit.
1210 3108 1240 3168 6.
1268 3109 1307 3169 ut
1330 3123 1443 3169 rarum
1467 3111 1517 3171 est
1536 3125 1634 3170 omne
1652 3112 1739 3186 quod

110 3213 181 3263 anno
202 3203 340 3265 Domini
356 3205 444 3276 1612,
470 3202 527 3265 tol.
553 3204 636 3264 mihi
655 3205 706 3265 98.
723 3203 884 3276 columi,
941 3219 1099 3279 magnum
1127 3205 1192 3276 est,
1227 3205 1358 3266 Decreti
1387 3207 1481 3281 parte
1505 3222 1549 3280 11,
1579 3223 1681 3268 causa
1707 3212 1739 3282 2,

111 3297 143 3357 ad
164 3298 244 3363 bunc
271 3302 387 3364 locum
423 3304 635 3378 apponuntur
661 3301 734 3363 baec
761 3301 884 3364 verba:
940 3303 1057 3376 quaest.
1073 3305 1104 3373 7,
1120 3317 1193 3378 cap.
1212 3302 1388 3363 laascnctc
1403 3306 1557 3364 Ntcoeaao.
1571 3305 1677 3381 Atque
1693 3307 1740 3367 ita

112 3397 197 3461 deute
209 3405 290 3477 upa.
309 3401 420 3471 Quam
429 3399 619 3462 cautionem
634 3401 748 3475 postea
762 3400 829 3461 vidi
845 3400 885 3463 ad
940 3397 1030 3459 hunc
1050 3398 1158 3459 locum
1182 3397 1350 3460 intellexit
1373 3399 1550 3476 episcopus
1574 3401 1738 3466 Silvensis

111 3490 191 3556 tinem
214 3498 386 3574 Epistolae,
417 3497 568 3574 apposito
597 3497 693 3572 signo
713 3512 732 3557 e
752 3498 886 3573 ragione
939 3494 1082 3556 alvarus
1104 3495 1211 3571 Hisp.,
1233 3494 1291 3555 lib.
1311 3497 1353 3566 11,
1378 3499 1420 3557 de
1434 3498 1582 3559 Plaustra
1595 3501 1735 3572 Euclea,

111 3586 212 3654 borum
232 3595 418 3657 verborum
439 3595 519 3656 tom.
536 3596 564 3656 V
583 3595 617 3656 et
631 3595 708 3656 XIII
732 3596 884 3659 Bttttotla.
940 3591 1003 3653 art.
1017 3593 1048 3653 5.
1061 3594 1205 3670 Eiusque
1215 3593 1304 3655 hunc
1318 3608 1392 3655 esse
1407 3607 1553 3663 sensum,
1568 3596 1738 3672 colligitur

111 3687 163 3748 aet.
185 3693 262 3753 Pct.
298 3691 480 3752 noviorum
515 3689 710 3762 editionum,
732 3689 788 3753 ubi
814 3692 886 3754 baec
940 3704 1007 3749 nou
1022 3688 1163 3752 obscure
1182 3705 1225 3752 ex
1247 3690 1320 3766 ipsa
1337 3690 1490 3768 epistola,
1507 3692 1543 3752 in
1565 3709 1630 3770 qua
1653 3695 1737 3755 nihil

112 3782 239 3860 Epistola
263 3789 359 3850 iuter
384 3787 452 3849 alia
477 3789 515 3848 D.
529 3788 702 3849 Francisci
723 3790 885 3866 Opuscula
940 3786 1032 3849 aliud
1056 3802 1156 3864 quarn
1177 3788 1400 3850 reverentiam
1424 3804 1505 3865 erga
1526 3790 1589 3852 boc
1614 3794 1738 3854 Sacra-

110 3875 238 3947 habetur.
254 3885 376 3950 Cautio
389 3885 479 3947 certe
494 3899 590 3957 sana,
607 3888 640 3947 et
655 3887 785 3949 maturo
797 3902 883 3950 con·
940 3885 1089 3946 mentum
1115 3886 1257 3949 suadere
1283 3888 1441 3961 conatum
1467 3890 1502 3949 et
1526 3889 1736 3952 sacrificandi

50 3987 52 4068 ξ
113 3976 172 4041 silio
185 3983 335 4045 adhibita
350 3998 394 4044 ne
408 3983 608 4045 Franciscus
623 3983 676 4046 vir
690 3979 883 4058 catholicus,
940 3983 1074 4060 quando
1102 3983 1279 4061 placuerit,
1304 3985 1462 4062 supponit
1489 4002 1591 4063 penes
1618 3989 1738 4051 iratres

50 4077 52 4166 t
113 4076 222 4142 ettutus
234 4080 464 4160 apostolicus,
489 4080 660 4144 videretur
673 4083 766 4144 tanto
781 4084 885 4146 errori
941 4081 1081 4143 liberam
1101 4096 1178 4144 esse
1191 4081 1394 4155 facultatem,
1411 4083 1526 4146 dicens
1545 4107 1553 4145 ε
1573 4087 1734 4152 Quando-

113 4171 343 4255 aubscripsisse,
360 4179 419 4241 aut
432 4194 476 4240 ex
490 4193 611 4254 magna
632 4178 885 4243 iliiusauttori-
939 4193 1084 4254 cumque
1098 4182 1272 4243 votaaeaaut
1285 4184 1431 4243 missum
1448 4185 1632 4254 celebrare,
1650 4188 1737 4258 puri

50 4273 52 4354 ξ
113 4268 175 4341 tate,
200 4275 314 4354 aliqua
341 4274 578 4338 baereticorum
604 4276 778 4339 accederet
801 4279 884 4342 doc·
940 4278 1076 4352 ctptare
1089 4279 1312 4353 fuciuntcuaaa
1327 4279 1540 4341 reverentia.
1558 4281 1652 4342 Unde
1669 4297 1736 4342 non

50 4375 51 4436 ζ
114 4365 201 4433 ilina.
939 4374 1027 4437 tollit
1045 4374 1244 4448 libertatem,
1266 4376 1468 4452 praeceptive
1488 4376 1642 4452 prohibet
1660 4380 1738 4441 tan-

50 4459 51 4534 }
144 4466 306 4544 ligavero,
323 4470 353 4533 si
373 4470 451 4549 quid
466 4470 501 4532 in
521 4471 585 4533 hac
603 4487 641 4532 re
660 4473 766 4550 sapio,
781 4475 885 4537 sentio
940 4488 1039 4550 quam
1061 4473 1185 4533 malurn
1214 4475 1247 4535 et
1270 4473 1437 4544 illicitum,
1463 4473 1550 4536 sicut
1574 4475 1735 4549 haeretici,

116 4556 150 4636 (si
166 4565 247 4629 iuter
271 4570 387 4631 tantos
412 4568 503 4630 viros
531 4569 656 4631 sentire
682 4569 796 4650 liceat)
819 4588 886 4633 non
940 4570 1214 4632 cousuetudinem
1238 4569 1441 4642 celebrandi,
1466 4570 1524 4633 sed
1546 4571 1675 4637 inducit
1693 4577 1734 4638 ad

50 4693 52 4732 ÷
117 4671 174 4724 asse
183 4664 397 4730 dubitandum
408 4665 449 4728 de
461 4667 597 4730 auctore
610 4667 711 4745 hujus
725 4668 883 4745 epistolae,
939 4667 1103 4729 rariorem
1116 4670 1149 4730 et
1164 4669 1331 4745 puriorem
1347 4669 1431 4731 tanti
1444 4671 1652 4734 sacramenti
1665 4674 1738 4735 cui·

116 4757 234 4825 dunos
245 4764 355 4827 omnis
370 4763 464 4826 sallat
478 4765 672 4842 antiquitas
689 4768 722 4827 ct
737 4766 827 4829 nulla
842 4767 886 4829 sit
939 4766 1020 4828 tum.
1042 4767 1113 4827 Nec
1136 4767 1262 4843 primus
1284 4770 1344 4828 aut
1368 4767 1460 4829 solus
1487 4768 1600 4832 docuit
1624 4770 1734 4832 Frin-

50 4857 51 4874 ³
117 4851 181 4918 fides
194 4860 376 4923 adhibenda
398 4862 633 4924 vetustissimis
655 4863 834 4935 codicibus,
853 4866 886 4927 et
939 4864 1060 4935 cisous,
1097 4863 1332 4926 abstinendum
1374 4882 1450 4927 esse
1491 4866 1658 4929 multoties
1692 4868 1735 4930 ab

117 4949 274 5031 traditioni,
298 4961 373 5021 ai).
395 4960 567 5021 Francisci
587 4960 688 5022 sociis
710 4963 743 5022 et
766 4962 885 5024 coaevis
940 4961 1168 5024 immolatione
1195 4963 1281 5038 agni
1314 4963 1530 5035 immaculati,
1558 4966 1593 5026 ut
1620 4968 1735 5040 postea

117 5047 280 5118 adnostros
294 5056 456 5128 deductae,
473 5073 538 5133 qua
554 5072 686 5134 semper
703 5057 885 5121 stabilitum
939 5059 1059 5136 majori
1084 5059 1222 5136 spiritus
1248 5059 1380 5124 fervore
1408 5061 1651 5137 perciperetur;
1677 5063 1735 5123 sed

118 5147 165 5218 ast,
186 5151 319 5231 abipso
346 5154 434 5222 hanc
458 5154 562 5215 luisse
589 5157 763 5217 exaratam
790 5156 886 5233 Epis·
940 5158 1061 5219 multos
1072 5157 1145 5234 pios
1160 5158 1194 5218 et
1207 5158 1379 5219 timoratos
1392 5158 1581 5220 sacerdotes
1595 5157 1636 5219 de
1648 5158 1736 5222 iacto

118 5239 210 5308 talam
234 5252 272 5314 Et
294 5253 385 5313 certe
412 5253 449 5312 D.
475 5252 704 5312 Bernardinus
729 5254 885 5314 Senensis
939 5254 1100 5332 quosdam
1115 5257 1148 5316 et
1162 5254 1358 5331 pluresdies
1373 5255 1639 5331 praetermisisse,
1656 5258 1735 5334 quin

120 5336 257 5408 dictorum
276 5350 308 5412 et
330 5348 531 5426 scriptorum
552 5352 590 5411 Ι).
616 5350 787 5417 Francisci
809 5351 886 5412 dili·
941 5355 1079 5414 Sacrum
1099 5352 1263 5428 tacereut3
1285 5353 1434 5429 aliosque
1456 5352 1666 5416 consuluisse
1688 5357 1736 5418 ita

50 5529 51 5534 ἵ
121 5441 305 5509 gautselmus
341 5445 547 5518 observator,
579 5448 713 5518 tomi,
751 5463 886 5511 sucrum
940 5447 1025 5520 lieri,
1047 5447 1088 5508 ob
1110 5450 1271 5524 majorem
1295 5446 1344 5507 rei
1369 5462 1474 5508 sacrae
1499 5450 1734 5523 reverentiam,
1822 5451 1827 5464 '

122 5532 250 5615 Operum,
266 5561 364 5608 serm.
376 5546 427 5616 20,
443 5546 507 5606 art.
522 5545 553 5616 2,
571 5561 643 5623 cap.
660 5550 690 5617 7,
713 5545 747 5606 in
764 5545 829 5607 line
844 5547 884 5608 ad
940 5544 1055 5607 dicunt
1069 5544 1267 5606 Franciscus
1288 5543 1600 5629 Pitigianis,noster
1615 5549 1628 5609 Ι
1651 5553 1735 5625 part.

124 5633 295 5706 tubaniam
311 5658 465 5718 maguam
483 5642 692 5706 sacerdotum
712 5644 884 5706 excelien-
941 5657 1011 5704 suae
1033 5643 1185 5704 Saammae
1199 5641 1267 5704 int
1290 5640 1392 5714 Scoti,
1411 5640 1486 5706 dist.
1505 5645 1554 5717 13,
1570 5649 1688 5724 quaesi.
1704 5651 1734 5723 2,
