<?xml version="1.0" encoding="UTF-8"?>
<!DOCTYPE html PUBLIC "-//W3C//DTD XHTML 1.0 Transitional//EN"
    "http://www.w3.org/TR/xhtml1/DTD/xhtml1-transitional.dtd">
<html xmlns="http://www.w3.org/1999/xhtml" xml:lang="en" lang="en">
 <head>
  <title>
</title>
<meta http-equiv="Content-Type" content="text/html;charset=utf-8" />
  <meta name='ocr-system' content='tesseract 3.04.00' />
  <meta name='ocr-capabilities' content='ocr_page ocr_carea ocr_par ocr_line ocrx_word'/>
</head>
<body>
  <div class='ocr_page' id='page_1' title='image "./mediiaevibiblio09bottgoog_0360.png"; bbox 0 0 3950 6200; ppageno 0'>
   <div class='ocr_carea' id='block_1_1' title="bbox 258 257 1861 339">
    <p class='ocr_par' dir='ltr' id='par_1_1' title="bbox 258 257 1861 339">
     <span class='ocr_line' id='line_1_1' title="bbox 258 257 1861 339; baseline 0.002 -17"><span class='ocrx_word' id='word_1_1' title='bbox 258 261 320 322; x_wconf 74' lang='lat'>443</span> <span class='ocrx_word' id='word_1_2' title='bbox 690 259 722 319; x_wconf 84' lang='lat' dir='ltr'>S.</span> <span class='ocrx_word' id='word_1_3' title='bbox 744 257 967 321; x_wconf 80' lang='lat' dir='ltr'>FRANCISGI</span> <span class='ocrx_word' id='word_1_4' title='bbox 992 259 1221 322; x_wconf 77' lang='lat' dir='ltr'>ASSISIATIS</span> <span class='ocrx_word' id='word_1_5' title='bbox 1247 261 1476 324; x_wconf 77' lang='lat' dir='ltr'>OPUSCULA.</span> <span class='ocrx_word' id='word_1_6' title='bbox 1817 278 1861 339; x_wconf 70' lang='lat'>444</span> 
     </span>
    </p>
   </div>
   <div class='ocr_carea' id='block_1_2' title="bbox 152 416 1908 2355">
    <p class='ocr_par' dir='ltr' id='par_1_2' title="bbox 152 416 1908 2355">
     <span class='ocr_line' id='line_1_2' title="bbox 254 416 1862 499; baseline 0.007 -22"><span class='ocrx_word' id='word_1_7' title='bbox 254 419 335 477; x_wconf 81' lang='lat' dir='ltr'>sodis</span> <span class='ocrx_word' id='word_1_8' title='bbox 352 418 512 477; x_wconf 79' lang='lat' dir='ltr'>colluctatio</span> <span class='ocrx_word' id='word_1_9' title='bbox 534 417 671 476; x_wconf 69' lang='lat' dir='ltr'>croesus</span> <span class='ocrx_word' id='word_1_10' title='bbox 688 431 809 476; x_wconf 80' lang='lat' dir='ltr'>curnem</span> <span class='ocrx_word' id='word_1_11' title='bbox 829 422 855 473; x_wconf 82' lang='lat' dir='ltr'>ct</span> <span class='ocrx_word' id='word_1_12' title='bbox 875 416 1051 488; x_wconf 64' lang='lat' dir='ltr'>common,</span> <span class='ocrx_word' id='word_1_13' title='bbox 1106 418 1137 476; x_wconf 91' lang='lat' dir='ltr'>in</span> <span class='ocrx_word' id='word_1_14' title='bbox 1148 418 1201 476; x_wconf 85' lang='lat' dir='ltr'>liei</span> <span class='ocrx_word' id='word_1_15' title='bbox 1216 416 1326 492; x_wconf 82' lang='lat' dir='ltr'>judicio</span> <span class='ocrx_word' id='word_1_16' title='bbox 1336 419 1457 478; x_wconf 87' lang='lat' dir='ltr'>reddere</span> <span class='ocrx_word' id='word_1_17' title='bbox 1468 422 1645 482; x_wconf 78' lang='lat' dir='ltr'>abietissime</span> <span class='ocrx_word' id='word_1_18' title='bbox 1658 436 1795 499; x_wconf 78' lang='lat' dir='ltr'>cogerer.</span> <span class='ocrx_word' id='word_1_19' title='bbox 1805 433 1862 490; x_wconf 84' lang='lat' dir='ltr'>sub·</span> 
     </span>
     <span class='ocr_line' id='line_1_3' title="bbox 255 503 1908 593; baseline 0.01 -29"><span class='ocrx_word' id='word_1_20' title='bbox 255 508 305 565; x_wconf 86' lang='lat' dir='ltr'>rsd</span> <span class='ocrx_word' id='word_1_21' title='bbox 315 508 452 569; x_wconf 78' lang='lat' dir='ltr'>ndorrsus</span> <span class='ocrx_word' id='word_1_22' title='bbox 456 506 635 578; x_wconf 76' lang='lat' dir='ltr'>principetet</span> <span class='ocrx_word' id='word_1_23' title='bbox 645 509 803 576; x_wconf 73' lang='lat' dir='ltr'>percursa</span> <span class='ocrx_word' id='word_1_24' title='bbox 814 504 932 579; x_wconf 79' lang='lat' dir='ltr'>(Epiros.</span> <span class='ocrx_word' id='word_1_25' title='bbox 944 519 982 573; x_wconf 86' lang='grc' dir='ltr'>ιι,</span> <span class='ocrx_word' id='word_1_26' title='bbox 993 503 1051 579; x_wconf 79' lang='lat' dir='ltr'>li.)</span> <span class='ocrx_word' id='word_1_27' title='bbox 1106 504 1180 565; x_wconf 91' lang='lat' dir='ltr'>ditos</span> <span class='ocrx_word' id='word_1_28' title='bbox 1200 522 1236 566; x_wconf 89' lang='lat' dir='ltr'>eo</span> <span class='ocrx_word' id='word_1_29' title='bbox 1258 508 1344 567; x_wconf 90' lang='lat' dir='ltr'>modo</span> <span class='ocrx_word' id='word_1_30' title='bbox 1364 515 1494 580; x_wconf 68' lang='lat' dir='ltr'>metent,</span> <span class='ocrx_word' id='word_1_31' title='bbox 1515 526 1571 584; x_wconf 82' lang='lat' dir='ltr'>quo</span> <span class='ocrx_word' id='word_1_32' title='bbox 1596 516 1758 588; x_wconf 86' lang='lat' dir='ltr'>semetipsos</span> <span class='ocrx_word' id='word_1_33' title='bbox 1773 531 1863 593; x_wconf 87' lang='lat' dir='ltr'>curant,</span> <span class='ocrx_word' id='word_1_34' title='bbox 1907 544 1908 549; x_wconf 44' lang='lat'>¹</span> 
     </span>
     <span class='ocr_line' id='line_1_4' title="bbox 260 593 1861 673; baseline 0.008 -18"><span class='ocrx_word' id='word_1_35' title='bbox 260 599 293 656; x_wconf 93' lang='lat' dir='ltr'>ln</span> <span class='ocrx_word' id='word_1_36' title='bbox 311 596 386 654; x_wconf 93' lang='lat' dir='ltr'>bello</span> <span class='ocrx_word' id='word_1_37' title='bbox 401 604 451 654; x_wconf 91' lang='lat' dir='ltr'>aut</span> <span class='ocrx_word' id='word_1_38' title='bbox 472 595 568 668; x_wconf 79' lang='lat' dir='ltr'>praello</span> <span class='ocrx_word' id='word_1_39' title='bbox 580 593 751 668; x_wconf 83' lang='lat' dir='ltr'>quandoque</span> <span class='ocrx_word' id='word_1_40' title='bbox 774 593 911 652; x_wconf 74' lang='lat' dir='ltr'>militibus</span> <span class='ocrx_word' id='word_1_41' title='bbox 930 607 1052 667; x_wconf 90' lang='lat' dir='ltr'>corpora</span> <span class='ocrx_word' id='word_1_42' title='bbox 1106 604 1135 654; x_wconf 92' lang='lat' dir='ltr'>et</span> <span class='ocrx_word' id='word_1_43' title='bbox 1148 595 1266 656; x_wconf 86' lang='lat' dir='ltr'>eosdem</span> <span class='ocrx_word' id='word_1_44' title='bbox 1282 613 1315 656; x_wconf 93' lang='lat' dir='ltr'>se</span> <span class='ocrx_word' id='word_1_45' title='bbox 1334 598 1479 673; x_wconf 78' lang='lat' dir='ltr'>peresos</span> <span class='ocrx_word' id='word_1_46' title='bbox 1497 601 1612 660; x_wconf 89' lang='lat' dir='ltr'>sibimet</span> <span class='ocrx_word' id='word_1_47' title='bbox 1628 611 1657 660; x_wconf 88' lang='lat' dir='ltr'>et</span> <span class='ocrx_word' id='word_1_48' title='bbox 1675 605 1793 666; x_wconf 88' lang='lat' dir='ltr'>subditis.</span> <span class='ocrx_word' id='word_1_49' title='bbox 1806 612 1861 667; x_wconf 86' lang='lat' dir='ltr'>Por·</span> 
     </span>
     <span class='ocr_line' id='line_1_5' title="bbox 256 682 1908 771; baseline 0.005 -28"><span class='ocrx_word' id='word_1_50' title='bbox 256 684 442 754; x_wconf 82' lang='lat' dir='ltr'>refocillandi,</span> <span class='ocrx_word' id='word_1_51' title='bbox 455 699 534 742; x_wconf 89' lang='lat' dir='ltr'>arms</span> <span class='ocrx_word' id='word_1_52' title='bbox 545 682 748 757; x_wconf 67' lang='lat' dir='ltr'>deponendis</span> <span class='ocrx_word' id='word_1_53' title='bbox 765 683 909 741; x_wconf 74' lang='lat' dir='ltr'>laboribus</span> <span class='ocrx_word' id='word_1_54' title='bbox 921 682 1050 751; x_wconf 79' lang='lat' dir='ltr'>feriandi,</span> <span class='ocrx_word' id='word_1_55' title='bbox 1106 685 1251 744; x_wconf 88' lang='lat' dir='ltr'>catoribus</span> <span class='ocrx_word' id='word_1_56' title='bbox 1278 686 1314 744; x_wconf 93' lang='lat' dir='ltr'>de</span> <span class='ocrx_word' id='word_1_57' title='bbox 1342 690 1466 761; x_wconf 81' lang='lat' dir='ltr'>peccatis</span> <span class='ocrx_word' id='word_1_58' title='bbox 1490 692 1628 761; x_wconf 72' lang='lat' dir='ltr'>poenitme</span> <span class='ocrx_word' id='word_1_59' title='bbox 1655 696 1773 768; x_wconf 81' lang='lat' dir='ltr'>precipit</span> <span class='ocrx_word' id='word_1_60' title='bbox 1797 700 1864 771; x_wconf 62' lang='lat' dir='ltr'>bens</span> <span class='ocrx_word' id='word_1_61' title='bbox 1907 736 1908 739; x_wconf 63' lang='lat'>,</span> 
     </span>
     <span class='ocr_line' id='line_1_6' title="bbox 152 771 1863 856; baseline 0.008 -25"><span class='ocrx_word' id='word_1_62' title='bbox 152 790 160 797; x_wconf 70' lang='grc'><strong><em>’</em></strong></span> <span class='ocrx_word' id='word_1_63' title='bbox 256 774 400 832; x_wconf 80' lang='lat' dir='ltr'>etairium</span> <span class='ocrx_word' id='word_1_64' title='bbox 423 772 641 846; x_wconf 88' lang='lat' dir='ltr'>repetendarum</span> <span class='ocrx_word' id='word_1_65' title='bbox 664 779 778 845; x_wconf 87' lang='lat' dir='ltr'>tempus</span> <span class='ocrx_word' id='word_1_66' title='bbox 800 771 976 839; x_wconf 75' lang='lat' dir='ltr'>conceditur,</span> <span class='ocrx_word' id='word_1_67' title='bbox 998 784 1054 828; x_wconf 86' lang='lat' dir='ltr'>neo</span> <span class='ocrx_word' id='word_1_68' title='bbox 1107 781 1135 832; x_wconf 93' lang='lat' dir='ltr'>et</span> <span class='ocrx_word' id='word_1_69' title='bbox 1153 788 1187 832; x_wconf 92' lang='lat' dir='ltr'>ea</span> <span class='ocrx_word' id='word_1_70' title='bbox 1207 774 1331 833; x_wconf 84' lang='lat' dir='ltr'>veridica</span> <span class='ocrx_word' id='word_1_71' title='bbox 1349 776 1532 836; x_wconf 80' lang='lat' dir='ltr'>molessione</span> <span class='ocrx_word' id='word_1_72' title='bbox 1549 779 1673 852; x_wconf 75' lang='lat' dir='ltr'>paudere</span> <span class='ocrx_word' id='word_1_73' title='bbox 1689 784 1863 856; x_wconf 76' lang='lat' dir='ltr'>nmrdotbn,</span> 
     </span>
     <span class='ocr_line' id='line_1_7' title="bbox 256 859 1865 947; baseline 0.006 -28"><span class='ocrx_word' id='word_1_74' title='bbox 256 861 309 920; x_wconf 92' lang='lat' dir='ltr'>sub</span> <span class='ocrx_word' id='word_1_75' title='bbox 319 860 367 918; x_wconf 91' lang='lat' dir='ltr'>dio</span> <span class='ocrx_word' id='word_1_76' title='bbox 383 868 431 919; x_wconf 90' lang='lat' dir='ltr'>aut</span> <span class='ocrx_word' id='word_1_77' title='bbox 444 862 508 919; x_wconf 85' lang='lat' dir='ltr'>coeli</span> <span class='ocrx_word' id='word_1_78' title='bbox 523 861 706 918; x_wconf 87' lang='lat' dir='ltr'>inclementia</span> <span class='ocrx_word' id='word_1_79' title='bbox 729 868 896 933; x_wconf 90' lang='lat' dir='ltr'>pernoctare</span> <span class='ocrx_word' id='word_1_80' title='bbox 913 861 941 917; x_wconf 90' lang='lat' dir='ltr'>in</span> <span class='ocrx_word' id='word_1_81' title='bbox 956 859 1053 917; x_wconf 88' lang='lat' dir='ltr'>hieme</span> <span class='ocrx_word' id='word_1_82' title='bbox 1107 876 1179 934; x_wconf 85' lang='lat' dir='ltr'>quos</span> <span class='ocrx_word' id='word_1_83' title='bbox 1193 869 1311 935; x_wconf 76' lang='lat' dir='ltr'>peccato</span> <span class='ocrx_word' id='word_1_84' title='bbox 1326 864 1501 938; x_wconf 75' lang='lat' dir='ltr'>redarguere</span> <span class='ocrx_word' id='word_1_85' title='bbox 1515 866 1607 936; x_wconf 89' lang='lat' dir='ltr'>dccet,</span> <span class='ocrx_word' id='word_1_86' title='bbox 1627 875 1656 926; x_wconf 91' lang='lat' dir='ltr'>et</span> <span class='ocrx_word' id='word_1_87' title='bbox 1668 878 1818 941; x_wconf 71' lang='lat' dir='ltr'>peccatores</span> <span class='ocrx_word' id='word_1_88' title='bbox 1827 890 1865 947; x_wconf 82' lang='lat' dir='ltr'>per</span> 
     </span>
     <span class='ocr_line' id='line_1_8' title="bbox 255 948 1865 1024; baseline 0.007 -16"><span class='ocrx_word' id='word_1_89' title='bbox 255 950 478 1024; x_wconf 82' lang='lat' dir='ltr'>compelluntur3</span> <span class='ocrx_word' id='word_1_90' title='bbox 501 952 559 1007; x_wconf 91' lang='lat' dir='ltr'>imo</span> <span class='ocrx_word' id='word_1_91' title='bbox 577 949 719 1008; x_wconf 89' lang='lat' dir='ltr'>subtecto</span> <span class='ocrx_word' id='word_1_92' title='bbox 737 948 918 1015; x_wconf 87' lang='lat' dir='ltr'>hibernandi,</span> <span class='ocrx_word' id='word_1_93' title='bbox 934 949 963 1006; x_wconf 92' lang='lat' dir='ltr'>in</span> <span class='ocrx_word' id='word_1_94' title='bbox 978 949 1049 1008; x_wconf 89' lang='lat' dir='ltr'>civi·</span> <span class='ocrx_word' id='word_1_95' title='bbox 1107 951 1305 1023; x_wconf 85' lang='lat' dir='ltr'>pmniteniism</span> <span class='ocrx_word' id='word_1_96' title='bbox 1320 951 1357 1010; x_wconf 89' lang='lat' dir='ltr'>ad</span> <span class='ocrx_word' id='word_1_97' title='bbox 1370 953 1504 1012; x_wconf 87' lang='lat' dir='ltr'>virtutem</span> <span class='ocrx_word' id='word_1_98' title='bbox 1518 955 1664 1014; x_wconf 76' lang='lat' dir='ltr'>reducere.</span> <span class='ocrx_word' id='word_1_99' title='bbox 1686 960 1786 1017; x_wconf 88' lang='lat' dir='ltr'>llortari</span> <span class='ocrx_word' id='word_1_100' title='bbox 1799 964 1865 1022; x_wconf 74' lang='lat' dir='ltr'>elau</span> 
     </span>
     <span class='ocr_line' id='line_1_9' title="bbox 254 1036 1864 1116; baseline 0.007 -20"><span class='ocrx_word' id='word_1_101' title='bbox 254 1038 361 1097; x_wconf 88' lang='lat' dir='ltr'>tatibus</span> <span class='ocrx_word' id='word_1_102' title='bbox 375 1038 572 1097; x_wconf 90' lang='lat' dir='ltr'>commorandi</span> <span class='ocrx_word' id='word_1_103' title='bbox 586 1037 675 1097; x_wconf 90' lang='lat' dir='ltr'>libera</span> <span class='ocrx_word' id='word_1_104' title='bbox 695 1038 836 1111; x_wconf 70' lang='lat' dir='ltr'>praebetur</span> <span class='ocrx_word' id='word_1_105' title='bbox 848 1036 978 1095; x_wconf 84' lang='lat' dir='ltr'>incultas.</span> <span class='ocrx_word' id='word_1_106' title='bbox 995 1036 1051 1097; x_wconf 89' lang='lat' dir='ltr'>Sed</span> <span class='ocrx_word' id='word_1_107' title='bbox 1106 1038 1210 1098; x_wconf 87' lang='lat' dir='ltr'>debent</span> <span class='ocrx_word' id='word_1_108' title='bbox 1225 1041 1397 1114; x_wconf 67' lang='lat' dir='ltr'>poenitentes</span> <span class='ocrx_word' id='word_1_109' title='bbox 1411 1041 1447 1100; x_wconf 89' lang='lat' dir='ltr'>ad</span> <span class='ocrx_word' id='word_1_110' title='bbox 1469 1041 1647 1116; x_wconf 83' lang='lat' dir='ltr'>ireqrsentem</span> <span class='ocrx_word' id='word_1_111' title='bbox 1665 1061 1758 1105; x_wconf 88' lang='lat' dir='ltr'>eorum</span> <span class='ocrx_word' id='word_1_112' title='bbox 1774 1050 1864 1108; x_wconf 79' lang='lat' dir='ltr'>conice</span> 
     </span>
     <span class='ocr_line' id='line_1_10' title="bbox 254 1126 1863 1207; baseline 0.006 -21"><span class='ocrx_word' id='word_1_113' title='bbox 254 1129 329 1186; x_wconf 88' lang='lat' dir='ltr'>luter</span> <span class='ocrx_word' id='word_1_114' title='bbox 340 1129 527 1185; x_wconf 90' lang='lat' dir='ltr'>colluctantes</span> <span class='ocrx_word' id='word_1_115' title='bbox 541 1135 608 1185; x_wconf 89' lang='lat' dir='ltr'>tunc</span> <span class='ocrx_word' id='word_1_116' title='bbox 629 1128 722 1185; x_wconf 91' lang='lat' dir='ltr'>solum</span> <span class='ocrx_word' id='word_1_117' title='bbox 737 1127 767 1184; x_wconf 93' lang='lat' dir='ltr'>iu</span> <span class='ocrx_word' id='word_1_118' title='bbox 786 1126 942 1185; x_wconf 88' lang='lat' dir='ltr'>luctamine</span> <span class='ocrx_word' id='word_1_119' title='bbox 959 1127 1051 1199; x_wconf 89' lang='lat' dir='ltr'>respl·</span> <span class='ocrx_word' id='word_1_120' title='bbox 1106 1128 1229 1200; x_wconf 89' lang='lat' dir='ltr'>sionem,</span> <span class='ocrx_word' id='word_1_121' title='bbox 1240 1138 1269 1187; x_wconf 84' lang='lat' dir='ltr'>et</span> <span class='ocrx_word' id='word_1_122' title='bbox 1283 1131 1495 1190; x_wconf 73' lang='lat' dir='ltr'>mncdssimam</span> <span class='ocrx_word' id='word_1_123' title='bbox 1510 1133 1614 1192; x_wconf 81' lang='lat' dir='ltr'>Christi</span> <span class='ocrx_word' id='word_1_124' title='bbox 1625 1136 1753 1207; x_wconf 83' lang='lat' dir='ltr'>corporis</span> <span class='ocrx_word' id='word_1_125' title='bbox 1761 1152 1863 1196; x_wconf 85' lang='lat' dir='ltr'>marna·</span> 
     </span>
     <span class='ocr_line' id='line_1_11' title="bbox 252 1215 1866 1299; baseline 0.006 -25"><span class='ocrx_word' id='word_1_126' title='bbox 252 1232 318 1275; x_wconf 89' lang='lat' dir='ltr'>rare</span> <span class='ocrx_word' id='word_1_127' title='bbox 332 1217 439 1280; x_wconf 88' lang='lat' dir='ltr'>licebit.</span> <span class='ocrx_word' id='word_1_128' title='bbox 458 1215 573 1289; x_wconf 86' lang='lat' dir='ltr'>quando</span> <span class='ocrx_word' id='word_1_129' title='bbox 593 1230 651 1273; x_wconf 90' lang='lat' dir='ltr'>uno</span> <span class='ocrx_word' id='word_1_130' title='bbox 665 1216 752 1284; x_wconf 90' lang='lat' dir='ltr'>victo,</span> <span class='ocrx_word' id='word_1_131' title='bbox 773 1224 802 1272; x_wconf 91' lang='lat' dir='ltr'>et</span> <span class='ocrx_word' id='word_1_132' title='bbox 822 1215 851 1272; x_wconf 91' lang='lat' dir='ltr'>in</span> <span class='ocrx_word' id='word_1_133' title='bbox 871 1217 1051 1274; x_wconf 83' lang='lat' dir='ltr'>terram-col·</span> <span class='ocrx_word' id='word_1_134' title='bbox 1108 1218 1232 1276; x_wconf 82' lang='lat' dir='ltr'>sionem.</span> <span class='ocrx_word' id='word_1_135' title='bbox 1250 1220 1278 1277; x_wconf 83' lang='lat' dir='ltr'>Si</span> <span class='ocrx_word' id='word_1_136' title='bbox 1298 1221 1376 1277; x_wconf 87' lang='lat' dir='ltr'>enim</span> <span class='ocrx_word' id='word_1_137' title='bbox 1397 1219 1445 1278; x_wconf 89' lang='lat' dir='ltr'>bic</span> <span class='ocrx_word' id='word_1_138' title='bbox 1460 1221 1540 1279; x_wconf 85' lang='lat' dir='ltr'>cibus</span> <span class='ocrx_word' id='word_1_139' title='bbox 1558 1229 1603 1281; x_wconf 89' lang='lat' dir='ltr'>est</span> <span class='ocrx_word' id='word_1_140' title='bbox 1622 1224 1733 1293; x_wconf 83' lang='lat' dir='ltr'>animes,</span> <span class='ocrx_word' id='word_1_141' title='bbox 1753 1228 1807 1282; x_wconf 88' lang='lat' dir='ltr'>sine</span> <span class='ocrx_word' id='word_1_142' title='bbox 1824 1243 1866 1299; x_wconf 78' lang='lat' dir='ltr'>quo</span> 
     </span>
     <span class='ocr_line' id='line_1_12' title="bbox 252 1303 1864 1385; baseline 0.005 -20"><span class='ocrx_word' id='word_1_143' title='bbox 252 1306 318 1376; x_wconf 86' lang='lat' dir='ltr'>lise,</span> <span class='ocrx_word' id='word_1_144' title='bbox 339 1306 409 1364; x_wconf 87' lang='lat' dir='ltr'>altor</span> <span class='ocrx_word' id='word_1_145' title='bbox 427 1305 617 1379; x_wconf 82' lang='lat' dir='ltr'>triumphator</span> <span class='ocrx_word' id='word_1_146' title='bbox 638 1303 775 1363; x_wconf 88' lang='lat' dir='ltr'>abscedit.</span> <span class='ocrx_word' id='word_1_147' title='bbox 802 1305 970 1363; x_wconf 85' lang='lat' dir='ltr'>Nostromm</span> <span class='ocrx_word' id='word_1_148' title='bbox 996 1304 1051 1361; x_wconf 92' lang='lat' dir='ltr'>ini·</span> <span class='ocrx_word' id='word_1_149' title='bbox 1106 1305 1263 1380; x_wconf 85' lang='lat' dir='ltr'>languetct</span> <span class='ocrx_word' id='word_1_150' title='bbox 1272 1310 1433 1379; x_wconf 88' lang='lat' dir='ltr'>marcescit,</span> <span class='ocrx_word' id='word_1_151' title='bbox 1446 1325 1497 1368; x_wconf 89' lang='lat' dir='ltr'>cnr</span> <span class='ocrx_word' id='word_1_152' title='bbox 1506 1325 1563 1369; x_wconf 91' lang='lat' dir='ltr'>non</span> <span class='ocrx_word' id='word_1_153' title='bbox 1574 1312 1701 1384; x_wconf 80' lang='lat' dir='ltr'>quoddie</span> <span class='ocrx_word' id='word_1_154' title='bbox 1712 1312 1864 1385; x_wconf 82' lang='lat' dir='ltr'>admensus,</span> 
     </span>
     <span class='ocr_line' id='line_1_13' title="bbox 228 1394 1865 1471; baseline 0.006 -20"><span class='ocrx_word' id='word_1_155' title='bbox 228 1412 230 1415; x_wconf 92' lang='lat'>·</span> <span class='ocrx_word' id='word_1_156' title='bbox 253 1395 393 1453; x_wconf 89' lang='lat' dir='ltr'>micorum</span> <span class='ocrx_word' id='word_1_157' title='bbox 408 1395 482 1452; x_wconf 90' lang='lat' dir='ltr'>lucta</span> <span class='ocrx_word' id='word_1_158' title='bbox 501 1407 659 1465; x_wconf 76' lang='lat' dir='ltr'>numquam</span> <span class='ocrx_word' id='word_1_159' title='bbox 676 1400 770 1451; x_wconf 89' lang='lat' dir='ltr'>cessat</span> <span class='ocrx_word' id='word_1_160' title='bbox 790 1410 797 1451; x_wconf 92' lang='lat'>:</span> <span class='ocrx_word' id='word_1_161' title='bbox 821 1394 904 1450; x_wconf 80' lang='lat' dir='ltr'>lucis</span> <span class='ocrx_word' id='word_1_162' title='bbox 925 1400 1051 1466; x_wconf 88' lang='lat' dir='ltr'>tempas,</span> <span class='ocrx_word' id='word_1_163' title='bbox 1107 1395 1136 1452; x_wconf 89' lang='lat' dir='ltr'>in</span> <span class='ocrx_word' id='word_1_164' title='bbox 1156 1410 1213 1468; x_wconf 79' lang='lat' dir='ltr'>que</span> <span class='ocrx_word' id='word_1_165' title='bbox 1233 1398 1400 1471; x_wconf 82' lang='lat' dir='ltr'>proponitrn</span> <span class='ocrx_word' id='word_1_166' title='bbox 1413 1398 1535 1469; x_wconf 76' lang='lat' dir='ltr'>usumin,</span> <span class='ocrx_word' id='word_1_167' title='bbox 1549 1402 1646 1459; x_wconf 88' lang='lat' dir='ltr'>cuncti</span> <span class='ocrx_word' id='word_1_168' title='bbox 1660 1401 1755 1460; x_wconf 88' lang='lat' dir='ltr'>sedere</span> <span class='ocrx_word' id='word_1_169' title='bbox 1767 1409 1792 1459; x_wconf 88' lang='lat' dir='ltr'>et</span> <span class='ocrx_word' id='word_1_170' title='bbox 1806 1419 1865 1461; x_wconf 87' lang='lat' dir='ltr'>nan·</span> 
     </span>
     <span class='ocr_line' id='line_1_14' title="bbox 253 1480 1861 1564; baseline 0.004 -22"><span class='ocrx_word' id='word_1_171' title='bbox 253 1491 368 1556; x_wconf 90' lang='lat' dir='ltr'>tempus</span> <span class='ocrx_word' id='word_1_172' title='bbox 387 1490 432 1540; x_wconf 87' lang='lat' dir='ltr'>est</span> <span class='ocrx_word' id='word_1_173' title='bbox 454 1482 538 1553; x_wconf 79' lang='lat' dir='ltr'>ritae;</span> <span class='ocrx_word' id='word_1_174' title='bbox 558 1480 624 1540; x_wconf 85' lang='lat' dir='ltr'>linis</span> <span class='ocrx_word' id='word_1_175' title='bbox 644 1482 770 1552; x_wconf 81' lang='lat' dir='ltr'>vivendi,</span> <span class='ocrx_word' id='word_1_176' title='bbox 795 1481 905 1555; x_wconf 85' lang='lat' dir='ltr'>requiei</span> <span class='ocrx_word' id='word_1_177' title='bbox 921 1482 976 1540; x_wconf 88' lang='lat' dir='ltr'>erit</span> <span class='ocrx_word' id='word_1_178' title='bbox 995 1481 1050 1539; x_wconf 90' lang='lat' dir='ltr'>ini·</span> <span class='ocrx_word' id='word_1_179' title='bbox 1105 1483 1212 1542; x_wconf 85' lang='lat' dir='ltr'>ducere</span> <span class='ocrx_word' id='word_1_180' title='bbox 1225 1484 1411 1545; x_wconf 80' lang='lat' dir='ltr'>desiderent?</span> <span class='ocrx_word' id='word_1_181' title='bbox 1423 1489 1477 1558; x_wconf 84' lang='lat' dir='ltr'>Qui</span> <span class='ocrx_word' id='word_1_182' title='bbox 1489 1490 1601 1547; x_wconf 87' lang='lat' dir='ltr'>itineris</span> <span class='ocrx_word' id='word_1_183' title='bbox 1616 1489 1746 1564; x_wconf 76' lang='lat' dir='ltr'>fatigatur</span> <span class='ocrx_word' id='word_1_184' title='bbox 1754 1491 1861 1561; x_wconf 69' lang='lat' dir='ltr'>marma,</span> 
     </span>
     <span class='ocr_line' id='line_1_15' title="bbox 254 1569 1863 1650; baseline 0.003 -20"><span class='ocrx_word' id='word_1_185' title='bbox 254 1572 337 1641; x_wconf 83' lang='lat' dir='ltr'>dum,</span> <span class='ocrx_word' id='word_1_186' title='bbox 356 1580 385 1630; x_wconf 89' lang='lat' dir='ltr'>et</span> <span class='ocrx_word' id='word_1_187' title='bbox 401 1571 493 1629; x_wconf 87' lang='lat' dir='ltr'>solum</span> <span class='ocrx_word' id='word_1_188' title='bbox 513 1578 578 1644; x_wconf 92' lang='lat' dir='ltr'>post</span> <span class='ocrx_word' id='word_1_189' title='bbox 601 1579 723 1629; x_wconf 88' lang='lat' dir='ltr'>mortem</span> <span class='ocrx_word' id='word_1_190' title='bbox 737 1569 851 1629; x_wconf 77' lang='lat' dir='ltr'>demon</span> <span class='ocrx_word' id='word_1_191' title='bbox 868 1572 989 1629; x_wconf 92' lang='lat' dir='ltr'>luctator</span> <span class='ocrx_word' id='word_1_192' title='bbox 1004 1585 1049 1628; x_wconf 92' lang='lat' dir='ltr'>re·</span> <span class='ocrx_word' id='word_1_193' title='bbox 1107 1570 1171 1643; x_wconf 90' lang='lat' dir='ltr'>plus</span> <span class='ocrx_word' id='word_1_194' title='bbox 1188 1570 1244 1628; x_wconf 89' lang='lat' dir='ltr'>eibi</span> <span class='ocrx_word' id='word_1_195' title='bbox 1267 1571 1378 1646; x_wconf 85' lang='lat' dir='ltr'>indiget</span> <span class='ocrx_word' id='word_1_196' title='bbox 1401 1572 1562 1647; x_wconf 79' lang='lat' dir='ltr'>refrigerio.</span> <span class='ocrx_word' id='word_1_197' title='bbox 1588 1576 1618 1633; x_wconf 84' lang='lat' dir='ltr'>si</span> <span class='ocrx_word' id='word_1_198' title='bbox 1637 1590 1708 1650; x_wconf 87' lang='lat' dir='ltr'>ergo</span> <span class='ocrx_word' id='word_1_199' title='bbox 1729 1580 1863 1635; x_wconf 75' lang='lat' dir='ltr'>omnnia</span> 
     </span>
     <span class='ocr_line' id='line_1_16' title="bbox 252 1659 1862 1739; baseline 0.002 -20"><span class='ocrx_word' id='word_1_200' title='bbox 252 1660 346 1730; x_wconf 88' lang='lat' dir='ltr'>cedet,</span> <span class='ocrx_word' id='word_1_201' title='bbox 369 1660 466 1733; x_wconf 83' lang='lat' dir='ltr'>quiin</span> <span class='ocrx_word' id='word_1_202' title='bbox 485 1659 548 1733; x_wconf 89' lang='lat' dir='ltr'>ipsa</span> <span class='ocrx_word' id='word_1_203' title='bbox 571 1668 661 1717; x_wconf 88' lang='lat' dir='ltr'>morte</span> <span class='ocrx_word' id='word_1_204' title='bbox 685 1660 786 1717; x_wconf 88' lang='lat' dir='ltr'>lortius</span> <span class='ocrx_word' id='word_1_205' title='bbox 808 1675 862 1718; x_wconf 91' lang='lat' dir='ltr'>nos</span> <span class='ocrx_word' id='word_1_206' title='bbox 885 1667 1052 1732; x_wconf 87' lang='lat' dir='ltr'>posternere</span> <span class='ocrx_word' id='word_1_207' title='bbox 1106 1666 1186 1718; x_wconf 89' lang='lat' dir='ltr'>tores</span> <span class='ocrx_word' id='word_1_208' title='bbox 1206 1675 1317 1730; x_wconf 75' lang='lat' dir='ltr'>marris,</span> <span class='ocrx_word' id='word_1_209' title='bbox 1333 1667 1364 1719; x_wconf 85' lang='lat' dir='ltr'>et</span> <span class='ocrx_word' id='word_1_210' title='bbox 1383 1661 1420 1720; x_wconf 86' lang='lat' dir='ltr'>sd</span> <span class='ocrx_word' id='word_1_211' title='bbox 1444 1663 1565 1735; x_wconf 85' lang='lat' dir='ltr'>patriam</span> <span class='ocrx_word' id='word_1_212' title='bbox 1586 1665 1743 1738; x_wconf 87' lang='lat' dir='ltr'>pergimus,</span> <span class='ocrx_word' id='word_1_213' title='bbox 1763 1680 1862 1739; x_wconf 75' lang='lat' dir='ltr'>curpre·</span> 
     </span>
     <span class='ocr_line' id='line_1_17' title="bbox 254 1748 1863 1827; baseline 0.002 -20"><span class='ocrx_word' id='word_1_214' title='bbox 254 1749 378 1807; x_wconf 89' lang='lat' dir='ltr'>molitur.</span> <span class='ocrx_word' id='word_1_215' title='bbox 400 1748 553 1807; x_wconf 83' lang='lat' dir='ltr'>Dominum</span> <span class='ocrx_word' id='word_1_216' title='bbox 568 1762 638 1822; x_wconf 82' lang='lat' dir='ltr'>ergo</span> <span class='ocrx_word' id='word_1_217' title='bbox 654 1749 822 1821; x_wconf 88' lang='lat' dir='ltr'>suppliciter</span> <span class='ocrx_word' id='word_1_218' title='bbox 835 1762 998 1817; x_wconf 79' lang='lat' dir='ltr'>exoremus,</span> <span class='ocrx_word' id='word_1_219' title='bbox 1021 1753 1053 1806; x_wconf 91' lang='lat' dir='ltr'>ut</span> <span class='ocrx_word' id='word_1_220' title='bbox 1107 1749 1181 1807; x_wconf 91' lang='lat' dir='ltr'>tioso</span> <span class='ocrx_word' id='word_1_221' title='bbox 1195 1755 1224 1807; x_wconf 90' lang='lat' dir='ltr'>et</span> <span class='ocrx_word' id='word_1_222' title='bbox 1237 1749 1421 1824; x_wconf 81' lang='lat' dir='ltr'>rapidissimo</span> <span class='ocrx_word' id='word_1_223' title='bbox 1439 1751 1503 1810; x_wconf 87' lang='lat' dir='ltr'>cibo</span> <span class='ocrx_word' id='word_1_224' title='bbox 1522 1751 1677 1811; x_wconf 82' lang='lat' dir='ltr'>confortari</span> <span class='ocrx_word' id='word_1_225' title='bbox 1701 1769 1755 1811; x_wconf 92' lang='lat' dir='ltr'>non</span> <span class='ocrx_word' id='word_1_226' title='bbox 1774 1763 1863 1827; x_wconf 81' lang='lat' dir='ltr'>appete·</span> 
     </span>
     <span class='ocr_line' id='line_1_18' title="bbox 254 1835 1864 1915; baseline 0.003 -19"><span class='ocrx_word' id='word_1_227' title='bbox 254 1853 306 1896; x_wconf 87' lang='lat' dir='ltr'>sua</span> <span class='ocrx_word' id='word_1_228' title='bbox 319 1838 411 1911; x_wconf 88' lang='lat' dir='ltr'>gratia</span> <span class='ocrx_word' id='word_1_229' title='bbox 427 1852 481 1896; x_wconf 89' lang='lat' dir='ltr'>nos</span> <span class='ocrx_word' id='word_1_230' title='bbox 498 1845 641 1912; x_wconf 87' lang='lat' dir='ltr'>protegat,</span> <span class='ocrx_word' id='word_1_231' title='bbox 656 1846 685 1896; x_wconf 91' lang='lat' dir='ltr'>et</span> <span class='ocrx_word' id='word_1_232' title='bbox 699 1837 729 1894; x_wconf 92' lang='lat' dir='ltr'>in</span> <span class='ocrx_word' id='word_1_233' title='bbox 748 1838 836 1896; x_wconf 88' lang='lat' dir='ltr'>tantis</span> <span class='ocrx_word' id='word_1_234' title='bbox 851 1837 985 1910; x_wconf 90' lang='lat' dir='ltr'>periculis</span> <span class='ocrx_word' id='word_1_235' title='bbox 999 1835 1054 1894; x_wconf 88' lang='lat' dir='ltr'>mi·</span> <span class='ocrx_word' id='word_1_236' title='bbox 1107 1838 1191 1896; x_wconf 82' lang='lat' dir='ltr'>mus?</span> <span class='ocrx_word' id='word_1_237' title='bbox 1205 1839 1283 1896; x_wconf 86' lang='lat' dir='ltr'>Elias</span> <span class='ocrx_word' id='word_1_238' title='bbox 1297 1838 1375 1897; x_wconf 89' lang='lat' dir='ltr'>bunc</span> <span class='ocrx_word' id='word_1_239' title='bbox 1395 1842 1424 1897; x_wconf 88' lang='lat' dir='ltr'>ia</span> <span class='ocrx_word' id='word_1_240' title='bbox 1439 1839 1532 1915; x_wconf 87' lang='lat' dir='ltr'>ligura</span> <span class='ocrx_word' id='word_1_241' title='bbox 1549 1841 1732 1915; x_wconf 74' lang='lat' dir='ltr'>comeditil),</span> <span class='ocrx_word' id='word_1_242' title='bbox 1752 1853 1777 1901; x_wconf 87' lang='lat' dir='ltr'>et</span> <span class='ocrx_word' id='word_1_243' title='bbox 1790 1844 1864 1900; x_wconf 88' lang='lat' dir='ltr'>ambr·</span> 
     </span>
     <span class='ocr_line' id='line_1_19' title="bbox 253 1923 1864 2006; baseline 0.001 -20"><span class='ocrx_word' id='word_1_244' title='bbox 253 1926 434 1986; x_wconf 88' lang='lat' dir='ltr'>sericorditer</span> <span class='ocrx_word' id='word_1_245' title='bbox 449 1927 484 1985; x_wconf 91' lang='lat' dir='ltr'>ab</span> <span class='ocrx_word' id='word_1_246' title='bbox 496 1925 579 1985; x_wconf 87' lang='lat' dir='ltr'>hoste</span> <span class='ocrx_word' id='word_1_247' title='bbox 589 1923 733 1985; x_wconf 82' lang='lat' dir='ltr'>desendet.</span> <span class='ocrx_word' id='word_1_248' title='bbox 749 1926 826 1985; x_wconf 84' lang='lat' dir='ltr'>Nihil</span> <span class='ocrx_word' id='word_1_249' title='bbox 842 1924 929 1998; x_wconf 75' lang='lat' dir='ltr'>(prob</span> <span class='ocrx_word' id='word_1_250' title='bbox 940 1924 1051 1998; x_wconf 89' lang='lat' dir='ltr'>dolori)</span> <span class='ocrx_word' id='word_1_251' title='bbox 1107 1925 1176 1983; x_wconf 88' lang='lat' dir='ltr'>lavit</span> <span class='ocrx_word' id='word_1_252' title='bbox 1195 1925 1399 1986; x_wconf 79' lang='lat' dir='ltr'>infortitudine</span> <span class='ocrx_word' id='word_1_253' title='bbox 1418 1929 1503 1988; x_wconf 92' lang='lat' dir='ltr'>illins.</span> <span class='ocrx_word' id='word_1_254' title='bbox 1525 1931 1554 1988; x_wconf 88' lang='lat' dir='ltr'>Si</span> <span class='ocrx_word' id='word_1_255' title='bbox 1569 1931 1677 2005; x_wconf 77' lang='lat' dir='ltr'>sepius</span> <span class='ocrx_word' id='word_1_256' title='bbox 1693 1932 1764 1991; x_wconf 91' lang='lat' dir='ltr'>bunc</span> <span class='ocrx_word' id='word_1_257' title='bbox 1776 1946 1864 2006; x_wconf 87' lang='lat' dir='ltr'>panon,</span> 
     </span>
     <span class='ocr_line' id='line_1_20' title="bbox 251 2014 1866 2094; baseline 0.002 -21"><span class='ocrx_word' id='word_1_258' title='bbox 251 2016 345 2075; x_wconf 85' lang='lat' dir='ltr'>viliori</span> <span class='ocrx_word' id='word_1_259' title='bbox 361 2016 460 2090; x_wconf 90' lang='lat' dir='ltr'>pretio,</span> <span class='ocrx_word' id='word_1_260' title='bbox 477 2030 563 2089; x_wconf 85' lang='lat' dir='ltr'>quam</span> <span class='ocrx_word' id='word_1_261' title='bbox 578 2015 735 2088; x_wconf 86' lang='lat' dir='ltr'>pretiosam</span> <span class='ocrx_word' id='word_1_262' title='bbox 751 2020 962 2073; x_wconf 92' lang='lat' dir='ltr'>commutamus</span> <span class='ocrx_word' id='word_1_263' title='bbox 984 2014 1048 2072; x_wconf 90' lang='lat' dir='ltr'>ani·</span> <span class='ocrx_word' id='word_1_264' title='bbox 1106 2015 1180 2072; x_wconf 88' lang='lat' dir='ltr'>sicut</span> <span class='ocrx_word' id='word_1_265' title='bbox 1194 2014 1287 2085; x_wconf 88' lang='lat' dir='ltr'>decet,</span> <span class='ocrx_word' id='word_1_266' title='bbox 1302 2030 1494 2089; x_wconf 90' lang='lat' dir='ltr'>sumeremus,</span> <span class='ocrx_word' id='word_1_267' title='bbox 1507 2021 1604 2093; x_wconf 83' lang='lat' dir='ltr'>magis</span> <span class='ocrx_word' id='word_1_268' title='bbox 1616 2022 1646 2078; x_wconf 93' lang='lat' dir='ltr'>in</span> <span class='ocrx_word' id='word_1_269' title='bbox 1658 2021 1704 2078; x_wconf 88' lang='lat' dir='ltr'>via</span> <span class='ocrx_word' id='word_1_270' title='bbox 1718 2024 1866 2094; x_wconf 83' lang='lat' dir='ltr'>virtutispre</span> 
     </span>
     <span class='ocr_line' id='line_1_21' title="bbox 255 2101 1864 2183; baseline 0.002 -21"><span class='ocrx_word' id='word_1_271' title='bbox 255 2119 343 2163; x_wconf 90' lang='lat' dir='ltr'>mam.</span> <span class='ocrx_word' id='word_1_272' title='bbox 359 2106 442 2163; x_wconf 90' lang='lat' dir='ltr'>lllam</span> <span class='ocrx_word' id='word_1_273' title='bbox 456 2118 636 2177; x_wconf 84' lang='lat' dir='ltr'>quacumque</span> <span class='ocrx_word' id='word_1_274' title='bbox 650 2104 696 2161; x_wconf 88' lang='lat' dir='ltr'>vel</span> <span class='ocrx_word' id='word_1_275' title='bbox 713 2103 769 2161; x_wconf 84' lang='lat' dir='ltr'>levi</span> <span class='ocrx_word' id='word_1_276' title='bbox 786 2103 941 2161; x_wconf 75' lang='lat' dir='ltr'>occasione</span> <span class='ocrx_word' id='word_1_277' title='bbox 960 2101 990 2161; x_wconf 91' lang='lat' dir='ltr'>in</span> <span class='ocrx_word' id='word_1_278' title='bbox 1004 2116 1053 2175; x_wconf 76' lang='lat' dir='ltr'>ge</span> <span class='ocrx_word' id='word_1_279' title='bbox 1106 2103 1268 2174; x_wconf 85' lang='lat' dir='ltr'>deoramus,</span> <span class='ocrx_word' id='word_1_280' title='bbox 1290 2113 1319 2164; x_wconf 88' lang='lat' dir='ltr'>et</span> <span class='ocrx_word' id='word_1_281' title='bbox 1336 2105 1372 2163; x_wconf 92' lang='lat' dir='ltr'>ad</span> <span class='ocrx_word' id='word_1_282' title='bbox 1397 2106 1572 2166; x_wconf 89' lang='lat' dir='ltr'>destinatam</span> <span class='ocrx_word' id='word_1_283' title='bbox 1600 2109 1682 2168; x_wconf 89' lang='lat' dir='ltr'>nobls</span> <span class='ocrx_word' id='word_1_284' title='bbox 1707 2113 1812 2183; x_wconf 88' lang='lat' dir='ltr'>patriam</span> <span class='ocrx_word' id='word_1_285' title='bbox 1831 2124 1864 2166; x_wconf 91' lang='lat' dir='ltr'>ro·</span> 
     </span>
     <span class='ocr_line' id='line_1_22' title="bbox 253 2191 1424 2268; baseline 0.003 -18"><span class='ocrx_word' id='word_1_286' title='bbox 253 2192 381 2252; x_wconf 87' lang='lat' dir='ltr'>bennam</span> <span class='ocrx_word' id='word_1_287' title='bbox 402 2192 595 2262; x_wconf 83' lang='lat' dir='ltr'>detrudimus3</span> <span class='ocrx_word' id='word_1_288' title='bbox 614 2199 643 2250; x_wconf 90' lang='lat' dir='ltr'>et</span> <span class='ocrx_word' id='word_1_289' title='bbox 662 2205 760 2265; x_wconf 87' lang='lat' dir='ltr'>parva,</span> <span class='ocrx_word' id='word_1_290' title='bbox 775 2192 822 2250; x_wconf 81' lang='lat' dir='ltr'>vel</span> <span class='ocrx_word' id='word_1_291' title='bbox 843 2192 962 2250; x_wconf 89' lang='lat' dir='ltr'>minima</span> <span class='ocrx_word' id='word_1_292' title='bbox 974 2206 1050 2250; x_wconf 90' lang='lat' dir='ltr'>mer·</span> <span class='ocrx_word' id='word_1_293' title='bbox 1106 2191 1216 2252; x_wconf 88' lang='lat' dir='ltr'>bustius</span> <span class='ocrx_word' id='word_1_294' title='bbox 1227 2207 1424 2268; x_wconf 76' lang='lat' dir='ltr'>pergeremus.</span> 
     </span>
     <span class='ocr_line' id='line_1_23' title="bbox 253 2281 1274 2355; baseline -0.003 -15"><span class='ocrx_word' id='word_1_295' title='bbox 253 2281 334 2351; x_wconf 87' lang='lat' dir='ltr'>cede,</span> <span class='ocrx_word' id='word_1_296' title='bbox 344 2281 540 2341; x_wconf 73' lang='lat' dir='ltr'>inestimabili</span> <span class='ocrx_word' id='word_1_297' title='bbox 556 2282 608 2340; x_wconf 83' lang='lat' dir='ltr'>liei</span> <span class='ocrx_word' id='word_1_298' title='bbox 622 2282 715 2354; x_wconf 88' lang='lat' dir='ltr'>gratia</span> <span class='ocrx_word' id='word_1_299' title='bbox 728 2281 896 2355; x_wconf 89' lang='lat' dir='ltr'>spoliamus.</span> <span class='ocrx_word' id='word_1_300' title='bbox 1270 2300 1274 2309; x_wconf 55' lang='lat'><strong>⁴</strong></span> 
     </span>
    </p>
   </div>
   <div class='ocr_carea' id='block_1_3' title="bbox 431 2440 1908 2683">
    <p class='ocr_par' dir='ltr' id='par_1_3' title="bbox 431 2440 1908 2683">
     <span class='ocr_line' id='line_1_24' title="bbox 467 2440 1908 2553; baseline -0.002 -9"><span class='ocrx_word' id='word_1_301' title='bbox 467 2484 589 2545; x_wconf 84' lang='lat' dir='ltr'>annuo</span> <span class='ocrx_word' id='word_1_302' title='bbox 612 2484 799 2544; x_wconf 77' lang='lat' dir='ltr'>suasinus</span> <span class='ocrx_word' id='word_1_303' title='bbox 1483 2440 1524 2526; x_wconf 90' lang='grc' dir='ltr'>Π</span> <span class='ocrx_word' id='word_1_304' title='bbox 1907 2526 1908 2553; x_wconf 68' lang='lat'>,</span> 
     </span>
     <span class='ocr_line' id='line_1_25' title="bbox 431 2560 1908 2683; baseline 0 -10"><span class='ocrx_word' id='word_1_305' title='bbox 431 2601 473 2659; x_wconf 70' lang='lat' dir='ltr'>a.</span> <span class='ocrx_word' id='word_1_306' title='bbox 493 2600 670 2658; x_wconf 69' lang='lat' dir='ltr'>saceraotem</span> <span class='ocrx_word' id='word_1_307' title='bbox 693 2599 868 2672; x_wconf 65' lang='lat' dir='ltr'>ortunae.</span> <span class='ocrx_word' id='word_1_308' title='bbox 1134 2605 1216 2666; x_wconf 82' lang='lat' dir='ltr'>sax</span> <span class='ocrx_word' id='word_1_309' title='bbox 1234 2607 1482 2669; x_wconf 70' lang='lat' dir='ltr'>remanum</span> <span class='ocrx_word' id='word_1_310' title='bbox 1503 2610 1715 2673; x_wconf 77' lang='lat' dir='ltr'>marosas</span> <span class='ocrx_word' id='word_1_311' title='bbox 1735 2611 1850 2683; x_wconf 77' lang='lat' dir='ltr'>onim</span> <span class='ocrx_word' id='word_1_312' title='bbox 1907 2560 1908 2655; x_wconf 74' lang='grc' dir='ltr'>ἶ</span> 
     </span>
    </p>
   </div>
   <div class='ocr_carea' id='block_1_4' title="bbox 253 2728 1908 2985">
    <p class='ocr_par' dir='ltr' id='par_1_4' title="bbox 253 2728 1908 2985">
     <span class='ocr_line' id='line_1_26' title="bbox 288 2728 1908 2807; baseline -0.006 -14"><span class='ocrx_word' id='word_1_313' title='bbox 288 2736 387 2793; x_wconf 62' lang='lat' dir='ltr'>Patres</span> <span class='ocrx_word' id='word_1_314' title='bbox 410 2731 570 2800; x_wconf 86' lang='lat' dir='ltr'>reverendi,</span> <span class='ocrx_word' id='word_1_315' title='bbox 592 2732 644 2789; x_wconf 89' lang='lat' dir='ltr'>Dei</span> <span class='ocrx_word' id='word_1_316' title='bbox 669 2732 824 2790; x_wconf 78' lang='lat' dir='ltr'>familiares</span> <span class='ocrx_word' id='word_1_317' title='bbox 848 2740 876 2789; x_wconf 89' lang='lat' dir='ltr'>et</span> <span class='ocrx_word' id='word_1_318' title='bbox 900 2730 1052 2791; x_wconf 83' lang='lat' dir='ltr'>domestici</span> <span class='ocrx_word' id='word_1_319' title='bbox 1106 2752 1350 2801; x_wconf 68' lang='lat' dir='ltr'>ngpsopmmg</span> <span class='ocrx_word' id='word_1_320' title='bbox 1359 2754 1513 2804; x_wconf 58' lang='lat' dir='ltr'>mmm</span> <span class='ocrx_word' id='word_1_321' title='bbox 1522 2757 1735 2807; x_wconf 64' lang='lat' dir='ltr'>mmmm</span> <span class='ocrx_word' id='word_1_322' title='bbox 1743 2756 1866 2806; x_wconf 65' lang='lat' dir='ltr'>mom</span> <span class='ocrx_word' id='word_1_323' title='bbox 1907 2728 1908 2733; x_wconf 77' lang='grc'>’</span> 
     </span>
     <span class='ocr_line' id='line_1_27' title="bbox 253 2820 1908 2923; baseline -0.005 -41"><span class='ocrx_word' id='word_1_324' title='bbox 253 2824 333 2923; x_wconf 72' lang='lat' dir='ltr'>estis,</span> <span class='ocrx_word' id='word_1_325' title='bbox 355 2829 384 2878; x_wconf 89' lang='lat' dir='ltr'>et</span> <span class='ocrx_word' id='word_1_326' title='bbox 403 2822 479 2879; x_wconf 91' lang='lat' dir='ltr'>illius</span> <span class='ocrx_word' id='word_1_327' title='bbox 496 2821 744 2922; x_wconf 76' lang='lat' dir='ltr'>praenoscimini,</span> <span class='ocrx_word' id='word_1_328' title='bbox 759 2828 884 2878; x_wconf 78' lang='lat' dir='ltr'>vernam</span> <span class='ocrx_word' id='word_1_329' title='bbox 903 2820 1053 2894; x_wconf 74' lang='lat' dir='ltr'>agnoscite</span> <span class='ocrx_word' id='word_1_330' title='bbox 1206 2850 1277 2899; x_wconf 58' lang='grc' dir='ltr'>Μ</span> <span class='ocrx_word' id='word_1_331' title='bbox 1297 2852 1522 2901; x_wconf 62' lang='lat' dir='ltr'>CONOESSERH</span> <span class='ocrx_word' id='word_1_332' title='bbox 1542 2854 1710 2905; x_wconf 62' lang='lat' dir='ltr'>mm</span> <span class='ocrx_word' id='word_1_333' title='bbox 1730 2840 1784 2922; x_wconf 41' lang='lat'><strong>(3).</strong></span> <span class='ocrx_word' id='word_1_334' title='bbox 1907 2908 1908 2911; x_wconf 7' lang='grc' dir='ltr'><strong>Ἴ</strong></span> 
     </span>
     <span class='ocr_line' id='line_1_28' title="bbox 253 2908 1054 2985; baseline -0.004 -17"><span class='ocrx_word' id='word_1_335' title='bbox 253 2911 432 2985; x_wconf 77' lang='lat' dir='ltr'>dignitatem.</span> <span class='ocrx_word' id='word_1_336' title='bbox 476 2911 663 2967; x_wconf 65' lang='lat' dir='ltr'>fflvouonem</span> <span class='ocrx_word' id='word_1_337' title='bbox 692 2908 840 2982; x_wconf 79' lang='lat' dir='ltr'>praeierte,</span> <span class='ocrx_word' id='word_1_338' title='bbox 878 2908 1054 2982; x_wconf 85' lang='lat' dir='ltr'>contempla·</span> 
     </span>
    </p>
   </div>
   <div class='ocr_carea' id='block_1_5' title="bbox 249 2994 1908 5023">
    <p class='ocr_par' dir='ltr' id='par_1_5' title="bbox 250 2994 1908 3605">
     <span class='ocr_line' id='line_1_29' title="bbox 252 2994 1908 3072; baseline -0.001 -13"><span class='ocrx_word' id='word_1_339' title='bbox 252 3001 323 3059; x_wconf 89' lang='lat' dir='ltr'>tioni</span> <span class='ocrx_word' id='word_1_340' title='bbox 332 2999 464 3058; x_wconf 87' lang='lat' dir='ltr'>insistite.</span> <span class='ocrx_word' id='word_1_341' title='bbox 480 2998 601 3072; x_wconf 88' lang='lat' dir='ltr'>Spiritus</span> <span class='ocrx_word' id='word_1_342' title='bbox 615 2999 781 3057; x_wconf 76' lang='lat' dir='ltr'>muciussit</span> <span class='ocrx_word' id='word_1_343' title='bbox 795 2998 883 3056; x_wconf 86' lang='lat' dir='ltr'>vestri</span> <span class='ocrx_word' id='word_1_344' title='bbox 897 2997 1049 3055; x_wconf 89' lang='lat' dir='ltr'>lumenin·</span> <span class='ocrx_word' id='word_1_345' title='bbox 1142 2996 1256 3053; x_wconf 80' lang='lat' dir='ltr'>Fratres</span> <span class='ocrx_word' id='word_1_346' title='bbox 1270 2995 1395 3054; x_wconf 86' lang='lat' dir='ltr'>llinores</span> <span class='ocrx_word' id='word_1_347' title='bbox 1406 2994 1464 3055; x_wconf 93' lang='lat' dir='ltr'>dati</span> <span class='ocrx_word' id='word_1_348' title='bbox 1478 3004 1507 3057; x_wconf 87' lang='lat' dir='ltr'>et</span> <span class='ocrx_word' id='word_1_349' title='bbox 1519 3000 1616 3058; x_wconf 84' lang='lat' dir='ltr'>vocati</span> <span class='ocrx_word' id='word_1_350' title='bbox 1636 3006 1702 3058; x_wconf 91' lang='lat' dir='ltr'>sunt</span> <span class='ocrx_word' id='word_1_351' title='bbox 1719 3000 1866 3071; x_wconf 74' lang='lat' dir='ltr'>abeopra</span> <span class='ocrx_word' id='word_1_352' title='bbox 1907 3020 1908 3029; x_wconf 41' lang='grc' dir='ltr'>ι</span> 
     </span>
     <span class='ocr_line' id='line_1_30' title="bbox 251 3084 1908 3160; baseline -0.005 -12"><span class='ocrx_word' id='word_1_353' title='bbox 251 3090 391 3160; x_wconf 83' lang='lat' dir='ltr'>tellectus,</span> <span class='ocrx_word' id='word_1_354' title='bbox 404 3095 508 3148; x_wconf 75' lang='lat' dir='ltr'>vestre</span> <span class='ocrx_word' id='word_1_355' title='bbox 521 3087 637 3146; x_wconf 85' lang='lat' dir='ltr'>bamma</span> <span class='ocrx_word' id='word_1_356' title='bbox 647 3088 812 3147; x_wconf 85' lang='lat' dir='ltr'>voluntatis.</span> <span class='ocrx_word' id='word_1_357' title='bbox 828 3089 1014 3146; x_wconf 84' lang='lat' dir='ltr'>Perseverate</span> <span class='ocrx_word' id='word_1_358' title='bbox 1022 3087 1052 3145; x_wconf 91' lang='lat' dir='ltr'>in</span> <span class='ocrx_word' id='word_1_359' title='bbox 1106 3084 1190 3157; x_wconf 92' lang='lat' dir='ltr'>cipue</span> <span class='ocrx_word' id='word_1_360' title='bbox 1207 3091 1240 3142; x_wconf 91' lang='lat' dir='ltr'>ut</span> <span class='ocrx_word' id='word_1_361' title='bbox 1253 3093 1460 3157; x_wconf 77' lang='lat' dir='ltr'>representem</span> <span class='ocrx_word' id='word_1_362' title='bbox 1471 3085 1616 3146; x_wconf 83' lang='lat' dir='ltr'>Christum</span> <span class='ocrx_word' id='word_1_363' title='bbox 1626 3090 1721 3148; x_wconf 77' lang='lat' dir='ltr'>issrrru</span> <span class='ocrx_word' id='word_1_364' title='bbox 1743 3088 1865 3148; x_wconf 85' lang='lat' dir='ltr'>bominum</span> <span class='ocrx_word' id='word_1_365' title='bbox 1907 3131 1908 3140; x_wconf 73' lang='grc'>,</span> 
     </span>
     <span class='ocr_line' id='line_1_31' title="bbox 253 3172 1866 3250; baseline -0.004 -13"><span class='ocrx_word' id='word_1_366' title='bbox 253 3177 438 3237; x_wconf 86' lang='lat' dir='ltr'>observantia</span> <span class='ocrx_word' id='word_1_367' title='bbox 459 3178 573 3235; x_wconf 89' lang='lat' dir='ltr'>illorum</span> <span class='ocrx_word' id='word_1_368' title='bbox 593 3191 657 3250; x_wconf 78' lang='lat' dir='ltr'>qum</span> <span class='ocrx_word' id='word_1_369' title='bbox 671 3177 793 3235; x_wconf 86' lang='lat' dir='ltr'>Domino</span> <span class='ocrx_word' id='word_1_370' title='bbox 808 3176 987 3249; x_wconf 88' lang='lat' dir='ltr'>promisistis,</span> <span class='ocrx_word' id='word_1_371' title='bbox 998 3190 1052 3234; x_wconf 87' lang='lat' dir='ltr'>nec</span> <span class='ocrx_word' id='word_1_372' title='bbox 1106 3180 1250 3233; x_wconf 88' lang='lat' dir='ltr'>nostrum:</span> <span class='ocrx_word' id='word_1_373' title='bbox 1265 3180 1295 3232; x_wconf 88' lang='lat' dir='ltr'>et</span> <span class='ocrx_word' id='word_1_374' title='bbox 1315 3182 1394 3233; x_wconf 88' lang='lat' dir='ltr'>tanta</span> <span class='ocrx_word' id='word_1_375' title='bbox 1407 3176 1498 3248; x_wconf 90' lang='lat' dir='ltr'>ipsius</span> <span class='ocrx_word' id='word_1_376' title='bbox 1512 3176 1665 3248; x_wconf 89' lang='lat' dir='ltr'>benelicia,</span> <span class='ocrx_word' id='word_1_377' title='bbox 1685 3172 1866 3236; x_wconf 87' lang='lat' dir='ltr'>tunonmnndo</span> 
     </span>
     <span class='ocr_line' id='line_1_32' title="bbox 251 3261 1865 3341; baseline -0.005 -14"><span class='ocrx_word' id='word_1_378' title='bbox 251 3267 288 3327; x_wconf 87' lang='lat' dir='ltr'>ad</span> <span class='ocrx_word' id='word_1_379' title='bbox 308 3283 343 3326; x_wconf 85' lang='lat' dir='ltr'>ea</span> <span class='ocrx_word' id='word_1_380' title='bbox 370 3282 435 3341; x_wconf 81' lang='lat' dir='ltr'>qum</span> <span class='ocrx_word' id='word_1_381' title='bbox 462 3267 629 3339; x_wconf 84' lang='lat' dir='ltr'>reliquistis,</span> <span class='ocrx_word' id='word_1_382' title='bbox 645 3273 720 3324; x_wconf 90' lang='lat' dir='ltr'>retro</span> <span class='ocrx_word' id='word_1_383' title='bbox 738 3265 912 3340; x_wconf 88' lang='lat' dir='ltr'>gradiamini</span> <span class='ocrx_word' id='word_1_384' title='bbox 932 3265 1053 3339; x_wconf 89' lang='lat' dir='ltr'>pedibus</span> <span class='ocrx_word' id='word_1_385' title='bbox 1106 3264 1187 3337; x_wconf 81' lang='lat' dir='ltr'>quasi</span> <span class='ocrx_word' id='word_1_386' title='bbox 1208 3261 1294 3320; x_wconf 88' lang='lat' dir='ltr'>oblita</span> <span class='ocrx_word' id='word_1_387' title='bbox 1311 3270 1341 3320; x_wconf 92' lang='lat' dir='ltr'>et</span> <span class='ocrx_word' id='word_1_388' title='bbox 1358 3273 1531 3339; x_wconf 86' lang='lat' dir='ltr'>contempta,</span> <span class='ocrx_word' id='word_1_389' title='bbox 1553 3267 1601 3324; x_wconf 88' lang='lat' dir='ltr'>vel</span> <span class='ocrx_word' id='word_1_390' title='bbox 1620 3268 1756 3340; x_wconf 86' lang='lat' dir='ltr'>neglecta,</span> <span class='ocrx_word' id='word_1_391' title='bbox 1779 3265 1803 3321; x_wconf 92' lang='lat' dir='ltr'>in</span> <span class='ocrx_word' id='word_1_392' title='bbox 1820 3277 1865 3320; x_wconf 83' lang='lat' dir='ltr'>are</span> 
     </span>
     <span class='ocr_line' id='line_1_33' title="bbox 251 3351 1908 3428; baseline -0.005 -14"><span class='ocrx_word' id='word_1_393' title='bbox 251 3357 297 3414; x_wconf 84' lang='lat' dir='ltr'>rel</span> <span class='ocrx_word' id='word_1_394' title='bbox 323 3355 438 3414; x_wconf 78' lang='lat' dir='ltr'>aflectu.</span> <span class='ocrx_word' id='word_1_395' title='bbox 476 3355 671 3414; x_wconf 83' lang='lat' dir='ltr'>Ambitionem</span> <span class='ocrx_word' id='word_1_396' title='bbox 695 3353 796 3428; x_wconf 81' lang='lat' dir='ltr'>fugite,</span> <span class='ocrx_word' id='word_1_397' title='bbox 822 3355 1052 3428; x_wconf 86' lang='lat' dir='ltr'>superioritatem</span> <span class='ocrx_word' id='word_1_398' title='bbox 1105 3352 1227 3410; x_wconf 87' lang='lat' dir='ltr'>moriam</span> <span class='ocrx_word' id='word_1_399' title='bbox 1247 3351 1466 3410; x_wconf 88' lang='lat' dir='ltr'>christianorum</span> <span class='ocrx_word' id='word_1_400' title='bbox 1486 3354 1636 3414; x_wconf 89' lang='lat' dir='ltr'>reducant.</span> <span class='ocrx_word' id='word_1_401' title='bbox 1661 3359 1695 3415; x_wconf 88' lang='lat' dir='ltr'>Et</span> <span class='ocrx_word' id='word_1_402' title='bbox 1710 3352 1865 3428; x_wconf 87' lang='lat' dir='ltr'>propterbar</span> <span class='ocrx_word' id='word_1_403' title='bbox 1907 3415 1908 3424; x_wconf 8' lang='grc' dir='ltr'>χ</span> 
     </span>
     <span class='ocr_line' id='line_1_34' title="bbox 251 3436 1866 3516; baseline -0.002 -12"><span class='ocrx_word' id='word_1_404' title='bbox 251 3447 326 3504; x_wconf 86' lang='lat' dir='ltr'>iuter</span> <span class='ocrx_word' id='word_1_405' title='bbox 352 3445 454 3503; x_wconf 85' lang='lat' dir='ltr'>iratres</span> <span class='ocrx_word' id='word_1_406' title='bbox 478 3451 588 3502; x_wconf 87' lang='lat' dir='ltr'>cavete.</span> <span class='ocrx_word' id='word_1_407' title='bbox 615 3442 828 3513; x_wconf 83' lang='lat' dir='ltr'>Recordaminl‚</span> <span class='ocrx_word' id='word_1_408' title='bbox 848 3443 923 3515; x_wconf 80' lang='lat' dir='ltr'>quod</span> <span class='ocrx_word' id='word_1_409' title='bbox 952 3443 1001 3516; x_wconf 86' lang='lat' dir='ltr'>qui</span> <span class='ocrx_word' id='word_1_410' title='bbox 1022 3443 1051 3499; x_wconf 89' lang='lat' dir='ltr'>in</span> <span class='ocrx_word' id='word_1_411' title='bbox 1106 3440 1215 3514; x_wconf 90' lang='lat' dir='ltr'>abipso</span> <span class='ocrx_word' id='word_1_412' title='bbox 1228 3441 1299 3497; x_wconf 81' lang='lat' dir='ltr'>Filio</span> <span class='ocrx_word' id='word_1_413' title='bbox 1313 3442 1436 3499; x_wconf 83' lang='lat' dir='ltr'>Domino</span> <span class='ocrx_word' id='word_1_414' title='bbox 1451 3445 1629 3502; x_wconf 87' lang='lat' dir='ltr'>nostrolesu</span> <span class='ocrx_word' id='word_1_415' title='bbox 1643 3444 1748 3504; x_wconf 80' lang='lat' dir='ltr'>Christo</span> <span class='ocrx_word' id='word_1_416' title='bbox 1762 3436 1866 3516; x_wconf 74' lang='lat' dir='ltr'>posntldi</span> 
     </span>
     <span class='ocr_line' id='line_1_35' title="bbox 250 3530 1503 3605; baseline -0.002 -14"><span class='ocrx_word' id='word_1_417' title='bbox 250 3534 393 3592; x_wconf 82' lang='lat' dir='ltr'>inlinitum</span> <span class='ocrx_word' id='word_1_418' title='bbox 414 3532 548 3592; x_wconf 87' lang='lat' dir='ltr'>hominos</span> <span class='ocrx_word' id='word_1_419' title='bbox 567 3531 702 3604; x_wconf 77' lang='lat' dir='ltr'>procedit</span> <span class='ocrx_word' id='word_1_420' title='bbox 725 3537 754 3589; x_wconf 88' lang='lat' dir='ltr'>et</span> <span class='ocrx_word' id='word_1_421' title='bbox 780 3531 910 3605; x_wconf 89' lang='lat' dir='ltr'>angelos,</span> <span class='ocrx_word' id='word_1_422' title='bbox 924 3531 954 3589; x_wconf 90' lang='lat' dir='ltr'>in</span> <span class='ocrx_word' id='word_1_423' title='bbox 975 3530 1053 3589; x_wconf 89' lang='lat' dir='ltr'>bunc</span> <span class='ocrx_word' id='word_1_424' title='bbox 1105 3537 1172 3587; x_wconf 85' lang='lat' dir='ltr'>sunt</span> <span class='ocrx_word' id='word_1_425' title='bbox 1186 3543 1202 3587; x_wconf 91' lang='lat' dir='ltr'>a</span> <span class='ocrx_word' id='word_1_426' title='bbox 1218 3532 1277 3587; x_wconf 85' lang='lat' dir='ltr'>beo</span> <span class='ocrx_word' id='word_1_427' title='bbox 1294 3530 1377 3587; x_wconf 85' lang='lat' dir='ltr'>Patre</span> <span class='ocrx_word' id='word_1_428' title='bbox 1388 3545 1441 3588; x_wconf 92' lang='lat' dir='ltr'>suo</span> <span class='ocrx_word' id='word_1_429' title='bbox 1450 3531 1503 3604; x_wconf 82' lang='lat' dir='ltr'>(i).</span> 
     </span>
    </p>

    <p class='ocr_par' dir='ltr' id='par_1_6' title="bbox 249 3614 1908 4404">
     <span class='ocr_line' id='line_1_36' title="bbox 249 3614 1908 3693; baseline -0.008 -12"><span class='ocrx_word' id='word_1_430' title='bbox 249 3622 388 3681; x_wconf 89' lang='lat' dir='ltr'>mundum</span> <span class='ocrx_word' id='word_1_431' title='bbox 407 3621 597 3691; x_wconf 86' lang='lat' dir='ltr'>descendens,</span> <span class='ocrx_word' id='word_1_432' title='bbox 619 3635 677 3679; x_wconf 91' lang='lat' dir='ltr'>non</span> <span class='ocrx_word' id='word_1_433' title='bbox 699 3621 792 3679; x_wconf 89' lang='lat' dir='ltr'>solum</span> <span class='ocrx_word' id='word_1_434' title='bbox 808 3619 937 3693; x_wconf 88' lang='lat' dir='ltr'>angelis,</span> <span class='ocrx_word' id='word_1_435' title='bbox 952 3619 1004 3677; x_wconf 93' lang='lat' dir='ltr'>sed</span> <span class='ocrx_word' id='word_1_436' title='bbox 1023 3627 1053 3678; x_wconf 89' lang='lat' dir='ltr'>et</span> <span class='ocrx_word' id='word_1_437' title='bbox 1143 3618 1169 3674; x_wconf 89' lang='lat' dir='ltr'>i.</span> <span class='ocrx_word' id='word_1_438' title='bbox 1189 3620 1224 3675; x_wconf 86' lang='lat' dir='ltr'>Et</span> <span class='ocrx_word' id='word_1_439' title='bbox 1240 3617 1336 3675; x_wconf 86' lang='lat' dir='ltr'>Primo</span> <span class='ocrx_word' id='word_1_440' title='bbox 1354 3617 1413 3677; x_wconf 90' lang='lat' dir='ltr'>dati</span> <span class='ocrx_word' id='word_1_441' title='bbox 1436 3625 1513 3688; x_wconf 89' lang='lat' dir='ltr'>sunt,</span> <span class='ocrx_word' id='word_1_442' title='bbox 1536 3626 1567 3677; x_wconf 90' lang='lat' dir='ltr'>ut</span> <span class='ocrx_word' id='word_1_443' title='bbox 1590 3620 1680 3679; x_wconf 82' lang='lat' dir='ltr'>verbo</span> <span class='ocrx_word' id='word_1_444' title='bbox 1697 3627 1725 3678; x_wconf 88' lang='lat' dir='ltr'>ei</span> <span class='ocrx_word' id='word_1_445' title='bbox 1746 3617 1810 3677; x_wconf 86' lang='lat' dir='ltr'>iacto</span> <span class='ocrx_word' id='word_1_446' title='bbox 1823 3614 1866 3672; x_wconf 90' lang='lat' dir='ltr'>sint</span> <span class='ocrx_word' id='word_1_447' title='bbox 1907 3617 1908 3682; x_wconf 83' lang='lat' dir='ltr'>j</span> 
     </span>
     <span class='ocr_line' id='line_1_37' title="bbox 250 3706 1864 3782; baseline -0.006 -13"><span class='ocrx_word' id='word_1_448' title='bbox 250 3710 415 3769; x_wconf 90' lang='lat' dir='ltr'>bominibus</span> <span class='ocrx_word' id='word_1_449' title='bbox 437 3709 555 3767; x_wconf 88' lang='lat' dir='ltr'>inierior</span> <span class='ocrx_word' id='word_1_450' title='bbox 578 3712 657 3768; x_wconf 85' lang='lat' dir='ltr'>visus</span> <span class='ocrx_word' id='word_1_451' title='bbox 676 3717 730 3779; x_wconf 86' lang='lat' dir='ltr'>est,</span> <span class='ocrx_word' id='word_1_452' title='bbox 743 3709 933 3782; x_wconf 84' lang='lat' dir='ltr'>omnibusque</span> <span class='ocrx_word' id='word_1_453' title='bbox 947 3723 980 3766; x_wconf 90' lang='lat' dir='ltr'>se</span> <span class='ocrx_word' id='word_1_454' title='bbox 995 3709 1049 3765; x_wconf 92' lang='lat' dir='ltr'>mi·</span> <span class='ocrx_word' id='word_1_455' title='bbox 1106 3712 1194 3763; x_wconf 89' lang='lat' dir='ltr'>testes</span> <span class='ocrx_word' id='word_1_456' title='bbox 1207 3713 1236 3763; x_wconf 88' lang='lat' dir='ltr'>et</span> <span class='ocrx_word' id='word_1_457' title='bbox 1249 3706 1407 3765; x_wconf 89' lang='lat' dir='ltr'>imitatores</span> <span class='ocrx_word' id='word_1_458' title='bbox 1424 3709 1560 3781; x_wconf 77' lang='lat' dir='ltr'>praecipui</span> <span class='ocrx_word' id='word_1_459' title='bbox 1579 3724 1641 3767; x_wconf 78' lang='lat' dir='ltr'>sum</span> <span class='ocrx_word' id='word_1_460' title='bbox 1662 3710 1795 3768; x_wconf 81' lang='lat' dir='ltr'>altissime</span> <span class='ocrx_word' id='word_1_461' title='bbox 1812 3718 1864 3777; x_wconf 90' lang='lat' dir='ltr'>pau·</span> 
     </span>
     <span class='ocr_line' id='line_1_38' title="bbox 250 3791 1866 3869; baseline -0.003 -12"><span class='ocrx_word' id='word_1_462' title='bbox 250 3814 350 3859; x_wconf 86' lang='lat' dir='ltr'>norem</span> <span class='ocrx_word' id='word_1_463' title='bbox 369 3798 479 3869; x_wconf 88' lang='lat' dir='ltr'>dicens,</span> <span class='ocrx_word' id='word_1_464' title='bbox 499 3800 539 3856; x_wconf 91' lang='lat' dir='ltr'>ait</span> <span class='ocrx_word' id='word_1_465' title='bbox 552 3815 559 3856; x_wconf 92' lang='lat'><strong>:</strong></span> <span class='ocrx_word' id='word_1_466' title='bbox 573 3799 637 3856; x_wconf 87' lang='lat' dir='ltr'>Non</span> <span class='ocrx_word' id='word_1_467' title='bbox 658 3798 725 3855; x_wconf 88' lang='lat' dir='ltr'>veni</span> <span class='ocrx_word' id='word_1_468' title='bbox 739 3798 911 3862; x_wconf 90' lang='lat' dir='ltr'>ministrari,</span> <span class='ocrx_word' id='word_1_469' title='bbox 927 3795 978 3854; x_wconf 85' lang='lat' dir='ltr'>sod</span> <span class='ocrx_word' id='word_1_470' title='bbox 996 3798 1050 3854; x_wconf 93' lang='lat' dir='ltr'>mi·</span> <span class='ocrx_word' id='word_1_471' title='bbox 1106 3794 1234 3866; x_wconf 84' lang='lat' dir='ltr'>pertalis,</span> <span class='ocrx_word' id='word_1_472' title='bbox 1256 3809 1305 3867; x_wconf 91' lang='lat' dir='ltr'>per</span> <span class='ocrx_word' id='word_1_473' title='bbox 1324 3795 1520 3854; x_wconf 89' lang='lat' dir='ltr'>omnimodam</span> <span class='ocrx_word' id='word_1_474' title='bbox 1540 3796 1748 3856; x_wconf 86' lang='lat' dir='ltr'>abdicationem</span> <span class='ocrx_word' id='word_1_475' title='bbox 1770 3791 1866 3869; x_wconf 80' lang='lat' dir='ltr'>proprie</span> 
     </span>
     <span class='ocr_line' id='line_1_39' title="bbox 251 3879 1908 3960; baseline -0.007 -14"><span class='ocrx_word' id='word_1_476' title='bbox 251 3888 373 3946; x_wconf 88' lang='lat' dir='ltr'>nistrare</span> <span class='ocrx_word' id='word_1_477' title='bbox 389 3887 481 3960; x_wconf 88' lang='lat' dir='ltr'>(llatt.</span> <span class='ocrx_word' id='word_1_478' title='bbox 497 3903 545 3955; x_wconf 82' lang='lat' dir='ltr'>xx,</span> <span class='ocrx_word' id='word_1_479' title='bbox 561 3887 619 3960; x_wconf 76' lang='lat'>28).</span> <span class='ocrx_word' id='word_1_480' title='bbox 640 3887 717 3956; x_wconf 84' lang='lat' dir='ltr'>Quos</span> <span class='ocrx_word' id='word_1_481' title='bbox 738 3887 765 3942; x_wconf 91' lang='lat' dir='ltr'>in</span> <span class='ocrx_word' id='word_1_482' title='bbox 789 3887 922 3959; x_wconf 75' lang='lat' dir='ltr'>prelatos</span> <span class='ocrx_word' id='word_1_483' title='bbox 944 3886 1052 3943; x_wconf 73' lang='lat' dir='ltr'>assurin</span> <span class='ocrx_word' id='word_1_484' title='bbox 1105 3883 1182 3950; x_wconf 88' lang='lat' dir='ltr'>tatis,</span> <span class='ocrx_word' id='word_1_485' title='bbox 1197 3890 1227 3941; x_wconf 90' lang='lat' dir='ltr'>et</span> <span class='ocrx_word' id='word_1_486' title='bbox 1240 3881 1376 3941; x_wconf 73' lang='lat' dir='ltr'>indebito</span> <span class='ocrx_word' id='word_1_487' title='bbox 1395 3883 1566 3954; x_wconf 76' lang='lat' dir='ltr'>abendonia,</span> <span class='ocrx_word' id='word_1_488' title='bbox 1587 3901 1623 3945; x_wconf 92' lang='lat' dir='ltr'>ac</span> <span class='ocrx_word' id='word_1_489' title='bbox 1636 3879 1865 3960; x_wconf 82' lang='lat' dir='ltr'>pauperemetlu·</span> <span class='ocrx_word' id='word_1_490' title='bbox 1907 3931 1908 3942; x_wconf 71' lang='grc'>,</span> 
     </span>
     <span class='ocr_line' id='line_1_40' title="bbox 251 3966 1865 4048; baseline -0.002 -15"><span class='ocrx_word' id='word_1_491' title='bbox 251 3975 423 4048; x_wconf 85' lang='lat' dir='ltr'>contigerit,</span> <span class='ocrx_word' id='word_1_492' title='bbox 447 3988 505 4031; x_wconf 91' lang='lat' dir='ltr'>non</span> <span class='ocrx_word' id='word_1_493' title='bbox 527 3972 649 4047; x_wconf 87' lang='lat' dir='ltr'>superbe</span> <span class='ocrx_word' id='word_1_494' title='bbox 672 3975 813 4046; x_wconf 87' lang='lat' dir='ltr'>imperent</span> <span class='ocrx_word' id='word_1_495' title='bbox 831 3972 952 4031; x_wconf 88' lang='lat' dir='ltr'>subditis</span> <span class='ocrx_word' id='word_1_496' title='bbox 979 3980 1051 4031; x_wconf 90' lang='lat' dir='ltr'>tam·</span> <span class='ocrx_word' id='word_1_497' title='bbox 1106 3973 1202 4031; x_wconf 88' lang='lat' dir='ltr'>miiem</span> <span class='ocrx_word' id='word_1_498' title='bbox 1226 3986 1310 4030; x_wconf 90' lang='lat' dir='ltr'>usum</span> <span class='ocrx_word' id='word_1_499' title='bbox 1329 3987 1425 4030; x_wconf 91' lang='lat' dir='ltr'>rerum</span> <span class='ocrx_word' id='word_1_500' title='bbox 1448 3973 1577 4031; x_wconf 90' lang='lat' dir='ltr'>omnium</span> <span class='ocrx_word' id='word_1_501' title='bbox 1602 3966 1865 4048; x_wconf 65' lang='lat' dir='ltr'>temporalemque</span> 
     </span>
     <span class='ocr_line' id='line_1_41' title="bbox 251 4056 1866 4137; baseline -0.006 -16"><span class='ocrx_word' id='word_1_502' title='bbox 251 4079 338 4137; x_wconf 87' lang='lat' dir='ltr'>quam</span> <span class='ocrx_word' id='word_1_503' title='bbox 357 4062 465 4120; x_wconf 89' lang='lat' dir='ltr'>domini</span> <span class='ocrx_word' id='word_1_504' title='bbox 487 4062 538 4135; x_wconf 82' lang='lat' dir='ltr'>(l),</span> <span class='ocrx_word' id='word_1_505' title='bbox 560 4060 611 4120; x_wconf 88' lang='lat' dir='ltr'>sed</span> <span class='ocrx_word' id='word_1_506' title='bbox 633 4061 777 4120; x_wconf 87' lang='lat' dir='ltr'>humiliter</span> <span class='ocrx_word' id='word_1_507' title='bbox 798 4061 955 4135; x_wconf 90' lang='lat' dir='ltr'>corrigant,</span> <span class='ocrx_word' id='word_1_508' title='bbox 978 4062 1053 4120; x_wconf 89' lang='lat' dir='ltr'>siout</span> <span class='ocrx_word' id='word_1_509' title='bbox 1105 4067 1212 4118; x_wconf 83' lang='lat' dir='ltr'>sancita</span> <span class='ocrx_word' id='word_1_510' title='bbox 1226 4061 1401 4134; x_wconf 87' lang='lat' dir='ltr'>paupertatis</span> <span class='ocrx_word' id='word_1_511' title='bbox 1411 4060 1500 4119; x_wconf 87' lang='lat' dir='ltr'>virtus</span> <span class='ocrx_word' id='word_1_512' title='bbox 1513 4061 1685 4133; x_wconf 71' lang='lat' dir='ltr'>etelectus,</span> <span class='ocrx_word' id='word_1_513' title='bbox 1700 4056 1866 4134; x_wconf 78' lang='lat' dir='ltr'>qamiabom</span> 
     </span>
     <span class='ocr_line' id='line_1_42' title="bbox 250 4147 1865 4224; baseline -0.005 -14"><span class='ocrx_word' id='word_1_514' title='bbox 250 4167 337 4210; x_wconf 85' lang='lat' dir='ltr'>veros</span> <span class='ocrx_word' id='word_1_515' title='bbox 355 4150 438 4210; x_wconf 87' lang='lat' dir='ltr'>decet</span> <span class='ocrx_word' id='word_1_516' title='bbox 456 4151 612 4210; x_wconf 89' lang='lat' dir='ltr'>ministros.</span> <span class='ocrx_word' id='word_1_517' title='bbox 626 4150 851 4209; x_wconf 87' lang='lat' dir='ltr'>Necessitatibus</span> <span class='ocrx_word' id='word_1_518' title='bbox 863 4150 974 4207; x_wconf 90' lang='lat' dir='ltr'>illorum</span> <span class='ocrx_word' id='word_1_519' title='bbox 989 4151 1051 4222; x_wconf 83' lang='lat' dir='ltr'>qui-</span> <span class='ocrx_word' id='word_1_520' title='bbox 1106 4148 1189 4207; x_wconf 91' lang='lat' dir='ltr'>nibus</span> <span class='ocrx_word' id='word_1_521' title='bbox 1203 4147 1308 4222; x_wconf 87' lang='lat' dir='ltr'>ubique</span> <span class='ocrx_word' id='word_1_522' title='bbox 1331 4147 1443 4207; x_wconf 86' lang='lat' dir='ltr'>deserta</span> <span class='ocrx_word' id='word_1_523' title='bbox 1462 4157 1491 4208; x_wconf 92' lang='lat' dir='ltr'>et</span> <span class='ocrx_word' id='word_1_524' title='bbox 1513 4150 1663 4224; x_wconf 90' lang='lat' dir='ltr'>repudiata</span> <span class='ocrx_word' id='word_1_525' title='bbox 1685 4166 1719 4208; x_wconf 90' lang='lat' dir='ltr'>ac</span> <span class='ocrx_word' id='word_1_526' title='bbox 1734 4149 1865 4216; x_wconf 82' lang='lat' dir='ltr'>contempit</span> 
     </span>
     <span class='ocr_line' id='line_1_43' title="bbox 250 4228 1866 4315; baseline -0.007 -16"><span class='ocrx_word' id='word_1_527' title='bbox 250 4242 427 4315; x_wconf 88' lang='lat' dir='ltr'>buscumqua</span> <span class='ocrx_word' id='word_1_528' title='bbox 439 4239 628 4314; x_wconf 84' lang='lat' dir='ltr'>provideant:</span> <span class='ocrx_word' id='word_1_529' title='bbox 645 4254 756 4313; x_wconf 88' lang='lat' dir='ltr'>magna</span> <span class='ocrx_word' id='word_1_530' title='bbox 766 4241 804 4297; x_wconf 89' lang='lat' dir='ltr'>sit</span> <span class='ocrx_word' id='word_1_531' title='bbox 817 4254 885 4297; x_wconf 90' lang='lat' dir='ltr'>cura</span> <span class='ocrx_word' id='word_1_532' title='bbox 900 4239 975 4297; x_wconf 89' lang='lat' dir='ltr'>eirca</span> <span class='ocrx_word' id='word_1_533' title='bbox 989 4254 1051 4297; x_wconf 88' lang='lat' dir='ltr'>cor·</span> <span class='ocrx_word' id='word_1_534' title='bbox 1106 4235 1264 4307; x_wconf 87' lang='lat' dir='ltr'>videbatur,</span> <span class='ocrx_word' id='word_1_535' title='bbox 1276 4233 1349 4295; x_wconf 91' lang='lat' dir='ltr'>adeo</span> <span class='ocrx_word' id='word_1_536' title='bbox 1364 4236 1439 4310; x_wconf 85' lang='lat' dir='ltr'>qaod</span> <span class='ocrx_word' id='word_1_537' title='bbox 1452 4237 1575 4311; x_wconf 89' lang='lat' dir='ltr'>amplius</span> <span class='ocrx_word' id='word_1_538' title='bbox 1589 4255 1648 4297; x_wconf 90' lang='lat' dir='ltr'>non</span> <span class='ocrx_word' id='word_1_539' title='bbox 1663 4234 1819 4302; x_wconf 87' lang='lat' dir='ltr'>inveniebat,</span> <span class='ocrx_word' id='word_1_540' title='bbox 1829 4228 1866 4288; x_wconf 90' lang='lat' dir='ltr'>ubi</span> 
     </span>
     <span class='ocr_line' id='line_1_44' title="bbox 252 4324 1752 4404; baseline -0.003 -17"><span class='ocrx_word' id='word_1_541' title='bbox 252 4331 375 4404; x_wconf 90' lang='lat' dir='ltr'>porales,</span> <span class='ocrx_word' id='word_1_542' title='bbox 393 4329 484 4404; x_wconf 83' lang='lat' dir='ltr'>major</span> <span class='ocrx_word' id='word_1_543' title='bbox 504 4336 599 4387; x_wconf 87' lang='lat' dir='ltr'>autem</span> <span class='ocrx_word' id='word_1_544' title='bbox 611 4329 688 4387; x_wconf 87' lang='lat' dir='ltr'>circa</span> <span class='ocrx_word' id='word_1_545' title='bbox 708 4328 881 4402; x_wconf 89' lang='lat' dir='ltr'>spirituales.</span> <span class='ocrx_word' id='word_1_546' title='bbox 894 4327 1052 4386; x_wconf 65' lang='lat' dir='ltr'>advertant</span> <span class='ocrx_word' id='word_1_547' title='bbox 1106 4324 1231 4398; x_wconf 84' lang='lat' dir='ltr'>perlecto</span> <span class='ocrx_word' id='word_1_548' title='bbox 1245 4332 1273 4384; x_wconf 88' lang='lat' dir='ltr'>et</span> <span class='ocrx_word' id='word_1_549' title='bbox 1287 4325 1399 4400; x_wconf 85' lang='lat' dir='ltr'>integre</span> <span class='ocrx_word' id='word_1_550' title='bbox 1414 4326 1608 4399; x_wconf 84' lang='lat' dir='ltr'>requiesceret</span> <span class='ocrx_word' id='word_1_551' title='bbox 1620 4343 1671 4401; x_wconf 87' lang='lat' dir='ltr'>pes</span> <span class='ocrx_word' id='word_1_552' title='bbox 1683 4326 1752 4401; x_wconf 85' lang='lat' dir='ltr'>ejus.</span> 
     </span>
    </p>

    <p class='ocr_par' dir='ltr' id='par_1_7' title="bbox 251 4405 1865 5023">
     <span class='ocr_line' id='line_1_45' title="bbox 251 4405 1864 4492; baseline -0.006 -17"><span class='ocrx_word' id='word_1_553' title='bbox 251 4418 327 4492; x_wconf 85' lang='lat' dir='ltr'>quod</span> <span class='ocrx_word' id='word_1_554' title='bbox 350 4425 416 4477; x_wconf 88' lang='lat' dir='ltr'>sunt</span> <span class='ocrx_word' id='word_1_555' title='bbox 442 4425 572 4492; x_wconf 91' lang='lat' dir='ltr'>pastores</span> <span class='ocrx_word' id='word_1_556' title='bbox 596 4419 757 4476; x_wconf 90' lang='lat' dir='ltr'>animarum</span> <span class='ocrx_word' id='word_1_557' title='bbox 782 4416 836 4474; x_wconf 91' lang='lat' dir='ltr'>sibi</span> <span class='ocrx_word' id='word_1_558' title='bbox 860 4416 1049 4486; x_wconf 90' lang='lat' dir='ltr'>subditorum,</span> <span class='ocrx_word' id='word_1_559' title='bbox 1141 4415 1168 4473; x_wconf 80' lang='lat' dir='ltr'>l.</span> <span class='ocrx_word' id='word_1_560' title='bbox 1190 4413 1330 4483; x_wconf 88' lang='lat' dir='ltr'>Secundo,</span> <span class='ocrx_word' id='word_1_561' title='bbox 1346 4421 1377 4472; x_wconf 91' lang='lat' dir='ltr'>ut</span> <span class='ocrx_word' id='word_1_562' title='bbox 1391 4414 1479 4472; x_wconf 87' lang='lat' dir='ltr'>verbo</span> <span class='ocrx_word' id='word_1_563' title='bbox 1491 4423 1519 4473; x_wconf 89' lang='lat' dir='ltr'>et</span> <span class='ocrx_word' id='word_1_564' title='bbox 1534 4414 1608 4476; x_wconf 88' lang='lat' dir='ltr'>iacto</span> <span class='ocrx_word' id='word_1_565' title='bbox 1619 4417 1677 4474; x_wconf 92' lang='lat' dir='ltr'>sint</span> <span class='ocrx_word' id='word_1_566' title='bbox 1692 4422 1772 4474; x_wconf 88' lang='lat' dir='ltr'>testes</span> <span class='ocrx_word' id='word_1_567' title='bbox 1781 4417 1805 4468; x_wconf 89' lang='lat' dir='ltr'>et</span> <span class='ocrx_word' id='word_1_568' title='bbox 1816 4405 1864 4465; x_wconf 86' lang='lat' dir='ltr'>iui-</span> 
     </span>
     <span class='ocr_line' id='line_1_46' title="bbox 251 4493 1863 4580; baseline -0.01 -16"><span class='ocrx_word' id='word_1_569' title='bbox 251 4522 382 4580; x_wconf 83' lang='lat' dir='ltr'>quarum,</span> <span class='ocrx_word' id='word_1_570' title='bbox 406 4506 563 4564; x_wconf 89' lang='lat' dir='ltr'>secundum</span> <span class='ocrx_word' id='word_1_571' title='bbox 588 4506 756 4580; x_wconf 78' lang='lat' dir='ltr'>Apostolum</span> <span class='ocrx_word' id='word_1_572' title='bbox 777 4505 876 4580; x_wconf 88' lang='lat' dir='ltr'>(lleb.,</span> <span class='ocrx_word' id='word_1_573' title='bbox 902 4520 963 4576; x_wconf 86' lang='grc' dir='ltr'>ιιιιι,</span> <span class='ocrx_word' id='word_1_574' title='bbox 994 4505 1049 4578; x_wconf 88' lang='grc'><strong>17),</strong></span> <span class='ocrx_word' id='word_1_575' title='bbox 1106 4509 1213 4559; x_wconf 83' lang='lat' dir='ltr'>latores</span> <span class='ocrx_word' id='word_1_576' title='bbox 1227 4517 1287 4559; x_wconf 86' lang='lat' dir='ltr'>suaa</span> <span class='ocrx_word' id='word_1_577' title='bbox 1301 4501 1549 4561; x_wconf 71' lang='lat' dir='ltr'>excellentissime</span> <span class='ocrx_word' id='word_1_578' title='bbox 1562 4512 1591 4562; x_wconf 88' lang='lat' dir='ltr'>et</span> <span class='ocrx_word' id='word_1_579' title='bbox 1600 4501 1802 4577; x_wconf 82' lang='lat' dir='ltr'>perfectissime</span> <span class='ocrx_word' id='word_1_580' title='bbox 1812 4493 1863 4552; x_wconf 87' lang='lat' dir='ltr'>obe·</span> 
     </span>
     <span class='ocr_line' id='line_1_47' title="bbox 253 4582 1863 4667; baseline -0.005 -15"><span class='ocrx_word' id='word_1_581' title='bbox 253 4597 351 4652; x_wconf 87' lang='lat' dir='ltr'>stricto</span> <span class='ocrx_word' id='word_1_582' title='bbox 365 4592 457 4652; x_wconf 88' lang='lat' dir='ltr'>iudici</span> <span class='ocrx_word' id='word_1_583' title='bbox 470 4596 610 4652; x_wconf 89' lang='lat' dir='ltr'>rationem</span> <span class='ocrx_word' id='word_1_584' title='bbox 625 4601 692 4652; x_wconf 91' lang='lat' dir='ltr'>sunt</span> <span class='ocrx_word' id='word_1_585' title='bbox 706 4593 853 4652; x_wconf 88' lang='lat' dir='ltr'>reddituri.</span> <span class='ocrx_word' id='word_1_586' title='bbox 870 4594 971 4653; x_wconf 88' lang='lat' dir='ltr'>Ovium</span> <span class='ocrx_word' id='word_1_587' title='bbox 983 4609 1049 4667; x_wconf 89' lang='lat' dir='ltr'>pas·</span> <span class='ocrx_word' id='word_1_588' title='bbox 1106 4591 1229 4660; x_wconf 83' lang='lat' dir='ltr'>dientim,</span> <span class='ocrx_word' id='word_1_589' title='bbox 1252 4606 1307 4663; x_wconf 84' lang='lat' dir='ltr'>qua</span> <span class='ocrx_word' id='word_1_590' title='bbox 1332 4606 1389 4649; x_wconf 91' lang='lat' dir='ltr'>non</span> <span class='ocrx_word' id='word_1_591' title='bbox 1411 4592 1503 4649; x_wconf 90' lang='lat' dir='ltr'>solum</span> <span class='ocrx_word' id='word_1_592' title='bbox 1523 4594 1583 4650; x_wconf 86' lang='lat' dir='ltr'>Deo</span> <span class='ocrx_word' id='word_1_593' title='bbox 1606 4593 1681 4651; x_wconf 88' lang='lat' dir='ltr'>Patri</span> <span class='ocrx_word' id='word_1_594' title='bbox 1692 4606 1742 4649; x_wconf 87' lang='lat' dir='ltr'>suo</span> <span class='ocrx_word' id='word_1_595' title='bbox 1754 4582 1863 4646; x_wconf 65' lang='lat' dir='ltr'>obeditis</span> 
     </span>
     <span class='ocr_line' id='line_1_48' title="bbox 251 4673 1865 4757; baseline -0.007 -16"><span class='ocrx_word' id='word_1_596' title='bbox 251 4692 339 4753; x_wconf 90' lang='lat' dir='ltr'>tores,</span> <span class='ocrx_word' id='word_1_597' title='bbox 351 4684 376 4739; x_wconf 92' lang='lat' dir='ltr'>si</span> <span class='ocrx_word' id='word_1_598' title='bbox 387 4697 441 4753; x_wconf 83' lang='lat' dir='ltr'>qua</span> <span class='ocrx_word' id='word_1_599' title='bbox 454 4681 628 4755; x_wconf 90' lang='lat' dir='ltr'>deperditur,</span> <span class='ocrx_word' id='word_1_600' title='bbox 644 4690 693 4740; x_wconf 89' lang='lat' dir='ltr'>aut</span> <span class='ocrx_word' id='word_1_601' title='bbox 704 4681 812 4757; x_wconf 76' lang='lat' dir='ltr'>frigore</span> <span class='ocrx_word' id='word_1_602' title='bbox 826 4684 910 4756; x_wconf 87' lang='lat' dir='ltr'>perit,</span> <span class='ocrx_word' id='word_1_603' title='bbox 926 4681 1052 4740; x_wconf 89' lang='lat' dir='ltr'>dominis</span> <span class='ocrx_word' id='word_1_604' title='bbox 1106 4679 1197 4738; x_wconf 89' lang='lat' dir='ltr'>iactus</span> <span class='ocrx_word' id='word_1_605' title='bbox 1217 4686 1261 4738; x_wconf 88' lang='lat' dir='ltr'>esi</span> <span class='ocrx_word' id='word_1_606' title='bbox 1280 4695 1331 4752; x_wconf 93' lang='lat' dir='ltr'>pro</span> <span class='ocrx_word' id='word_1_607' title='bbox 1348 4679 1431 4738; x_wconf 89' lang='lat' dir='ltr'>nobis</span> <span class='ocrx_word' id='word_1_608' title='bbox 1446 4695 1537 4752; x_wconf 84' lang='lat' dir='ltr'>usque</span> <span class='ocrx_word' id='word_1_609' title='bbox 1557 4680 1594 4738; x_wconf 92' lang='lat' dir='ltr'>ad</span> <span class='ocrx_word' id='word_1_610' title='bbox 1613 4689 1731 4739; x_wconf 86' lang='lat' dir='ltr'>mortem</span> <span class='ocrx_word' id='word_1_611' title='bbox 1749 4673 1865 4740; x_wconf 68' lang='lat' dir='ltr'>aurbei</span> 
     </span>
     <span class='ocr_line' id='line_1_49' title="bbox 252 4755 1864 4844; baseline -0.007 -13"><span class='ocrx_word' id='word_1_612' title='bbox 252 4772 313 4831; x_wconf 87' lang='lat' dir='ltr'>suis</span> <span class='ocrx_word' id='word_1_613' title='bbox 341 4770 443 4829; x_wconf 88' lang='lat' dir='ltr'>callide</span> <span class='ocrx_word' id='word_1_614' title='bbox 474 4769 663 4841; x_wconf 79' lang='lat' dir='ltr'>satisfaciunt,</span> <span class='ocrx_word' id='word_1_615' title='bbox 698 4770 766 4828; x_wconf 88' lang='lat' dir='ltr'>dum</span> <span class='ocrx_word' id='word_1_616' title='bbox 793 4779 912 4829; x_wconf 83' lang='lat' dir='ltr'>mortuae</span> <span class='ocrx_word' id='word_1_617' title='bbox 947 4771 1051 4844; x_wconf 90' lang='lat' dir='ltr'>pellem</span> <span class='ocrx_word' id='word_1_618' title='bbox 1106 4769 1192 4826; x_wconf 78' lang='lat' dir='ltr'>edam</span> <span class='ocrx_word' id='word_1_619' title='bbox 1207 4767 1372 4841; x_wconf 86' lang='lat' dir='ltr'>parentibus</span> <span class='ocrx_word' id='word_1_620' title='bbox 1386 4769 1456 4840; x_wconf 87' lang='lat' dir='ltr'>suis,</span> <span class='ocrx_word' id='word_1_621' title='bbox 1472 4769 1526 4826; x_wconf 90' lang='lat' dir='ltr'>sibi</span> <span class='ocrx_word' id='word_1_622' title='bbox 1548 4770 1635 4843; x_wconf 84' lang='lat' dir='ltr'>longe</span> <span class='ocrx_word' id='word_1_623' title='bbox 1651 4755 1864 4827; x_wconf 80' lang='lat' dir='ltr'>interioribusu-</span> 
     </span>
     <span class='ocr_line' id='line_1_50' title="bbox 253 4849 1864 4933; baseline -0.008 -13"><span class='ocrx_word' id='word_1_624' title='bbox 253 4858 417 4920; x_wconf 86' lang='lat' dir='ltr'>ostendunt.</span> <span class='ocrx_word' id='word_1_625' title='bbox 433 4859 602 4917; x_wconf 79' lang='lat' dir='ltr'>Animarum</span> <span class='ocrx_word' id='word_1_626' title='bbox 620 4874 688 4917; x_wconf 89' lang='lat' dir='ltr'>vero</span> <span class='ocrx_word' id='word_1_627' title='bbox 706 4867 835 4933; x_wconf 90' lang='lat' dir='ltr'>pastores</span> <span class='ocrx_word' id='word_1_628' title='bbox 854 4874 911 4916; x_wconf 91' lang='lat' dir='ltr'>non</span> <span class='ocrx_word' id='word_1_629' title='bbox 932 4873 983 4932; x_wconf 90' lang='lat' dir='ltr'>pro</span> <span class='ocrx_word' id='word_1_630' title='bbox 997 4874 1051 4916; x_wconf 87' lang='lat' dir='ltr'>ove</span> <span class='ocrx_word' id='word_1_631' title='bbox 1106 4857 1208 4915; x_wconf 88' lang='lat' dir='ltr'>delicet</span> <span class='ocrx_word' id='word_1_632' title='bbox 1224 4856 1427 4915; x_wconf 74' lang='lat' dir='ltr'>sacratissime</span> <span class='ocrx_word' id='word_1_633' title='bbox 1448 4857 1560 4932; x_wconf 83' lang='lat' dir='ltr'>Virgini</span> <span class='ocrx_word' id='word_1_634' title='bbox 1576 4858 1659 4916; x_wconf 90' lang='lat' dir='ltr'>matri</span> <span class='ocrx_word' id='word_1_635' title='bbox 1678 4859 1744 4925; x_wconf 73' lang='lat' dir='ltr'>sue,</span> <span class='ocrx_word' id='word_1_636' title='bbox 1757 4860 1784 4911; x_wconf 92' lang='lat' dir='ltr'>et</span> <span class='ocrx_word' id='word_1_637' title='bbox 1801 4849 1864 4907; x_wconf 79' lang='lat' dir='ltr'>berb</span> 
     </span>
     <span class='ocr_line' id='line_1_51' title="bbox 254 4927 1864 5023; baseline -0.001 -15"><span class='ocrx_word' id='word_1_638' title='bbox 254 4951 369 5023; x_wconf 87' lang='lat' dir='ltr'>pellem,</span> <span class='ocrx_word' id='word_1_639' title='bbox 390 4947 441 5006; x_wconf 90' lang='lat' dir='ltr'>sed</span> <span class='ocrx_word' id='word_1_640' title='bbox 454 4948 557 5022; x_wconf 88' lang='lat' dir='ltr'>pellem</span> <span class='ocrx_word' id='word_1_641' title='bbox 572 4962 624 5022; x_wconf 93' lang='lat' dir='ltr'>pro</span> <span class='ocrx_word' id='word_1_642' title='bbox 644 4948 735 5022; x_wconf 86' lang='lat' dir='ltr'>pelle,</span> <span class='ocrx_word' id='word_1_643' title='bbox 749 4949 875 5006; x_wconf 89' lang='lat' dir='ltr'>animam</span> <span class='ocrx_word' id='word_1_644' title='bbox 889 4961 940 5020; x_wconf 89' lang='lat' dir='ltr'>pro</span> <span class='ocrx_word' id='word_1_645' title='bbox 955 4947 1051 5004; x_wconf 88' lang='lat' dir='ltr'>anima</span> <span class='ocrx_word' id='word_1_646' title='bbox 1104 4944 1212 5019; x_wconf 86' lang='lat' dir='ltr'>ioseph</span> <span class='ocrx_word' id='word_1_647' title='bbox 1224 4945 1297 5018; x_wconf 88' lang='lat' dir='ltr'>patri</span> <span class='ocrx_word' id='word_1_648' title='bbox 1312 4947 1440 5019; x_wconf 84' lang='lat' dir='ltr'>putativo</span> <span class='ocrx_word' id='word_1_649' title='bbox 1454 4945 1584 5005; x_wconf 90' lang='lat' dir='ltr'>subditus</span> <span class='ocrx_word' id='word_1_650' title='bbox 1597 4961 1661 5004; x_wconf 88' lang='lat' dir='ltr'>esse</span> <span class='ocrx_word' id='word_1_651' title='bbox 1673 4944 1756 5002; x_wconf 86' lang='lat' dir='ltr'>voluit</span> <span class='ocrx_word' id='word_1_652' title='bbox 1765 4939 1811 5014; x_wconf 63' lang='lat'>(5),</span> <span class='ocrx_word' id='word_1_653' title='bbox 1827 4927 1864 4991; x_wconf 54' lang='lat' dir='ltr'>⁵²st</span> 
     </span>
    </p>
   </div>
   <div class='ocr_carea' id='block_1_6' title="bbox 254 5083 1864 5663">
    <p class='ocr_par' dir='ltr' id='par_1_8' title="bbox 288 5083 1864 5176">
     <span class='ocr_line' id='line_1_52' title="bbox 288 5083 1864 5176; baseline -0.006 -21"><span class='ocrx_word' id='word_1_654' title='bbox 288 5099 328 5170; x_wconf 81' lang='lat' dir='ltr'>(l)</span> <span class='ocrx_word' id='word_1_655' title='bbox 343 5098 414 5156; x_wconf 84' lang='lat' dir='ltr'>Vide</span> <span class='ocrx_word' id='word_1_656' title='bbox 427 5098 539 5164; x_wconf 77' lang='lat' dir='ltr'>collat..</span> <span class='ocrx_word' id='word_1_657' title='bbox 556 5099 600 5156; x_wconf 79' lang='lat'>26.</span> <span class='ocrx_word' id='word_1_658' title='bbox 1106 5095 1138 5153; x_wconf 84' lang='lat' dir='ltr'>tit</span> <span class='ocrx_word' id='word_1_659' title='bbox 1165 5096 1282 5166; x_wconf 91' lang='lat' dir='ltr'>montio,</span> <span class='ocrx_word' id='word_1_660' title='bbox 1302 5103 1448 5168; x_wconf 86' lang='lat' dir='ltr'>tamquam</span> <span class='ocrx_word' id='word_1_661' title='bbox 1465 5095 1513 5169; x_wconf 83' lang='lat' dir='ltr'>qui</span> <span class='ocrx_word' id='word_1_662' title='bbox 1535 5097 1565 5154; x_wconf 92' lang='lat' dir='ltr'>in</span> <span class='ocrx_word' id='word_1_663' title='bbox 1588 5095 1773 5176; x_wconf 81' lang='lat' dir='ltr'>testimonium</span> <span class='ocrx_word' id='word_1_664' title='bbox 1789 5085 1828 5168; x_wconf 78' lang='lat' dir='ltr'>rel</span> <span class='ocrx_word' id='word_1_665' title='bbox 1843 5083 1864 5138; x_wconf 75' lang='lat' dir='ltr'>ill</span> 
     </span>
    </p>

    <p class='ocr_par' dir='ltr' id='par_1_9' title="bbox 290 5165 1863 5245">
     <span class='ocr_line' id='line_1_53' title="bbox 290 5165 1863 5245; baseline -0.007 -19"><span class='ocrx_word' id='word_1_666' title='bbox 290 5170 332 5240; x_wconf 76' lang='lat'>(2)</span> <span class='ocrx_word' id='word_1_667' title='bbox 353 5172 509 5242; x_wconf 83' lang='lat' dir='ltr'>Reg.,xrx,</span> <span class='ocrx_word' id='word_1_668' title='bbox 521 5170 548 5227; x_wconf 84' lang='lat'>8.</span> <span class='ocrx_word' id='word_1_669' title='bbox 1105 5168 1268 5240; x_wconf 85' lang='lat' dir='ltr'>exemplum</span> <span class='ocrx_word' id='word_1_670' title='bbox 1291 5166 1477 5225; x_wconf 91' lang='lat' dir='ltr'>adducantur.</span> <span class='ocrx_word' id='word_1_671' title='bbox 1502 5169 1564 5237; x_wconf 84' lang='lat' dir='ltr'>Qui,</span> <span class='ocrx_word' id='word_1_672' title='bbox 1593 5167 1705 5225; x_wconf 85' lang='lat' dir='ltr'>excusis</span> <span class='ocrx_word' id='word_1_673' title='bbox 1725 5165 1776 5245; x_wconf 68' lang='lat' dir='ltr'>bis,</span> <span class='ocrx_word' id='word_1_674' title='bbox 1798 5165 1863 5215; x_wconf 73' lang='lat' dir='ltr'>nram</span> 
     </span>
    </p>

    <p class='ocr_par' dir='ltr' id='par_1_10' title="bbox 254 5224 1864 5663">
     <span class='ocr_line' id='line_1_54' title="bbox 289 5224 1864 5313; baseline -0.01 -15"><span class='ocrx_word' id='word_1_675' title='bbox 289 5241 332 5312; x_wconf 74' lang='lat'>(3)</span> <span class='ocrx_word' id='word_1_676' title='bbox 351 5240 523 5313; x_wconf 84' lang='lat' dir='ltr'>opusculum</span> <span class='ocrx_word' id='word_1_677' title='bbox 546 5239 603 5295; x_wconf 88' lang='lat' dir='ltr'>boc</span> <span class='ocrx_word' id='word_1_678' title='bbox 622 5240 651 5295; x_wconf 91' lang='lat' dir='ltr'>in</span> <span class='ocrx_word' id='word_1_679' title='bbox 667 5240 762 5296; x_wconf 89' lang='lat' dir='ltr'>lacera</span> <span class='ocrx_word' id='word_1_680' title='bbox 782 5243 936 5295; x_wconf 80' lang='lat' dir='ltr'>etvetusta</span> <span class='ocrx_word' id='word_1_681' title='bbox 951 5234 1051 5294; x_wconf 85' lang='lat' dir='ltr'>charta</span> <span class='ocrx_word' id='word_1_682' title='bbox 1105 5238 1175 5294; x_wconf 88' lang='lat' dir='ltr'>satis</span> <span class='ocrx_word' id='word_1_683' title='bbox 1188 5238 1318 5302; x_wconf 84' lang='lat' dir='ltr'>uetustis,</span> <span class='ocrx_word' id='word_1_684' title='bbox 1333 5236 1486 5296; x_wconf 89' lang='lat' dir='ltr'>adbaeserit</span> <span class='ocrx_word' id='word_1_685' title='bbox 1497 5239 1587 5303; x_wconf 90' lang='lat' dir='ltr'>libris,</span> <span class='ocrx_word' id='word_1_686' title='bbox 1600 5252 1657 5295; x_wconf 88' lang='lat' dir='ltr'>uon</span> <span class='ocrx_word' id='word_1_687' title='bbox 1669 5238 1798 5295; x_wconf 81' lang='lat' dir='ltr'>immerito</span> <span class='ocrx_word' id='word_1_688' title='bbox 1809 5224 1864 5284; x_wconf 84' lang='lat' dir='ltr'>aibr</span> 
     </span>
     <span class='ocr_line' id='line_1_55' title="bbox 256 5301 1842 5384; baseline -0.009 -17"><span class='ocrx_word' id='word_1_689' title='bbox 256 5318 441 5384; x_wconf 89' lang='lat' dir='ltr'>pergamenta</span> <span class='ocrx_word' id='word_1_690' title='bbox 464 5309 535 5367; x_wconf 87' lang='lat' dir='ltr'>milri</span> <span class='ocrx_word' id='word_1_691' title='bbox 558 5309 683 5366; x_wconf 89' lang='lat' dir='ltr'>occurrit</span> <span class='ocrx_word' id='word_1_692' title='bbox 706 5323 741 5365; x_wconf 94' lang='lat' dir='ltr'>eo</span> <span class='ocrx_word' id='word_1_693' title='bbox 762 5306 856 5374; x_wconf 89' lang='lat' dir='ltr'>modo,</span> <span class='ocrx_word' id='word_1_694' title='bbox 878 5321 934 5377; x_wconf 87' lang='lat' dir='ltr'>quo</span> <span class='ocrx_word' id='word_1_695' title='bbox 956 5313 1049 5364; x_wconf 89' lang='lat' dir='ltr'>trans·</span> <span class='ocrx_word' id='word_1_696' title='bbox 1105 5307 1194 5364; x_wconf 90' lang='lat' dir='ltr'>mabit</span> <span class='ocrx_word' id='word_1_697' title='bbox 1208 5308 1324 5366; x_wconf 89' lang='lat' dir='ltr'>alterius</span> <span class='ocrx_word' id='word_1_698' title='bbox 1339 5323 1355 5364; x_wconf 87' lang='lat' dir='ltr'>a</span> <span class='ocrx_word' id='word_1_699' title='bbox 1370 5310 1522 5366; x_wconf 81' lang='lat' dir='ltr'>Francisco</span> <span class='ocrx_word' id='word_1_700' title='bbox 1536 5309 1592 5367; x_wconf 89' lang='lat' dir='ltr'>hec</span> <span class='ocrx_word' id='word_1_701' title='bbox 1604 5323 1668 5365; x_wconf 85' lang='lat' dir='ltr'>esse</span> <span class='ocrx_word' id='word_1_702' title='bbox 1681 5301 1842 5379; x_wconf 73' lang='lat' dir='ltr'>opusculum.</span> 
     </span>
     <span class='ocr_line' id='line_1_56' title="bbox 254 5367 1864 5508; baseline -0.006 -69"><span class='ocrx_word' id='word_1_703' title='bbox 254 5382 351 5508; x_wconf 50' lang='lat' dir='ltr'>crissi,</span> <span class='ocrx_word' id='word_1_704' title='bbox 371 5381 401 5463; x_wconf 86' lang='lat' dir='ltr'>in</span> <span class='ocrx_word' id='word_1_705' title='bbox 422 5380 606 5462; x_wconf 35' lang='lat' dir='ltr'>Bibliotheca,</span> <span class='ocrx_word' id='word_1_706' title='bbox 625 5381 766 5506; x_wconf 59' lang='grc' dir='ltr'>Μίιιοιᾱιιιιι</span> <span class='ocrx_word' id='word_1_707' title='bbox 789 5378 928 5505; x_wconf 47' lang='lat' dir='ltr'>conferit.</span> <span class='ocrx_word' id='word_1_708' title='bbox 949 5379 1048 5460; x_wconf 36' lang='lat' dir='ltr'>&#39;Aesis</span> <span class='ocrx_word' id='word_1_709' title='bbox 1106 5376 1181 5505; x_wconf 68' lang='lat' dir='ltr'>Cib)</span> <span class='ocrx_word' id='word_1_710' title='bbox 1204 5381 1245 5436; x_wconf 89' lang='lat' dir='ltr'>De</span> <span class='ocrx_word' id='word_1_711' title='bbox 1263 5379 1524 5478; x_wconf 77' lang='lat' dir='ltr'>postulationeliac</span> <span class='ocrx_word' id='word_1_712' title='bbox 1547 5379 1611 5435; x_wconf 82' lang='lat' dir='ltr'>aide</span> <span class='ocrx_word' id='word_1_713' title='bbox 1627 5377 1721 5444; x_wconf 84' lang='lat' dir='ltr'>liber,</span> <span class='ocrx_word' id='word_1_714' title='bbox 1733 5376 1751 5431; x_wconf 94' lang='lat' dir='ltr'>l.</span> <span class='ocrx_word' id='word_1_715' title='bbox 1765 5371 1802 5496; x_wconf 71' lang='lat' dir='ltr'>V.¹</span> <span class='ocrx_word' id='word_1_716' title='bbox 1813 5367 1864 5492; x_wconf 52' lang='lat'>{1¹¹5</span> 
     </span>
     <span class='ocr_line' id='line_1_57' title="bbox 254 5447 1777 5603; baseline -0.003 -25"><span class='ocrx_word' id='word_1_717' title='bbox 254 5449 1051 5603; x_wconf 60' lang='grc'>111111111111111111111111111</span> <span class='ocrx_word' id='word_1_718' title='bbox 1128 5447 1426 5589; x_wconf 59' lang='lat' dir='ltr'>iii⁶tiiu3’2⁸.³i¹l.¹·’</span> <span class='ocrx_word' id='word_1_719' title='bbox 1440 5450 1659 5521; x_wconf 73' lang='lat'>¹¹¹‘·¹’‘¹¹&#39;⁰‘⁰⁹·’</span> <span class='ocrx_word' id='word_1_720' title='bbox 1672 5461 1697 5504; x_wconf 79' lang='lat'>⁰·</span> <span class='ocrx_word' id='word_1_721' title='bbox 1711 5447 1737 5515; x_wconf 82' lang='lat'>²’</span> <span class='ocrx_word' id='word_1_722' title='bbox 1751 5457 1777 5500; x_wconf 78' lang='lat'>⁰·</span> 
     </span>
     <span class='ocr_line' id='line_1_58' title="bbox 255 5591 1051 5663; baseline 0 -15"><span class='ocrx_word' id='word_1_723' title='bbox 255 5593 389 5660; x_wconf 60' lang='lat' dir='ltr'>hebetum</span> <span class='ocrx_word' id='word_1_724' title='bbox 412 5606 572 5663; x_wconf 80' lang='lat' dir='ltr'>saepiusque</span> <span class='ocrx_word' id='word_1_725' title='bbox 594 5607 683 5662; x_wconf 86' lang='lat' dir='ltr'>rpsrus</span> <span class='ocrx_word' id='word_1_726' title='bbox 705 5594 847 5650; x_wconf 87' lang='lat' dir='ltr'>Francrscr</span> <span class='ocrx_word' id='word_1_727' title='bbox 867 5600 894 5649; x_wconf 87' lang='lat' dir='ltr'>et</span> <span class='ocrx_word' id='word_1_728' title='bbox 910 5592 940 5648; x_wconf 88' lang='lat' dir='ltr'>B.</span> <span class='ocrx_word' id='word_1_729' title='bbox 962 5591 1051 5649; x_wconf 86' lang='lat' dir='ltr'>Clnrte</span> 
     </span>
    </p>
   </div>
   <div class='ocr_carea' id='block_1_7' title="bbox 0 0 1980 6196">
    <p class='ocr_par' dir='ltr' id='par_1_11' title="bbox 0 0 1980 6196">
     <span class='ocr_line' id='line_1_59' title="bbox 0 0 1980 6196; baseline 0 0"><span class='ocrx_word' id='word_1_730' title='bbox 0 0 1980 6196; x_wconf 95' lang='lat' dir='ltr'> </span> 
     </span>
    </p>
   </div>
  </div>
 </body>
</html>
