3950 6200
229 286 289 348 128
669 282 723 341 ab
746 281 883 340 OPERA
905 282 939 340 S.
962 281 1182 343 FRANCISCI
1203 285 1430 348 ASSISIATIS
1818 295 1874 356 las

229 446 350 508 castri.
365 444 493 520 (Lucae,
515 455 587 508 xxi,
608 438 674 518 15.)
692 441 777 500 Nam
798 441 832 501 et
858 438 1023 501 soldanus
1077 443 1139 513 ret,
1153 442 1189 504 ut
1199 444 1233 504 et
1243 443 1361 505 merito
1371 460 1439 507 non
1449 449 1579 508 careret
1591 449 1696 525 optati
1707 453 1866 528 martyrii,

230 541 460 606 admirandum
477 539 598 600 inviro
619 538 679 598 Dei
699 537 863 599 servorem
885 537 1024 615 spiritus
1078 540 1111 599 et
1123 539 1354 616 insigniendus
1368 545 1561 605 servaretur
1575 546 1609 605 in
1623 548 1792 622 posterum
1807 551 1870 624 pri·

229 639 437 716 conspiciens
469 638 502 697 et
534 635 707 707 virtutem,
733 634 875 696 libenter
912 636 1023 711 ipsum
1078 636 1199 712 vilegio
1219 637 1394 714 singulari.
1419 641 1474 700 Sic
1494 642 1745 718 utiquelactum
1760 647 1819 715 est,
1835 650 1871 707 ut

229 736 395 806 audiebat,
425 734 458 794 et
485 731 527 794 ad
555 748 683 794 moram
712 748 787 793 cum
815 748 855 793 eo
884 733 1023 793 contra·
1079 733 1166 809 ignis
1179 734 1376 795 illedivlnus
1388 737 1496 798 adhuc
1509 739 1687 814 perfectius
1700 741 1805 816 ipsius
1815 758 1873 803 aas·

228 835 371 897 hendam
395 832 575 894 instantius
596 829 769 891 invitabat.
796 829 919 890 Christi
943 844 1023 890 vero
1077 832 1872 913 tuaretlncorde,utpostpotentiusevaporaret

228 947 360 1002 servus,
391 944 537 1006 superno
570 928 760 989 illustratus
786 927 922 988 oraculo
952 948 960 988 ι
987 926 1023 986 Si
1078 927 1112 987 in
1128 943 1239 989 carne.
1256 931 1282 989 Ο
1297 943 1376 990 vere
1389 927 1522 992 beatum
1537 933 1659 1006 virum,
1672 937 1769 1011 qu'us
1782 951 1871 1006 caro,

226 1031 289 1100 vis,
320 1028 444 1105 inquit,
472 1026 623 1086 converti
645 1027 681 1086 tu
710 1041 785 1085 cum
815 1025 936 1102 populo
965 1027 1023 1084 tuo
1078 1026 1139 1085 etsi
1153 1027 1329 1102 tyrannico
1347 1025 1437 1088 terro
1452 1043 1519 1089 non
1532 1030 1684 1101 caeditur,
1699 1032 1805 1091 occisi
1818 1033 1872 1092 ta-

227 1127 269 1189 ad
291 1126 472 1196 Christum,
497 1123 539 1184 ob
563 1123 657 1183 illius
681 1137 828 1183 amorem
851 1121 1023 1183 vobiscum
1078 1138 1153 1182 meu
1167 1122 1253 1198 agni
1267 1123 1487 1185 similitudine
1497 1141 1564 1190 non
1576 1127 1729 1202 privatur
1745 1132 1753 1187 1
1767 1130 1793 1189 Ο
1809 1127 1876 1205 (iu-

214 1224 370 1286 libenter
409 1219 649 1282 commorabor.
694 1219 786 1290 Quod
819 1218 849 1279 si
885 1218 1022 1284 haesitas
1077 1218 1192 1297 quam)
1206 1235 1342 1292 vere,ac
1353 1221 1451 1297 plene
1465 1222 1874 1301 beatum,quusanimam

226 1323 362 1400 propter
383 1319 481 1380 iidem
501 1317 622 1378 Christi
639 1317 747 1392 legem
771 1315 954 1377 Mehumeti
969 1315 1023 1376 di·
1077 1317 1141 1377 etsi
1156 1316 1289 1393 gladius
1311 1319 1537 1392 persecutoris
1549 1335 1616 1382 non
1629 1320 1780 1394 abstulit,
1797 1322 1873 1398 pal-

227 1420 370 1489 mittere,
393 1415 473 1493 jube
487 1416 598 1491 ignem
613 1414 750 1475 accendi
765 1413 1020 1491 permaximum,
1077 1429 1165 1476 mam
1175 1415 1288 1477 tamen
1303 1416 1457 1494 martyrii
1469 1431 1537 1478 non
1552 1417 1691 1482 amisitl

227 1517 261 1580 et
274 1530 335 1591 ego
352 1529 426 1574 oum
443 1512 672 1574 sacerdotibus
686 1511 754 1574 tuis
770 1511 881 1586 ignem
906 1510 1023 1586 ingre-

226 1613 311 1684 diar,
324 1611 422 1672 utvel
435 1610 485 1672 sie
497 1625 691 1685 cognoscas,
704 1624 777 1685 quae
790 1607 873 1669 tides
885 1608 1020 1675 certior,
1369 1647 1505 1707 CAPUT
1525 1648 1555 1707 X

225 1711 259 1772 et
282 1708 430 1771 sanctior
453 1723 519 1769 non
542 1707 708 1767 immerito
730 1705 874 1767 tenenda
894 1704 948 1766 sit.
971 1703 1021 1764 Ad
1557 1690 1566 1705 ’

226 1823 323 1886 quem
348 1805 512 1867 soldanus
534 1825 544 1864 a
567 1805 643 1866 Non
664 1802 763 1863 credo
788 1803 873 1879 quod
899 1801 1022 1878 aliquis
1190 1824 1241 1884 ha
1254 1822 1369 1884 mago
1387 1824 1422 1884 εἰ
1435 1824 1568 1884 virtute
1584 1826 1767 1886 mmm

167 1899 173 1904 ’
226 1905 266 1966 de
281 1902 510 1965 sacerdotibus
522 1901 605 1962 meis
628 1916 665 1961 se
686 1899 788 1962 vellet
800 1899 869 1976 igni
884 1899 1022 1976 propter

225 2004 323 2065 tidem
352 2016 446 2062 snam
484 1997 721 2060 defensandam
757 2012 937 2073 exponere,
967 1995 1021 2057 rel
1121 1999 1275 2062 sentiens
1301 2000 1424 2061 Christi
1438 2015 1556 2062 servus
1576 2003 1779 2064 Franciscus
1794 2019 1873 2065 cor·

226 2115 332 2177 genus
347 2097 480 2176 aliquod
494 2096 607 2157 subire
621 2094 788 2158 tormenti.
1079 2112 1159 2172 pore
1172 2112 1208 2157 se
1223 2097 1435 2173 peregrinum
1457 2113 1477 2158 a
1492 2099 1643 2169 Domino,
1661 2115 1737 2160 cum
1746 2103 1820 2178 jam
1834 2102 1877 2168 ad

264 2196 501 2261 Videratenlm
516 2195 628 2255 statim
642 2191 816 2269 quemdam
831 2190 1022 2268 depresby·
1079 2195 1212 2254 terrena
1231 2194 1312 2254 ioris
1336 2195 1501 2256 desideria
1520 2211 1580 2272 per
1601 2196 1725 2257 Christi
1744 2199 1874 2259 carita-

223 2296 306 2359 teris
327 2294 408 2366 suis,
436 2292 546 2354 virum
566 2290 805 2360 authenticum,
837 2290 869 2350 et
893 2288 1021 2364 longae·
1076 2291 1142 2353 tem
1156 2292 1244 2353 totus
1259 2292 1347 2352 esset
1364 2291 1570 2353 insensibilis
1590 2292 1710 2367 iactus,
1728 2311 1771 2355 ne
1787 2295 1873 2356 leret

223 2410 312 2465 vum,
323 2392 387 2452 hoc
401 2390 514 2451 audito
526 2388 639 2460 verbo,
651 2387 692 2448 de
702 2387 774 2447 suis
787 2385 1019 2463 conspectibus
1078 2388 1204 2465 absque
1217 2389 1444 2450 consolatione
1458 2389 1583 2462 dilecti,
1599 2391 1675 2450 sine
1695 2391 1872 2452 intermis-

224 2491 404 2567 aulugisse.
433 2487 482 2549 Ad
509 2501 607 2563 quem
628 2486 681 2546 vir
705 2485 860 2546 sanctus:
877 2483 911 2544 Si
936 2481 1019 2543 mihi
1078 2485 1173 2545 sione
1188 2500 1299 2557 orans,
1316 2485 1469 2563 spiritum
1487 2488 1553 2547 Deo
1569 2487 1794 2570 contendebat
1814 2503 1876 2548 ex-

223 2588 307 2651 relis
320 2585 513 2663 promittere
528 2598 587 2660 pro
599 2584 631 2644 te
646 2582 679 2642 et
688 2581 810 2657 populo
833 2582 902 2652 tuo,
930 2579 1018 2657 quod
1078 2581 1192 2643 hibere
1207 2586 1416 2659 praesentem.
1430 2586 1511 2644 Erat
1521 2583 1655 2660 quidem
1669 2586 1779 2646 oratio
1795 2601 1877 2646 oon-

224 2685 267 2750 ad
282 2683 403 2745 Christi
418 2682 555 2747 cultum,
572 2680 601 2739 si
615 2680 726 2754 ignem
748 2678 875 2738 illaesus
887 2677 1015 2749 exiere,
1076 2680 1250 2755 templanti
1267 2680 1433 2751 solatium,
1455 2681 1532 2740 dum
1559 2696 1782 2757 supernarum
1802 2683 1874 2743 cir·

223 2781 380 2851 veniatis,
400 2778 512 2854 ignem
534 2776 625 2836 solus
649 2772 805 2835 introibo.
823 2773 862 2834 Et
881 2774 911 2832 si
926 2789 1019 2834 com·
1077 2776 1169 2837 cuitu
1192 2778 1414 2850 mansionum,
1432 2777 1628 2852 angelorum
1641 2780 1874 2856 concirisjam

223 2869 1018 2949 bustusiuero,imputeiurpeocatismeis2siau·
1085 2874 1877 2951 actus,serventidesiderioquaerebatdilectum,

223 2979 291 3040 teni
309 2974 422 3035 divina
444 2987 496 3031 me
511 2969 695 3047 protexerit
713 2967 833 3038 virtus,
850 2966 1017 3027 Christum
1084 2987 1182 3049 aquo
1198 2972 1288 3033 solus
1314 2988 1390 3032 eum
1405 2972 1516 3033 carnis
1529 2972 1878 3050 pariesdisjungehat.

224 3071 450 3137 Deivirtutem
464 3070 497 3132 et
511 3066 721 3144 sapientiam,
736 3080 851 3126 verum
866 3066 970 3126 Deum
985 3066 1019 3128 et
1081 3071 1162 3131 Erat
1175 3072 1209 3132 et
1229 3069 1381 3146 operanti
1396 3068 1600 3145 praesidium,
1617 3069 1695 3130 dum
1716 3071 1752 3130 in
1767 3072 1880 3132 omni·

175 3168 178 3191 ¹
204 3228 207 3239 .
223 3171 411 3241 Dominum,
427 3166 633 3229 salvatorem
652 3164 799 3225 omnium
815 3163 1016 3238 agnoscatis.
1074 3166 1150 3236 bus,
1167 3182 1241 3244 quae
1253 3166 1383 3243 agebat,
1399 3166 1513 3227 desua
1527 3167 1680 3228 diffidens
1693 3168 1877 3242 industria,

225 3269 390 3334 Soldanus
418 3266 528 3326 autem
555 3263 723 3339 optionem
750 3261 838 3321 hanc
864 3258 1018 3337 accipere
1074 3266 1107 3325 et
1125 3264 1166 3324 de
1179 3279 1325 3339 superna
1340 3264 1465 3340 pietate
1491 3264 1673 3335 conlidens,
1687 3280 1749 3341 per
1769 3266 1880 3342 ipsius

224 3380 261 3431 se
285 3380 352 3427 non
378 3363 501 3425 audere
517 3359 701 3438 respondit,
718 3359 795 3435 quia
820 3356 1017 3419 seditionem
1077 3357 1271 3419 instantiam
1285 3357 1388 3418 totum
1401 3358 1437 3419 in
1452 3359 1592 3419 Domino
1605 3360 1879 3437 cogitatumjac-

223 3463 337 3542 populi
359 3457 568 3523 formidabat.
594 3456 719 3518 Obtulit
740 3459 852 3517 tamen
868 3455 898 3515 el
913 3453 1018 3514 multa
1074 3454 1177 3517 tabat.
1196 3454 1365 3515 Orationis
1383 3454 1526 3530 gratiam
1544 3456 1617 3516 viro
1632 3454 1792 3531 religioso
1815 3457 1879 3518 de-

223 3576 363 3623 munera
378 3557 535 3635 pretiosa,
557 3570 630 3631 quae
647 3554 700 3615 vir
719 3553 780 3613 Dei
794 3567 860 3612 non
876 3551 1019 3612 munda·
1078 3550 1290 3613 siderandam
1301 3567 1401 3628 super
1411 3552 1521 3612 omnia
1536 3551 1675 3613 tirmiter
1685 3553 1873 3627 asserebat,

223 3674 343 3721 narum
353 3671 478 3726 rerum,
493 3651 552 3714 sed
562 3651 680 3712 salutis
691 3647 1015 3719 animarumavidus,
1076 3649 1271 3726 nullumque
1282 3648 1420 3709 credens
1441 3650 1514 3710 sine
1525 3650 1597 3726 ipsa
1612 3650 1647 3710 in
1657 3651 1718 3710 Dei
1729 3665 1878 3728 prospe-

224 3756 352 3834 sprevit
372 3753 484 3815 omnia
503 3748 600 3828 quasi
615 3748 734 3808 lutum.
753 3745 918 3808 soldanus
937 3759 1017 3805 vero
1075 3746 1145 3807 rari
1158 3745 1307 3817 servitio,
1338 3745 1444 3806 modis
1468 3746 1587 3823 quihus
1602 3748 1734 3822 poterat
1751 3747 1877 3809 iratres

222 3854 340 3918 ridens
351 3850 460 3911 virum
469 3848 618 3909 sanctum
630 3846 698 3905 tam
706 3843 888 3921 perlectum
904 3857 1017 3903 rerum
1074 3858 1155 3905 suos
1171 3842 1213 3903 ad
1225 3845 1298 3917 ejus
1326 3843 1471 3903 studium
1495 3844 1673 3905 excitabat.
1689 3846 1778 3905 Nam
1796 3860 1876 3906 am-

223 3947 443 4013 mundialinm
483 3943 755 4019 contemptorem,
794 3939 1018 4001 admiratione
1071 3939 1203 4011 bulans,
1222 3941 1255 4001 et
1264 3938 1394 4011 sedens,
1411 3940 1502 4001 intus
1511 3944 1545 4002 et
1560 3939 1653 4011 loris,
1666 3939 1827 4003 laborans
1842 3944 1877 4003 et

223 4047 404 4125 permotus,
417 4043 576 4118 majorem
588 4054 667 4115 erga
682 4038 791 4114 ipsum
805 4035 1017 4098 devotionem
1074 4052 1213 4108 vacans,
1230 4037 1375 4098 orationi
1396 4036 1481 4098 adeo
1506 4039 1579 4098 erat
1598 4038 1759 4110 intentus,
1775 4041 1814 4101 ut
1822 4039 1876 4100 illi

222 4142 383 4220 concepit.
401 4141 441 4201 et
455 4137 608 4216 quamvis
623 4135 665 4197 ad
681 4135 780 4195 tidem
795 4132 1016 4194 christianam
1073 4134 1244 4196 rideretur
1254 4148 1321 4194 non
1329 4133 1436 4194 solum
1443 4132 1603 4211 quidquid
1616 4136 1691 4196 erat
1699 4136 1736 4196 in
1747 4151 1789 4198 eo
1803 4152 1877 4200 oon

222 4241 367 4307 transire
379 4237 494 4309 nollet,
517 4234 570 4297 vel
586 4233 698 4296 forsan
714 4246 780 4292 non
796 4230 944 4303 auderet,
959 4245 1019 4305 roe
1075 4230 1127 4292 dis
1141 4233 1175 4294 et
1188 4232 1349 4308 corporis,
1375 4245 1490 4291 verum
1504 4232 1604 4292 etiam
1612 4232 1725 4308 operis
1737 4235 1772 4296 et
1784 4236 1873 4295 tem-

222 4339 315 4415 garit
327 4337 440 4398 tanam
450 4333 568 4395 devoto
576 4329 736 4391 famulum
744 4326 878 4397 Christi,
889 4328 925 4387 ut
934 4341 1019 4403 prae·
1073 4329 1164 4404 poris
1179 4327 1362 4389 dedicasse.
1380 4327 1588 4391 Solituserat
1602 4328 1728 4389 nullam
1743 4332 1870 4393 visita-

224 4436 312 4498 diota
328 4430 524 4508 susciperet,
541 4444 601 4505 pro
612 4426 722 4487 salute
737 4424 843 4501 ipsius
855 4423 1016 4486 christia·
1074 4425 1198 4486 tionem
1213 4424 1351 4501 spiritus
1366 4440 1441 4484 cum
1458 4425 1663 4501 negligentia
1679 4429 1868 4503 praeterire.

223 4535 277 4595 nis
292 4528 504 4608 pauperihus,
524 4525 578 4587 vel
590 4522 742 4597 ecclesiis
749 4521 929 4598 eroganda.
942 4522 1017 4596 Ipse
1074 4521 1327 4599 Siquidemoum
1339 4520 1765 4599 offerebatur‚sequebatur
1778 4541 1866 4599 eam3

195 4661 202 4672 ,
223 4645 304 4693 vero
328 4627 406 4704 quia
431 4623 558 4701 pondus
578 4619 726 4696 rugiebat
749 4619 911 4695 pecuniae,
925 4618 959 4679 et
980 4617 1017 4678 in
1071 4619 1106 4679 et
1120 4616 1669 4694 quamdiullominusconcedebat,
1687 4618 1869 4682 dulcedine

223 4728 334 4791 animo
361 4721 498 4789 Soldani
523 4734 612 4780 verae
636 4716 769 4793 pietatis
795 4730 862 4777 non
884 4714 1018 4777 videbat
1071 4712 1306 4790 perimebatur
1329 4711 1452 4774 oblata.
1478 4714 1558 4773 Cum
1589 4715 1699 4775 autem
1717 4715 1871 4778 intentus

222 4825 382 4893 radicem,
397 4810 1016 4891 nullatenusaoquievit.vidensetiam
1071 4811 1197 4883 itineri,
1214 4810 1319 4872 divini
1347 4811 1491 4886 Spiritus
1513 4810 1643 4887 aliquos
1663 4812 1808 4875 sentiret
1819 4814 1872 4876 al·

225 4936 337 4985 senon
348 4915 509 4996 prolicere
517 4913 553 4973 in
562 4910 780 4973 conversione
788 4908 898 4984 gentis
908 4907 1013 4975 illius,
1072 4904 1183 4978 flatus,
1212 4907 1314 4968 sociis
1332 4906 1607 4983 praecedentibus,
1620 4906 1764 4982 gradum
1782 4909 1870 4986 tige-

224 5032 286 5083 nec
298 5032 394 5080 suum
405 5010 538 5088 assequi
553 5023 651 5086 posse
663 5006 879 5084 propositum,
890 5004 1018 5080 adpar-
1071 5002 1139 5076 bat,
1156 5018 1342 5080 novamque
1356 5004 1611 5079 inspirationem
1622 5003 1870 5069 adlruitionem

221 5121 272 5181 tes
284 5114 433 5177 fldehum
448 5108 562 5171 divina
580 5104 786 5166 revelatione
801 5100 1018 5177 praemonitus
1071 5101 1280 5172 convertens,
1295 5100 1437 5175 gratiam
1460 5116 1527 5161 non
1549 5100 1734 5178 recipiebat
1748 5103 1786 5165 in
1802 5121 1870 5167 va-

221 5211 394 5278 remeasit.
412 5206 467 5268 Sic
478 5205 592 5281 itaque
606 5201 667 5262 liei
680 5198 856 5260 ordinante
876 5196 1018 5257 clemen·
1071 5211 1182 5258 ouum,

221 5314 280 5383 iia,
297 5304 445 5371 eistfflssfi
459 5301 523 5365 Viri
537 5296 747 5377 Pl⁰ffl01⁸01110
759 5293 894 5365 Virtute,
910 5292 1017 5354 mise-
1111 5291 1383 5367 Suspendehatur
1406 5292 1576 5355 multoties
1592 5295 1684 5357 tanto
1711 5299 1872 5360 contem.

221 5405 401 5471 ricorditer
416 5402 451 5461 et
470 5394 670 5458 mirabiliter
697 5391 820 5453 iactum
847 5391 909 5459 est,
929 5389 1017 5466 quod
1071 5388 1229 5465 piationis
1239 5404 1391 5462 excessu,
1406 5391 1443 5451 ut
1455 5406 1557 5468 supra
1565 5391 1782 5468 semetipsum
1791 5411 1875 5472 rap-

222 5500 346 5568 Christi
365 5496 493 5561 amicus
517 5498 657 5555 mortem
670 5503 730 5566 pro
742 5486 953 5564 ipsoriribus
964 5488 1018 5548 to·
1070 5487 1136 5556 tus,
1155 5486 1187 5547 et
1202 5485 1290 5548 ultra
1300 5485 1482 5548 humanum
1501 5503 1637 5549 sensum
1649 5488 1778 5565 aliquid
1791 5506 1875 5553 sen.

221 5604 265 5666 tis
279 5594 481 5675 exquireret,
507 5591 540 5651 et
551 5591 662 5651 umen
677 5585 869 5646 nullatenus
885 5583 1017 5644 inveni·
1071 5582 1172 5654 tiens,
1189 5581 1266 5660 quid
1280 5585 1436 5658 ageretur
1448 5585 1538 5647 eirea
1554 5601 1590 5647 se
1605 5586 1755 5647 exterius
1771 5588 1875 5664 igno.
