3950 6200
136 345 214 412 roca
1696 305 1777 412 moa

132 506 215 570 tunc
230 507 353 578 afesu,
366 505 424 586 qui
436 504 675 582 interpretatur
698 504 861 576 Salvator,
878 503 934 564 di·
989 503 1119 576 cendio,
1143 502 1202 567 aut
1219 503 1398 576 hauriatur
1418 520 1536 582 parum
1556 522 1651 584 aquae
1670 507 1711 570 de
1733 496 1786 572 fo·>

133 604 257 666 cantur
279 603 410 666 salvati.
435 601 524 666 Istud
544 593 849 673 autemuemesrit,
866 604 936 662 arist
989 617 1062 663 vea.
1080 619 1098 662 a
1113 605 1177 662 Per
1192 602 1301 679 ignem
1316 604 1436 678 gratia,
1454 620 1513 680 per
1527 620 1648 682 aquam
1663 607 1786 670 intelli·

85 774 93 785 ⁵
130 705 195 774 aaa
228 702 363 774 occipit.
398 700 466 772 Qui*
487 699 595 764 debet
612 699 738 776 aliquid
764 699 933 775 accipere,
989 700 1080 774 gitur
1092 699 1255 761 doctrina.
1272 701 1326 761 Sic
1339 701 1481 762 contrita
1497 704 1547 763 θεῖ
1558 704 1647 764 terra
1662 707 1785 767 nostrae

132 811 273 860 manum
283 797 442 869 extendit,
459 799 494 861 ut
507 796 589 860 illud
602 797 756 874 accipiat.
770 795 843 857 Nisi
860 797 934 873 quis
990 797 1115 870 carnis,
1140 797 1226 874 quod
1254 798 1313 859 vix
1336 800 1428 859 tenet
1459 800 1570 875 ignem
1598 801 1728 877 gratiae,
1753 806 1787 865 et

517 345 625 410 PARS
653 344 798 409 PRIMA.
814 374 855 390 -
871 344 1092 408 Expostulo
1119 345 1164 406 IN
1193 346 1396 406 PSALMOS.

132 910 255 956 manus
280 895 470 960 exauderat
500 895 542 956 ad
564 910 666 971 opera
696 894 863 965 caritatis,
893 892 934 954 ad
990 909 1112 972 aquam
1127 895 1298 957 doctrinae.
1316 897 1542 958 Ecclesiastici
1554 896 1617 977 (38,
1632 897 1786 978 33):«ln

132 992 219 1056 illud
241 1008 362 1056 nomen
377 1008 445 1055 non
464 993 646 1068 perveniet,
665 993 705 1054 et
715 991 798 1056 illud
813 1007 935 1054 nomen
990 992 1128 1053 brachio
1150 1008 1211 1053 suo
1227 992 1383 1055 formabit
1401 994 1519 1069 lutum,
1538 998 1571 1057 et
1592 998 1785 1073 antepedes

132 1089 315 1166 ignorabit,
331 1105 393 1153 neo
407 1105 484 1152 eum
494 1089 618 1152 habere
633 1089 825 1154 merebitur.

405 1356 548 1418 SERMO
576 1357 667 1417 CXC.

169 1497 213 1554 lle
227 1494 354 1566 miseria,
370 1497 400 1554 et
409 1494 563 1570 fragilitate
573 1495 707 1554 bumana
716 1494 897 1555 conditionis.

131 1633 214 1706 Ipse
225 1634 384 1710 reperavit
396 1632 601 1710 pometum
612 1632 798 1695 nostrum:
815 1645 935 1694 recor-

173 1730 278 1794 datus
289 1731 353 1803 est,
363 1734 527 1805 quonium
538 1733 652 1806 putata
666 1745 788 1791 samua
799 1746 811 1789 .·
820 1734 933 1805 bomo,

172 1828 266 1890 sicut
279 1828 411 1901 foerrune
420 1830 493 1890 dtas
502 1830 587 1902 ejus,
602 1828 767 1902 tanquam
780 1828 844 1901 stoa
855 1830 935 1905 apri

172 1929 225 1989 stc
236 1925 416 2002 efflorebit.
433 1924 536 2006 (Psal.
554 1926 622 1998 102,
640 1926 677 1986 13
691 1926 725 2024 at
735 1923 800 2004 14.)

172 2068 278 2130 Novit
308 2067 469 2130 Dominus
502 2067 708 2142 armantem
743 2067 932 2140 nestrum

134 2165 226 2228 unde
242 2165 304 2228 Job
319 2164 386 2243 (38,
407 2164 458 2243 14)
481 2185 489 2224 :
508 2181 527 2225 ‹
546 2165 754 2228 Restituetur
773 2166 809 2226 ut
828 2165 933 2228 lutum

128 2263 357 2340 signaculum,
382 2263 415 2325 et
435 2261 537 2324 stabit
555 2262 642 2323 sicut
655 2261 932 2326 vestimentum.»

131 2360 229 2423 Fecit
243 2363 331 2422 Deus
353 2360 520 2422 bominem
536 2358 661 2421 deluto
681 2358 722 2422 ad
738 2359 929 2435 imaginem,

130 2460 167 2521 et
193 2457 448 2520 similitudinem
483 2471 594 2528 suam,
625 2456 755 2519 scilicet
781 2459 818 2519 ut
844 2458 933 2520 esset

128 2560 348 2634 efpnoculum
365 2556 488 2618 divinae
506 2553 690 2632 majestatis
703 2565 763 2632 per
777 2554 931 2622 meritum

129 2655 251 2731 gratiae
268 2675 275 2715 ε
292 2654 349 2715 sed
365 2653 464 2715 homo
479 2667 541 2731 per
558 2653 731 2730 peccatum
749 2650 827 2714 feeit
845 2667 881 2714 se
895 2653 931 2714 in

130 2751 378 2814 restitutionem
402 2751 466 2812 luti
500 2749 660 2826 pristini;
690 2747 777 2809 unde
803 2763 931 2812 conve-

131 2850 266 2911 nienter
285 2848 408 2912 dicitur
423 2864 431 2909 τ
445 2848 554 2910 Stabit
568 2846 657 2909 sicud
673 2846 929 2920 aestimentiam,

131 2943 930 3024 quiasicutvestimentumnonstat,nisiquando

131 3042 294 3115 induitur,
319 3043 369 3106 sic
391 3043 491 3106 nomo
515 3058 582 3105 non
606 3041 684 3113 stat,
708 3041 774 3105 nisi
799 3044 930 3121 quando

130 3143 243 3220 gratia
271 3143 322 3204 θεῖ
349 3143 385 3203 in
410 3157 452 3205 eo
467 3163 474 3201 ε
489 3143 621 3220 quando
643 3160 711 3207 non
733 3144 793 3215 est,
808 3142 931 3205 labitur

130 3242 218 3302 sicut
229 3240 463 3302 vestimentum
470 3240 640 3318 plicatum.
650 3243 731 3304 Item
741 3256 801 3303 vas
814 3241 926 3310 fictile,

128 3339 161 3399 si
182 3336 342 3400 infectum
368 3337 480 3405 fuerit,
508 3353 661 3415 saporem
686 3354 753 3399 non
771 3337 927 3414 deponit:

129 3437 275 3498 siccare
290 3435 414 3497 infecta
437 3450 497 3512 per
519 3436 837 3513 concupiscentiam,
854 3450 928 3512 quaa

131 3534 304 3596 contracta
317 3535 368 3594 θεῖ
382 3548 442 3610 per
461 3533 632 3611 peccatum
650 3533 748 3610 primi
768 3533 926 3610 parentis,

131 3647 199 3693 uon
220 3631 357 3708 deponit
374 3630 480 3692 illam.
497 3632 581 3692 Caro
597 3632 711 3693 nestra
725 3632 860 3707 peccato
875 3631 930 3690 in-

132 3727 218 3791 fecta
239 3742 306 3791 non
328 3728 465 3806 deponit
484 3728 644 3800 fomitem,
669 3728 827 3806 quoniam
846 3742 929 3789 euro

128 3828 517 3900 commonefaceremus
528 3827 693 3901 spiritum
710 3825 844 3904 (6115,
862 3824 926 3904 lv).

131 3923 282 3997 lndeest,
298 3923 384 4002 quod
397 3923 648 3985 Adaedieiturin
660 3924 781 3985 Genesi
795 3921 840 4003 (3,
856 3922 926 4001 18):

129 4024 263 4083 «Tarm
270 4019 471 4097 germinabit
485 4019 546 4083 tibi
561 4022 686 4099 spinas,
695 4021 926 4093 attribulos»;

127 4120 164 4181 et
190 4134 258 4181 non
285 4119 377 4194 dicit,
405 4119 566 4196 producet
594 4140 602 4180 ε
633 4119 690 4180 sed
714 4118 925 4195 germinabit

990 1106 1068 1152 suos
1091 1090 1243 1154 curvabit
1265 1091 1423 1153 virtutem
1449 1108 1556 1154 suam.
1577 1111 1595 1155 a
1616 1096 1787 1159 Formavit

990 1190 1078 1249 Deus
1091 1189 1191 1250 Pater
1202 1191 1240 1249 fa
1254 1191 1391 1252 mecam
1402 1205 1477 1264 suo,
1492 1190 1579 1253 idest
1590 1207 1650 1269 per
1664 1193 1786 1256 Filium

989 1300 1085 1346 suum
1107 1284 1271 1348 formatus
1296 1288 1347 1348 est
1372 1287 1482 1360 homo,
1506 1289 1639 1365 quando
1663 1292 1783 1364 Filius,

990 1382 1046 1460 qui
1068 1383 1120 1444 est
1142 1382 1302 1448 fortitudo
1328 1384 1450 1457 Patris,
1475 1400 1511 1447 se
1534 1402 1594 1463 per
1618 1389 1787 1452 uirtutem

987 1494 1091 1546 tuom
1117 1480 1319 1554 incurvavit,
1348 1481 1436 1545 idest
1462 1482 1704 1550 humanitatem
1729 1502 1788 1547 as·

990 1578 1141 1654 sumpsit.
1158 1579 1219 1642 Vel
1241 1582 1278 1642 tn
1297 1583 1435 1642 broceio
1448 1594 1523 1652 auo,
1539 1580 1627 1643 idest
1646 1597 1706 1659 per
1726 1584 1787 1644 Fi-

989 1673 1071 1736 llum
1086 1691 1182 1742 suum
1198 1675 1356 1739 formavit
1369 1677 1550 1747 bominem,
1566 1679 1624 1756 qui
1639 1696 1700 1756 per
1713 1697 1788 1757 pec·

989 1774 1099 1835 catum
1115 1774 1280 1836 convertit
1293 1790 1330 1836 se
1342 1775 1378 1835 in
1393 1774 1510 1844 lutum.
1527 1779 1592 1837 Per
1606 1779 1786 1855 uirtutem,

989 1870 1149 1934 divinitas
1172 1893 1180 1933 ε
1206 1888 1265 1949 per
1287 1876 1392 1947 pedes
1415 1873 1617 1937 humanitas.
1642 1878 1788 1941 curvata

989 1971 1040 2032 θεῖ
1059 1983 1140 2045 ergo
1160 1969 1268 2034 virtus
1288 1971 1473 2034 divinitatis
1495 1988 1600 2050 usque
1620 1974 1663 2040 ad
1685 1975 1786 2052 pedes

989 2066 1219 2139 humanitatis,
1250 2069 1286 2130 ut
1321 2068 1427 2130 lutum
1463 2069 1715 2134 reformaretur.
1745 2075 1785 2135 nt

988 2165 1089 2240 paule
1103 2167 1180 2228 aute
1200 2165 1333 2228 dixerat
1353 2164 1465 2243 (ibid,
1488 2169 1539 2238 38,
1559 2167 1635 2247 32):
1656 2170 1785 2233 «Sicut

988 2260 1110 2337 figulus
1131 2261 1252 2324 sedans
1276 2263 1317 2324 ad
1339 2279 1424 2340 opus
1450 2280 1559 2339 suum,
1584 2269 1784 2330 convertens

988 2358 1128 2436 pedibus
1143 2359 1214 2422 suis
1229 2361 1385 2435 rotam3»
1404 2361 1483 2440 quia
1503 2364 1590 2423 Deus
1610 2364 1644 2423 in
1665 2363 1785 2428 minis-

986 2457 1072 2519 terio
1087 2471 1160 2532 suo,
1181 2459 1267 2536 quod
1287 2459 1392 2536 gessit
1415 2459 1449 2520 in
1472 2476 1585 2532 carne,
1607 2461 1727 2526 sedens
1742 2463 1785 2524 ad

986 2570 1070 2633 opus
1080 2571 1177 2620 suum
1188 2557 1354 2619 convertit
1363 2560 1482 2630 rotam,
1495 2559 1625 2622 scilicet
1635 2563 1670 2622 ut
1682 2560 1782 2626 homo

986 2667 1007 2714 a
1021 2655 1128 2717 morte
1142 2655 1393 2718 converteretur
1407 2655 1450 2717 ad
1470 2656 1575 2718 vitam
1594 2671 1654 2733 per
1668 2672 1784 2720 resur-

985 2751 1169 2814 rectionem
1185 2766 1292 2814 suam.

1028 2849 1241 2916 Recordatur
1255 2849 1320 2920 est,
1336 2852 1498 2923 quonium
1508 2855 1782 2925 premeremus:

985 2950 1096 3019 bonae,
1109 2948 1199 3008 εῖοῖιῖ
1210 2948 1351 3020 (nauum,
1366 2949 1429 3009 etc.
1451 2948 1546 3011 Unde
1563 2949 1624 3011 Job
1645 2946 1709 3028 (42,
1724 2948 1780 3029 6)ε

986 3061 1005 3106 s
1020 3045 1095 3121 lpse
1103 3059 1155 3107 me
1165 3032 1385 3122 reprebendo,
1393 3047 1426 3109 et
1433 3062 1497 3122 ago
1506 3048 1735 3123 penitentiam
1746 3049 1782 3113 in

989 3141 1406 3213 favilla,etcinere.»lltin
1418 3142 1780 3225 abiatranslatione(1)=

984 3240 1150 3312 lactabat,
1170 3241 1204 3301 ct
1217 3240 1390 3301 aesttnrect
1408 3255 1463 3302 me
1477 3242 1623 3312 terrem,
1639 3244 1673 3303 et
1686 3246 1783 3304 cine-

984 3351 1095 3397 rem:
1121 3336 1199 3413 quia
1221 3334 1330 3399 omnis
1352 3351 1432 3398 caro
1453 3335 1579 3398 foenum
1595 3337 1659 3416 (2);
1683 3340 1781 3416 quasi

985 3433 1098 3495 dicat:
1125 3433 1225 3495 Velut
1246 3433 1386 3510 putredo
1409 3434 1587 3509 dissolvar,
1611 3436 1691 3512 quia
1711 3437 1783 3499 for-

984 3531 1093 3593 matus
1109 3546 1152 3591 ex
1164 3531 1312 3607 pulvere,
1333 3531 1368 3592 in
1383 3547 1482 3609 quem
1502 3548 1561 3609 per
1578 3534 1781 3595 sententiam

984 3628 1088 3690 latam
1112 3628 1230 3691 mortis
1260 3644 1314 3689 me
1342 3629 1576 3691 resolvendum
1601 3646 1779 3707 cognosco.

983 3728 1065 3787 Dice
1079 3729 1155 3798 ejus
1175 3727 1342 3800 tanquam
1357 3728 1422 3801 llos
1440 3732 1519 3804 aare·
1534 3731 1585 3789 stc
1599 3729 1778 3802 efflorebit.

984 3823 1189 3886 Ecclesiaste
1208 3821 1274 3902 (12,
1287 3821 1321 3902 5)
1339 3845 1346 3885 :
1365 3841 1384 3885 ‹
1403 3824 1551 3887 Florebit
1569 3825 1779 3903 amygdalus,

984 3920 1249 3998 impinguabitur
1264 3920 1404 3993 locusta,
1421 3923 1454 3984 et
1467 3922 1686 3999 dissipabitur
1700 3936 1782 4000 cap·

983 4019 1086 4096 paris,
1102 4018 1212 4095 aquia
1226 4018 1460 4082 sicut'modico
1474 4021 1566 4083 tactu
1586 4020 1729 4092 laeditur,
1747 4024 1780 4083 et

982 4116 1049 4178 cito
1059 4116 1247 4189 marcescit,
1260 4117 1310 4178 sic
1321 4116 1436 4191 bom03
1451 4118 1540 4179 unde
1551 4116 1613 4179 Job
1628 4118 1692 4195 (15,
1705 4117 1779 4195 33):

128 4218 209 4296 quia
224 4231 360 4293 germen
380 4218 431 4278 θεῖ
443 4232 575 4293 semper
595 4217 630 4277 in
650 4217 877 4293 conceptione,
894 4217 928 4278 et
981 4213 1168 4275 ‹Laedatur
1179 4214 1276 4290 quasi
1286 4214 1385 4276 vinea
1398 4214 1433 4274 in
1448 4215 1556 4291 primo
1567 4214 1650 4276 flore
1662 4214 1779 4276 botrus

128 4315 214 4377 illud
229 4328 365 4391 germen
380 4328 447 4376 non
463 4314 570 4390 potest
585 4313 658 4375 tolli
673 4329 694 4374 a
709 4327 810 4374 carne
826 4333 834 4373 ε
850 4328 929 4388 ger·
982 4311 1108 4387 ejus‚et
1115 4311 1211 4388 quasi
1220 4310 1311 4372 oliva
1321 4311 1502 4389 projtoiens
1512 4311 1779 4385 floremsuumpa

129 4427 207 4475 men
221 4412 311 4473 enim
323 4411 457 4473 initium
471 4411 521 4472 rei
534 4412 596 4486 est,
612 4411 647 4473 et
659 4411 695 4472 iu
709 4413 799 4473 terra
815 4410 927 4472 carnis
982 4408 1068 4471 idest
1089 4408 1178 4470 sicut
1201 4407 1375 4469 florentem
1399 4408 1532 4470 vineam
1557 4408 1586 4469 si
1611 4408 1776 4493 immode-

128 4513 255 4573 nostrae
292 4508 388 4588 quasi
424 4524 557 4586 semper
588 4509 708 4585 incipit
748 4508 926 4570 infirmitas
982 4505 1091 4566 ratum
1111 4503 1229 4579 frigus,
1249 4503 1304 4566 vel
1324 4505 1425 4566 aestua
1445 4504 1606 4581 attigerit,
1625 4505 1779 4569 discusso

129 4606 315 4686 procedens
340 4622 383 4669 ex
404 4606 529 4676 fomite,
542 4608 576 4669 et
593 4608 715 4668 animae
736 4605 808 4684 ipse
821 4604 927 4667 fomes
982 4601 1065 4664 flore
1079 4600 1194 4663 bouus
1206 4600 1360 4670 tabescit,
1375 4601 1426 4664 sic
1447 4602 1546 4664 bomo
1565 4604 1649 4665 aestu
1667 4603 1778 4665 tribu·

127 4706 341 4769 adversatur.
937 4771 939 4775 .
981 4698 1129 4770 lationis,
1158 4699 1210 4761 vel
1234 4698 1430 4761 tentationis
1462 4700 1585 4762 deficit.
1614 4703 1654 4762 nt
1680 4702 1779 4777 quiesi

171 4802 267 4866 Unde
287 4800 469 4879 Sapientiae
488 4799 533 4879 (9,
556 4799 608 4880 15)
621 4822 628 4861 ε
643 4817 662 4861 ε
677 4803 815 4877 Corpus,
839 4798 925 4876 quod
980 4797 1082 4869 oliva,
1098 4812 1172 4874 quae
1193 4797 1244 4858 est
1264 4796 1300 4858 in
1321 4796 1417 4871 flore,
1437 4798 1466 4858 si
1483 4797 1701 4859 immoderata
1716 4813 1778 4859 ne-

127 4898 365 4978 corrumpitur,
384 4902 547 4976 aggravat
565 4900 722 4969 animam,
743 4902 777 4961 et
792 4900 927 4960 terrena
980 4893 1059 4955 bula
1073 4894 1232 4969 tangitur,
1248 4909 1268 4955 a
1281 4893 1391 4956 fructu
1407 4896 1589 4956 evacuatur
1603 4916 1611 4955 z
1627 4894 1676 4955 sic
1689 4894 1777 4956 bona

128 4996 330 5060 inhabitatio
356 4997 513 5075 deprimit
536 5012 671 5058 sensum
699 4996 803 5057 multa
829 4995 925 5071 cogi-
981 4991 1189 5063 inchoantes,
1213 4991 1243 5052 si
1267 4990 1422 5052 laudibus
1445 4992 1645 5075 incoeperint
1665 4990 1778 5053 delec-

128 5098 267 5158 tantem.
283 5111 302 5156 a
317 5096 398 5156 Item
418 5110 478 5155 vas
493 5093 635 5156 fractum
653 5108 774 5171 aquarn
795 5108 861 5154 non
875 5094 928 5153 te·
981 5090 1059 5162 tari,
1077 5089 1220 5150 fructum
1235 5088 1376 5164 perdunt
1395 5088 1518 5164 operis.
1541 5088 1596 5148 Sic
1615 5089 1648 5149 et
1662 5088 1773 5159 homo,

129 5196 201 5269 net3
226 5190 315 5253 unde
341 5192 439 5253 Isaiae
463 5189 927 5271 (30,14):‹comminuetur
981 5186 1061 5248 licet
1080 5186 1115 5246 in
1139 5184 1317 5262 juventute
1343 5184 1473 5255 floreat,
1500 5185 1528 5244 si
1556 5186 1666 5246 tamen
1691 5189 1776 5247 aestu

128 5290 217 5352 sicut
243 5288 427 5351 conteritur
455 5289 574 5365 lagena
604 5286 697 5365 figuli
726 5287 926 5348 contritione
981 5281 1097 5356 febris,
1112 5281 1165 5344 vel
1181 5282 1323 5358 alicujus
1343 5280 1547 5343 infirmitatis
1562 5282 1684 5344 nebula
1702 5285 1776 5345 tac-

128 5386 321 5464 pervalida:
338 5387 372 5448 et
390 5400 457 5447 non
471 5385 662 5447 invenietur
675 5384 716 5445 de
731 5380 925 5460 fragmentis
979 5382 1033 5442 tus
1046 5379 1159 5448 fuerit,
1175 5379 1299 5442 amittit
1318 5378 1435 5441 floram
1451 5396 1559 5453 suum,
1575 5382 1610 5444 et
1628 5380 1669 5442 de
1683 5379 1775 5442 facili

128 5486 202 5563 ejus
218 5485 319 5557 testa,
334 5482 370 5545 in
389 5498 455 5562 qua
470 5484 620 5561 portetur
633 5481 802 5560 igniculus
816 5481 858 5543 de
872 5480 927 5542 in·
980 5476 1161 5540 evanescit.

170 5685 211 5757 (1)
232 5684 334 5743 Veraio
347 5698 442 5758 greca
456 5683 540 5742 LXX.

1015 5662 1238 5749 &mmo
