3950 6200
99 322 178 386 1025

99 481 140 543 de
154 483 309 543 Basane
324 484 396 542 ban
409 481 648 557 interpretatur
656 447 838 557 ¹judicium,
865 477 897 544 e't

99 579 271 654 significat
295 578 475 651 Christum,
504 578 560 654 qui
575 578 667 639 venit
689 578 722 637 in
738 577 896 637 mundum

481 323 589 385 PARS
620 324 823 385 nisibim-
842 322 1061 382 nxrostrto
1093 323 1137 382 IN
1169 323 1371 383 PSALMOS.

1668 318 1746 377 1026

991 484 1129 541 Bovtnm
1149 480 1202 541 est
1226 480 1387 550 confite-rt
1412 480 1568 538 Domino.
1595 478 1634 538 ut
1654 479 1743 549 nota,

951 577 1038 653 quod
1062 577 1213 647 Domino,
1229 577 1306 652 quia
1322 575 1482 637 Dominus
1509 576 1570 645 est,
1586 575 1659 635 ideo
1673 591 1747 634 ma-

98 677 134 736 in
143 676 310 753 judicium
321 676 425 750 ;unde
435 677 470 735 in
482 675 662 752 Evangelio
670 674 818 753 (icant),
829 674 894 751 39):
941 673 1002 747 gis
1017 672 1200 746 timendae,
1213 673 1300 734 unde
1310 672 1371 734 Job
1381 671 1425 750 (9,
1439 674 1516 732 13et
1527 670 1578 750 14)
1594 693 1601 730 :
1615 674 1744 743 «Deus,

99 777 174 849 Epo
188 776 404 845 injectorem
426 778 506 834 nent
520 777 557 833 in
569 775 747 833 melodum.
761 772 895 832 Catulus

98 870 220 944 leonis,
235 885 295 946 per
312 870 398 946 quod
414 871 549 932 notatur
567 868 744 930 infirmitas
760 869 894 939 Christi,

101 966 134 1028 et
148 983 210 1043 per
225 967 354 1027 leonem
378 966 547 1028 fortitudo.
564 972 682 1028 Busan
697 967 897 1041 interpreta-

100 1065 155 1125 tur
166 1064 362 1139 ignominia,
377 1065 455 1140 quia
464 1063 698 1138 exignominia
710 1065 819 1124 crucis
832 1063 897 1123 flu-

100 1163 226 1222 xerunt
239 1160 375 1232 fluenta,
392 1160 479 1222 idest
493 1160 618 1221 fluenta
638 1160 822 1236 gratiarum
835 1160 896 1220 de-

102 1258 487 1319 ditinhumananatura.
500 1257 749 1319 Catulusleonis
762 1260 897 1334 propter

101 1356 331 1416 infirmitatem
344 1356 467 1415 carnis.
484 1358 557 1431 lpse
571 1355 611 1415 de
626 1357 746 1426 Basan,
761 1354 846 1415 idest
857 1355 896 1415 de

101 1469 203 1515 cruce
222 1452 319 1514 nobis
331 1453 472 1528 largiter
497 1452 636 1512 flumina
650 1454 768 1528 gratiae
784 1452 897 1528 propi-

101 1550 207 1611 navit.
219 1552 397 1623 ‹Ferrum,
409 1552 443 1611 et
454 1565 500 1611 ees
511 1550 773 1610 calceamentum
786 1553 896 1626 ejus.»

101 1650 140 1708 ln
166 1647 257 1708 ferro
279 1647 528 1723 praedicationis
559 1647 710 1718 firmitas,
744 1663 817 1722 qnae
847 1649 897 1709 θεῖ

101 1745 294 1806 necessaria
308 1745 343 1804 in
353 1744 423 1806 vita
438 1744 538 1821 hujus
553 1745 669 1805 saeculi
684 1765 690 1803 :
705 1745 740 1804 in
756 1759 823 1804 aere
836 1760 895 1805 so-

101 1841 485 1918 noritaspraedicationis
503 1841 717 1916 designatum
733 1857 806 1916 qune
830 1841 896 1902 duo

101 1938 238 2000 fuerunt
256 1940 292 1999 in
306 1938 446 2015 pedibus
462 1937 597 1999 Christi.

336 2224 477 2284 SERMO
495 2224 661 2283 CLXXIV.

99 2366 143 2421 be
176 2360 376 2434 confessione3
413 2362 449 2420 de
481 2362 643 2420 fortitudine
673 2363 742 2432 bei;
776 2362 895 2434 qualiter

135 2451 264 2510 Christus
284 2451 423 2524 psallebat
445 2454 474 2508 iu
490 2466 575 2509 cruce
591 2454 650 2509 Deo
665 2452 758 2522 Patri;
775 2452 894 2522 qualiter

135 2541 260 2614 psallere
274 2539 421 2597 debemus.

100 2678 239 2735 Bonum
260 2675 312 2736 est
331 2674 489 2745 confiteri
513 2674 721 2744 bonorumet
745 2678 894 2745 psallere

139 2774 274 2832 nomini
298 2771 371 2841 tue,
397 2771 581 2832 altissime.
612 2773 655 2830 In
687 2772 894 2838 decachordo

134 2869 306 2941 psalterio
324 2882 402 2928 cnm
423 2868 557 2929 cnizttco
580 2871 617 2928 tn
629 2867 773 2928 cithara.
788 2865 892 2945 (Psal.

141 2967 194 3038 91,
209 2966 230 3024 2
243 2965 277 3025 θῖ
290 2963 336 3042 4.)

139 3108 268 3167 Bonum
284 3106 335 3166 est
348 3105 501 3167 confiteri
522 3107 663 3168 Domino
683 3105 893 3167 confessione

99 3203 263 3274 criminis,
278 3205 314 3264 ut
324 3203 464 3264 babetur
479 3204 514 3263 in
528 3206 610 3264 Osee
625 3204 740 3264 ultimo
757 3202 821 3281 (14,
837 3203 870 3281 3)
884 3225 891 3263 :

100 3301 247 3362 «Tollite
259 3299 430 3361 vobiscum
439 3300 551 3371 verba,
564 3302 597 3362 et
607 3300 839 3362 convertimini
852 3300 891 3360 ad

98 3398 287 3472 Dominum,
310 3400 343 3459 et
355 3398 456 3459 dicite
485 3398 516 3458 ei
534 3420 540 3457 :
556 3401 693 3459 Omnem
714 3397 810 3457 aufer
825 3398 893 3456 ini-

99 3496 272 3572 quitatem,
288 3495 402 3570 accipe
415 3494 549 3566 bonum,
573 3498 605 3557 et
616 3495 792 3563 reddemus
804 3495 893 3554 vitu-

98 3593 148 3652 los
159 3592 324 3652 labiorum
335 3593 536 3652 nostrorum.
554 3609 572 3651 e
591 3590 710 3652 Tollite
720 3591 893 3652 vobiscum

98 3688 201 3749 verba
214 3687 449 3760 confessionis,
478 3689 510 3749 et
525 3689 759 3749 convertimini
771 3689 805 3748 iu
820 3704 894 3748 con·

98 3786 237 3847 tritione
252 3784 375 3856 cordis,
401 3787 434 3846 θῖ
458 3784 558 3846 dicite
573 3785 625 3845 ei:
641 3784 744 3846 Aufer
768 3784 894 3860 iniqui-

98 3885 212 3953 tatem,
230 3884 265 3944 et
290 3882 404 3958 accipe
438 3882 561 3943 bonurn
584 3880 835 3952 satisfactionis,
860 3882 894 3943 et

98 3980 276 4040 reddemus
291 3979 414 4040 vitulos
441 3978 605 4040 labiorum
629 3981 828 4040 nostrorum.
857 3981 892 4038 in

98 4076 213 4138 vitulis
226 4076 480 4137 notaturcarnis
492 4076 645 4148 lascivia,
656 4079 689 4137 θῖ
696 4075 891 4152 petulantia,

98 4173 177 4250 quia
192 4172 352 4234 debemus
377 4172 559 4234 refraenare
579 4173 691 4233 caruis
712 4173 891 4246 luxuriam,

96 4270 131 4331 et
142 4270 265 4331 mentis
292 4270 499 4347 superbiam.»
510 4273 639 4331 Bonum
654 4272 704 4331 est
717 4286 796 4345 ergo
810 4287 893 4331 con-

98 4367 198 4439 fiteri,
229 4366 359 4428 scilicet
386 4367 421 4427 in
444 4368 602 4443 praesenti
625 4367 784 4444 quidquid
813 4367 893 4428 mali

96 4464 275 4538 gessimus,
294 4480 338 4525 ne
360 4463 395 4524 in
412 4462 524 4525 futuro
547 4464 698 4524 confiteri
713 4479 890 4539 cogamur3

96 4561 187 4622 unde
201 4562 237 4621 in
250 4561 366 4622 eodem
382 4560 446 4639 (13,
464 4563 503 4621 12
517 4563 550 4621 et
558 4559 610 4639 13)
622 4582 628 4619 :
639 4577 657 4619 a
669 4561 829 4636 colligata
844 4562 893 4621 est

96 4658 259 4735 iniquitas
275 4659 443 4735 Ephraim,
458 4658 688 4719 absconditum
704 4659 754 4718 est
769 4673 891 4734 pecca-

97 4754 167 4813 tum
178 4756 263 4830 ejus.
281 4753 420 4814 Dolores
443 4753 661 4829 parturientis
684 4753 820 4814 venient
834 4753 890 4812 ei:

97 4848 169 4926 ipse
180 4849 272 4909 filius
285 4865 352 4911 non
365 4849 508 4926 sapiens.
523 4850 615 4921 »Qui
630 4851 718 4910 enim
735 4865 802 4911 uun
818 4865 893 4910 con·

98 4945 222 5018 litetur,
240 4946 402 5022 iniquitas
417 4946 449 5006 ei
478 4947 582 5022 ligata
594 4948 645 5007 θεῖ
661 4946 756 5023 quasi
771 4945 805 5005 iu
822 4945 892 5005 fas-

98 5042 277 5115 cicnlo,ne
305 5043 403 5104 cadat
430 5046 583 5104 amente.
613 5044 789 5104 Peccatum
810 5042 890 5103 abs-

99 5139 268 5200 conditum
283 5141 334 5200 est
363 5140 459 5215 quasi
478 5139 667 5210 thesaurus,
685 5140 742 5215 qui
758 5138 893 5199 deberet

98 5250 186 5298 nnnc
207 5235 334 5312 aperiri
363 5252 422 5312 per
444 5235 706 5311 confessionem
735 5235 791 5296 sed
813 5237 892 5297 tunc

97 5330 192 5394 dolor
207 5333 397 5404 eorum,vel
409 5336 493 5410 ejus,
510 5332 605 5409 quasi
616 5332 767 5393 mulieris
783 5334 893 5409 partu-

97 5428 230 5501 rientis,
248 5430 283 5489 et
297 5444 469 5507 nunqnam
485 5429 657 5506 parientis.

134 5556 175 5629 (1)
186 5560 221 5615 ln
232 5560 350 5628 ornante
359 5561 519 5630 cruciantia,
530 5565 579 5617 etc.
596 5560 718 5619 Consule
733 5560 835 5617 Nolam
849 5560 889 5631 (9)

98 5627 134 5684 ad
151 5631 323 5688 Sermonem
335 5632 422 5701 bvii,
438 5632 492 5688 ool.
510 5632 571 5689 711.

244 5776 357 5819 ravenn.
378 5777 451 5820 rolin
470 5766 517 5823 Vl.

952 774 1046 846 cnjus
1061 771 1120 831 irae
1136 787 1232 831 nemo
1248 772 1406 831 resistere
1427 770 1544 845 potest,
1560 771 1593 829 et
1604 769 1665 828 sub
1681 784 1746 845 quo
1862 765 1867 771 ’

951 870 1145 939 curvantur,
1163 867 1220 944 qui
1244 869 1378 944 portant
1392 867 1545 936 orbem»
1561 865 1648 927 idest
1672 871 1745 925 An-

950 964 1067 1039 gelicae
1081 965 1233 1037 virtutes,
1255 980 1396 1040 quarum
1411 963 1598 1024 ministerio
1618 963 1747 1037 regitur

952 1061 1107 1121 mundus.
1120 1064 1295 1132 «Quantus
1309 1078 1370 1136 ego
1381 1078 1464 1131 sum,
1478 1063 1513 1121 ut
1523 1060 1745 1137 respondeam

951 1159 994 1231 ei,
1011 1159 1044 1219 et
1057 1160 1174 1234 loquar
1183 1158 1293 1220 verbis
1303 1160 1387 1218 meis
1403 1174 1477 1218 cum
1491 1174 1530 1219 eo
1543 1159 1579 1216 ts
1591 1159 1631 1218 nt
1645 1159 1745 1233 paulo

951 1260 1025 1334 post
1034 1255 1079 1335 (v.
1095 1256 1145 1334 19)
1165 1279 1172 1316 :
1189 1258 1255 1318 «si
1268 1256 1425 1317 fortitudo
1442 1256 1614 1332 quaeritur,
1631 1256 1747 1318 robus·

949 1355 1100 1414 tissimus
1119 1356 1170 1416 θεῖ
1185 1376 1193 1413 :
1208 1355 1237 1414 si
1252 1356 1392 1430 aequitas
1413 1354 1546 1431 judicii,
1564 1359 1661 1415 nemo
1676 1370 1743 1414 au-

951 1451 1006 1511 det
1021 1468 1079 1528 pro
1107 1468 1158 1512 me
1174 1450 1401 1513 testimouium
1419 1452 1541 1512 dicere.
1561 1467 1579 1510 e
1596 1452 1690 1513 Unde
1705 1453 1746 1512 do

950 1548 1051 1609 fatuis
1066 1549 1253 1625 virginibus
1271 1549 1459 1611 dictumest
1476 1571 1483 1609 ι
1498 1550 1568 1609 «Νθ
1584 1548 1668 1609 torte
1680 1564 1746 1609 non

951 1646 1097 1709 sufficiat
1112 1647 1219 1717 nobis,
1237 1649 1270 1707 et
1282 1646 1388 1721 vobis,
1412 1647 1458 1708 ita
1474 1647 1583 1724 potius
1606 1646 1647 1706 ad
1659 1661 1745 1707 ven-

951 1744 1078 1814 dentes,
1107 1748 1140 1805 et
1155 1744 1255 1804 emite
1270 1744 1375 1804 vobis.
1403 1746 1484 1805 Date
1503 1743 1599 1805 nobis
1615 1743 1655 1804 de
1671 1744 1745 1803 oleo

951 1843 1062 1903 vestro
1076 1839 1207 1919 (Mattb.
1219 1843 1270 1913 25,
1285 1843 1305 1902 9
1318 1843 1350 1901 θῖ
1361 1839 1407 1919 8),
1421 1841 1508 1902 idest
1518 1840 1747 1901 testimonium

950 1937 991 1998 de
1007 1938 1176 2014 operibus,
1198 1954 1271 2014 quae
1285 1938 1433 2012 vidistis;
1455 1939 1533 2014 quia
1552 1938 1632 1998 tnnc
1645 1937 1744 1997 testi-

951 2036 1099 2096 mouium
1128 2038 1289 2113 cujusque
1309 2035 1367 2095 vix
1389 2034 1453 2095 sibi
1477 2034 1612 2106 suflicit,
1641 2034 1745 2094 multo

951 2134 1058 2208 magis
1074 2149 1136 2194 nec
1151 2133 1261 2193 alteri.
1317 2173 1323 2178 ι

990 2232 1195 2304 repsallere
1216 2234 1349 2292 atomon·
1371 2231 1441 2305 tun,
1457 2232 1642 2292 altiss-ime.
1668 2232 1744 2305 lpse

948 2327 1140 2389 ditissimus
1166 2327 1317 2388 Christus
1345 2328 1381 2387 in
1417 2328 1577 2404 psalterio
1607 2327 1740 2396 cecinit,

950 2425 1081 2501 quaudo
1093 2424 1133 2484 de
1148 2424 1314 2500 superiori
1329 2424 1436 2485 factus
1449 2427 1501 2485 est
1518 2424 1669 2495 interior,
1686 2424 1743 2500 qui

949 2521 1094 2583 reddidit
1115 2538 1234 2582 sonum
1262 2522 1303 2582 de
1329 2521 1496 2598 superiori
1524 2522 1563 2581 ad
1589 2507 1741 2591 interius,

949 2619 1082 2696 quando
1098 2619 1168 2695 ipse
1187 2621 1276 2678 Deus
1291 2619 1396 2680 tactus
1422 2619 1474 2679 est
1488 2619 1598 2679 homo.
1616 2619 1677 2677 Hic
1690 2621 1741 2679 θεῖ

949 2717 1104 2791 egregius
1129 2716 1269 2787 Psaltes,
1291 2715 1332 2776 de
1354 2731 1419 2792 quo
1444 2714 1743 2776 habetursecundo

948 2816 1076 2889 Regum
1102 2811 1220 2891 (6,14)
1247 2835 1254 2871 :
1278 2815 1412 2874 «Porro
1445 2811 1548 2872 David
1574 2813 1744 2872 accinctus

948 2912 1021 2972 erat
1033 2909 1140 2987 ephod
1151 2909 1252 2981 lineo,
1279 2912 1312 2971 et
1326 2909 1532 2986 percutiebat
1557 2910 1592 2969 in
1608 2909 1745 2984 organis

948 3008 1122 3084 armigatis
1139 3006 1197 3086 (1),
1215 3009 1247 3067 et
1270 3007 1414 3068 saltabat
1428 3007 1506 3068 totis
1524 3005 1651 3066 viribus
1667 3009 1744 3068 ante

948 3108 1167 3167 Dominum.»
1196 3105 1335 3165 indutus
1371 3104 1478 3179 ephod
1508 3104 1617 3171 lineo,
1658 3104 1745 3164 idest

948 3203 1110 3263 munditia
1127 3202 1251 3274 carnis,
1269 3200 1475 3277 percutiebat
1487 3201 1522 3258 in
1539 3200 1674 3273 organis
1687 3215 1745 3261 ar-

947 3299 1095 3374 migatis,
1113 3299 1246 3375 quando
1271 3298 1305 3357 in
1334 3296 1485 3356 humeris
1512 3297 1582 3355 suis
1610 3312 1743 3357 crucem

948 3397 1102 3473 portavit,
1120 3398 1153 3456 et
1167 3394 1311 3456 saltabat
1325 3396 1403 3454 ante
1427 3408 1539 3453 arcam
1554 3394 1743 3455 testamenti

948 3493 1091 3565 Domini,
1104 3492 1190 3553 idest
1200 3492 1235 3552 in
1254 3490 1462 3566 beneplacito
1480 3489 1591 3565 populi
1608 3491 1671 3549 sui.
1683 3492 1743 3551 Vel

948 3590 1019 3650 sic:
1036 3588 1142 3650 David
1169 3590 1258 3649 lineo
1288 3588 1457 3648 accinctus
1493 3587 1644 3646 Christus
1679 3590 1741 3659 est,

948 3684 1113 3751 munditia
1129 3686 1241 3746 carnis
1262 3686 1414 3747 vestitus.
1431 3686 1563 3760 Organa
1580 3684 1744 3759 armigata

948 3784 1085 3845 fuerunt
1100 3782 1209 3843 crucis
1224 3781 1362 3842 brachia
1382 3780 1423 3841 ad
1439 3780 1595 3841 humeros
1608 3784 1680 3857 ejus
1696 3781 1743 3841 li-

948 3876 1039 3957 gata,
1057 3879 1113 3940 ubi
1127 3878 1290 3956 psallebat
1299 3881 1366 3939 Deo
1375 3878 1479 3949 Patri,
1495 3881 1527 3938 et
1537 3877 1681 3938 saltabat
1692 3879 1745 3939 to·

947 3978 991 4038 tis
1000 3978 1224 4039 viribusrlaec
1235 3975 1426 4037 saltatioest
1435 3975 1492 4035 illa
1506 3975 1741 4046 deambulatio

948 4075 988 4135 de
1004 4091 1068 4150 qua
1082 4074 1118 4134 in
1130 4074 1249 4134 Genesi
1261 4072 1385 4151 (24,62)
1401 4072 1535 4143 dieitur,
1550 4073 1637 4149 quod
1649 4075 1744 4133 isaac

949 4170 1436 4246 deambulabatperviam,quee
1451 4169 1542 4230 ducit
1556 4169 1596 4228 ad
1609 4171 1745 4243 puteum

947 4268 1112 4340 Viventis,
1125 4270 1157 4328 θῖ
1168 4266 1329 4328 Videntis.
1342 4267 1436 4326 isaac
1451 4265 1600 4326 Christus
1614 4287 1620 4324 :
1635 4266 1745 4326 deam-

949 4364 1080 4427 bulatio
1095 4368 1167 4442 ejus
1184 4364 1246 4424 fuit
1260 4364 1315 4423 via
1327 4362 1505 4438 passionis,
1522 4364 1742 4433 contumeliae,

950 4464 1046 4539 sputa
1074 4461 1220 4536 flagella,
1247 4474 1370 4520 corona
1386 4459 1514 4535 spinea,
1531 4461 1648 4536 alapae.
1664 4462 1744 4522 Haec

950 4561 1002 4619 θεῖ
1016 4559 1082 4628 via,
1095 4572 1168 4634 quae
1191 4555 1283 4616 duolt
1302 4571 1364 4616 nos
1384 4554 1424 4615 ad
1449 4559 1595 4632 puteum.
1621 4560 1745 4618 Puteus

947 4657 1000 4717 est
1010 4656 1145 4716 aeternae
1160 4653 1333 4719 felicitatis
1348 4651 1569 4729 profunditas,
1593 4671 1666 4730 quae
1686 4654 1742 4713 di-

947 4753 1036 4813 citur
1045 4756 1164 4826 puteus
1179 4749 1341 4820 videntis,
1354 4751 1387 4811 et
1401 4750 1562 4821 Viventis,
1577 4752 1655 4827 quia
1673 4752 1741 4811 vita

947 4849 1061 4909 nostra
1076 4847 1228 4908 Christus
1242 4849 1303 4919 θεῖ,
1318 4846 1448 4908 scilicet
1459 4847 1494 4906 in
1510 4848 1582 4923 ejus
1592 4847 1741 4918 visioue;

947 4945 1055 5005 unde:
1079 4947 1159 5006 Haec
1172 4947 1223 5005 est
1242 4945 1313 5005 vita
1337 4945 1462 5013 nostra,
1485 4943 1539 5003 vel
1555 4944 1690 5014 aeterna,
1706 4946 1743 5004 ut

947 5058 1186 5118 cognoscamus
1202 5039 1250 5119 (2)
1262 5044 1296 5102 ῖθ
1310 5055 1426 5100 verum
1440 5042 1554 5110 Deum,
1570 5040 1631 5099 eto.
1645 5042 1742 5100 Psal-

946 5139 1036 5201 lebat
1050 5139 1154 5199 David
1171 5135 1412 5198 introducendo
1425 5151 1537 5195 arcam
1553 5137 1587 5195 in
1602 5138 1742 5197 Jerusa-

946 5235 1013 5297 lem
1030 5257 1037 5295 :
1054 5237 1088 5297 et
1111 5234 1263 5294 Christus
1287 5232 1478 5308 passionem
1509 5231 1678 5303 sustinuit,
1706 5236 1743 5294 ut

947 5332 1141 5409 praedictum
1150 5330 1211 5401 θεῖ,
1225 5331 1261 5389 ut
1272 5327 1500 5408 introduceret
1509 5328 1612 5387 nosin
1622 5329 1741 5389 coeles-

945 5430 1013 5491 tem
1027 5426 1226 5489 Jerusalem.

983 5559 1025 5629 (1)
1041 5558 1125 5628 Vulg.
1139 5573 1146 5613 ε
1162 5562 1349 5629 cognoscant.
