3950 6200
6 3028 21 3140 i

196 8 501 234 briviis

310 231 416 315 CC
434 233 490 312 l.

148 323 507 625 euripid
568 499 697 652 lii,
757 493 1235 622 rouvrrrurs
1295 492 1634 662 aonam

506 894 1280 1131 EPISTOLAE

348 1408 549 1496 PRIMA
593 1407 737 1494 violi
782 1406 848 1492 IN
894 1405 1072 1494 UNUM
1119 1405 1443 1494 conluuie

609 2279 841 2403 uram
902 2276 1193 2404 naarai
1275 2211 1277 2215 ’

762 2505 1046 2555 CONTINUATIO.

411 2864 552 2952 LXVII

117 3027 162 3085 Ad
182 3025 339 3087 abbatem
363 3024 397 3085 et
418 3025 623 3085 conventam
641 3026 847 3087 monasterti

156 3125 189 3186 S.
204 3125 373 3194 Rlcberii,
390 3125 629 3184 ambianensis
645 3126 811 3186 dioecesis.

296 3285 303 3306 ι
361 3263 380 3319 d
389 3262 511 3335 januarii
527 3262 606 3320 1226.

11 3375 16 3382 '
126 3395 865 3460 [amnemamnem.carminarem]⁴

6 3811 12 3898 l

96 3518 218 3586 Quodam
229 3519 383 3594 privilegia
395 3519 464 3592 ipsis
477 3518 511 3577 ab
522 3519 682 3577 Alexandro
692 3522 732 3579 ΙΙΙ
743 3535 880 3578 concessa

322 3607 422 3664 delinit
436 3614 465 3664 el
479 3608 609 3681 explicat.

127 3734 307 3805 Honorius,
324 3734 399 3805 etc,
423 3732 553 3794 dilectis
571 3734 687 3794 liliis...
708 3734 831 3808 abbati,
849 3735 882 3797 et

96 3837 262 3897 couventui
277 3834 475 3896 monasterii
491 3836 604 3896 Sancti
620 3835 781 3908 Richerii,
801 3839 881 3897 Am-

96 3929 254 3993 bianensis
269 3932 437 4003 diaecesis,
454 3931 606 4004 salutem,
621 3934 682 3994 etc.

131 4028 220 4089 Mota
241 4029 319 4089 olim
342 4045 364 4089 a
386 4027 481 4090 bonae
512 4029 718 4090 memoriae...
740 4028 879 4091 Ambia-

92 4125 181 4187 nensi
194 4126 352 4204 episcopo
368 4142 468 4202 super
479 4126 581 4187 vestri
596 4126 799 4202 subjectione
815 4143 881 4187 mo·

93 4224 222 4284 nasterii
232 4223 430 4300 quaestione,
441 4239 480 4283 ac
490 4239 602 4284 coram
614 4222 720 4283 felicis
730 4225 882 4285 recorda·

6 4315 7 4324 ’
88 4319 182 4381 tionis
196 4320 397 4381 Innocentio
412 4335 497 4396 papa
508 4320 753 4397 praedecessore
766 4323 880 4383 nostro

88 4416 283 4494 aliquandiu
298 4417 434 4492 agitata,
450 4433 510 4477 nos
524 4418 671 4489 tandem,
684 4433 758 4477 cum
771 4434 881 4494 quaes·

85 4515 123 4576 tio
137 4515 265 4578 eadem
284 4514 327 4574 ad
346 4515 496 4574 nostrum
516 4513 704 4575 devenisset
726 4530 877 4587 examen,

83 4610 324 4675 monasterium
340 4612 448 4687 ipsum
470 4612 511 4673 de
530 4611 669 4673 fratrum
690 4613 879 4672 nostrorum

6 4695 8 4730 ‘
81 4711 223 4771 consilio
247 4706 389 4768 liberum
413 4708 632 4780 decrevimus
659 4710 692 4770 et
710 4709 750 4769 ad
772 4710 879 4770 solum

79 4808 271 4868 Romanum
285 4805 479 4866 Pontificem
496 4807 671 4882 pertinere.
695 4805 758 4866 Sed
773 4822 878 4867 vene-

75 4905 197 4966 rabilis
221 4903 329 4963 irater
352 4904 501 4963 noster...
532 4902 765 4964 ambianensis
789 4904 880 4980 epis-

75 5018 180 5080 copus
196 5015 402 5079 proponens,
420 5000 506 5077 quod
527 5017 587 5062 vos
608 5001 789 5063 secundum
808 5001 879 5077 pri-

72 5100 245 5177 vilegium
268 5095 362 5159 bonae
385 5097 555 5159 memoriae
577 5097 760 5159 Alexandri
783 5113 878 5174 papae

70 5193 341 5273 praedecessoris
369 5193 475 5254 nostri
509 5194 666 5263 chrisma,
704 5195 738 5257 et
768 5194 877 5256 oleum

67 5296 246 5363 mucium,
259 5291 528 5353 consecrationes
541 5291 707 5363 altarium,
723 5306 782 5352 seu
791 5290 878 5352 basi·

67 5391 237 5461 licarum,
273 5386 502 5449 ordinationes
534 5390 782 5459 monachorum,
818 5404 878 5449 seu

65 5490 293 5558 clericorum,
310 5485 368 5562 qui
383 5483 425 5545 ad
438 5500 550 5546 sacros
566 5487 643 5547 suut
657 5486 790 5546 ordines
805 5502 878 5561 pro·

65 5583 237 5652 movendi
251 5582 293 5645 ab
308 5597 350 5646 eo
365 5583 489 5659 petere,
505 5584 539 5644 et
552 5584 701 5660 recipere
716 5582 874 5656 debeatis,

237 5729 356 5776 rimor..
376 5727 452 5770 rcus
470 5714 505 5773 V.

935 2860 1093 2937 quasdam
1109 2876 1209 2939 super
1223 2861 1286 2923 hoc
1305 2877 1324 2922 a
1346 2862 1441 2924 nobis
1457 2865 1571 2926 contra
1587 2881 1645 2927 vos
1664 2867 1724 2929 lit-

933 2959 1024 3018 teras
1038 2959 1239 3035 impetravit.
1260 2961 1406 3037 Cumque
1427 2977 1486 3038 per
1500 2963 1725 3025 venerabilem

935 3050 1071 3118 fratrem
1095 3058 1294 3118 nostrum...
1322 3058 1603 3122 silvanectensem
1632 3061 1726 3139 epis-

935 3168 1064 3230 copum,
1081 3156 1113 3215 et
1127 3157 1199 3230 eJus
1215 3155 1360 3230 collegas
1375 3172 1457 3232 quos
1474 3173 1574 3234 super
1587 3158 1640 3219 bis
1653 3176 1724 3232 vos,

934 3252 966 3312 et
981 3252 1069 3311 idem
1084 3252 1258 3328 episcopus
1280 3252 1422 3314 arbitros
1437 3253 1584 3330 elegistis
1604 3257 1645 3316 ad
1664 3273 1727 3318 nos

935 3350 1063 3423 partem
1087 3350 1260 3426 utramque
1287 3351 1556 3413 mandaverimus
1581 3355 1726 3426 evocari,

934 3446 1045 3506 vestro
1062 3446 1194 3506 tandem
1216 3448 1248 3507 et
1271 3446 1409 3508 alterius
1436 3451 1540 3524 partis
1563 3466 1727 3526 procura-

934 3541 1061 3602 toribus
1084 3542 1120 3601 in
1143 3543 1256 3602 nostra
1281 3546 1458 3619 praesentia
1480 3547 1667 3608 constitutis
1691 3549 1727 3608 in

935 3638 1136 3713 recipiendis
1158 3639 1464 3701 consecrationibus
1483 3642 1650 3715 altarium,
1668 3660 1728 3705 seu

934 3734 1148 3796 basilicarum
1164 3736 1196 3797 et
1210 3735 1475 3798 ordinationibus
1489 3742 1727 3802 monachorum

935 3833 988 3893 vel
1013 3833 1210 3893 clericorum
1234 3833 1275 3894 ab
1303 3834 1530 3897 Ambianiensi
1559 3839 1725 3915 episcope,

935 3931 1178 3991 communicato
1203 3930 1342 3992 fratrum
1366 3935 1554 3994 nostrorum
1574 3937 1725 4008 consilio,

934 4043 995 4087 vos
1019 4027 1226 4089 decrevimus
1252 4044 1317 4090 uon
1340 4029 1457 4090 teneri.
1482 4035 1588 4108 Super
1611 4049 1728 4111 recep·

934 4125 1024 4186 tione
1036 4125 1237 4197 chrismatis,
1254 4127 1286 4186 et
1301 4126 1365 4186 olei
1377 4127 1490 4190 taliter
1501 4130 1723 4206 providentes,

935 4223 1020 4298 quod
1037 4239 1077 4283 ea
1091 4221 1133 4283 ab
1146 4222 1359 4283 ambianensi
1375 4225 1543 4301 recipiatis
1557 4229 1724 4305 episcopo,

935 4319 964 4379 si
979 4334 1019 4379 ea
1033 4318 1127 4379 vobis
1146 4320 1262 4394 gratis,
1287 4319 1320 4381 et
1339 4320 1411 4380 sine
1430 4322 1593 4397 pravitate
1613 4325 1726 4402 aliqua

934 4415 1079 4477 voluerit
1103 4414 1272 4476 exhibere.
1307 4416 1462 4493 Alioquin
1497 4418 1598 4482 liceat
1631 4423 1726 4484 vobis

934 4528 1173 4589 quemcumque
1199 4513 1384 4575 malueritis
1409 4514 1608 4579 catholicum
1632 4522 1725 4583 adire

934 4611 1127 4676 antistitem,
1139 4609 1293 4684 gratiam,
1308 4612 1341 4671 et
1351 4614 1615 4676 communionem
1625 4622 1726 4695 Apos-

933 4707 1042 4768 tolicae
1068 4707 1162 4767 Sedis
1186 4705 1372 4780 habentem,
1402 4710 1457 4785 qui
1483 4715 1596 4773 nostra
1620 4715 1724 4777 fretus

933 4806 1130 4866 auctoritate
1140 4803 1234 4865 vobis
1247 4806 1332 4882 quod
1346 4808 1531 4883 postulatur
1543 4811 1721 4889 impendat.

932 4903 1164 4963 ambianensis
1178 4905 1289 4964 tamen
1305 4905 1478 4980 episcopus
1498 4923 1541 4967 ex
1555 4908 1618 4970 hoc
1637 4914 1723 4987 quod

932 5001 1105 5077 praemissa
1119 4998 1213 5059 vobis
1226 4999 1361 5060 exhibet
1378 5001 1413 5062 in
1429 5005 1630 5067 monasterio
1643 5024 1722 5069 ves-

931 5098 994 5168 tro,
1012 5096 1097 5173 quod
1113 5096 1154 5156 ad
1171 5109 1243 5168 nos,
1261 5099 1297 5158 ut
1314 5097 1438 5159 dictum
1458 5101 1518 5170 est,
1535 5103 1724 5176 specialiter

931 5193 1085 5270 pertinet,
1102 5192 1227 5253 nullam
1243 5192 1508 5269 jurisdictionem
1528 5196 1591 5257 sibi
1614 5201 1724 5265 valeat

932 5290 1120 5370 vendicare.
1141 5292 1234 5350 Nulli
1254 5307 1344 5366 ergo,
1366 5294 1442 5363 etc,
1466 5292 1552 5354 hanc
1566 5298 1733 5372 paginam,

931 5389 1053 5449 nostrae
1068 5387 1277 5449 diffinitionis
1292 5388 1485 5464 infringere,
1508 5393 1572 5452 etc.
1592 5395 1626 5454 Si
1647 5399 1721 5472 quis

931 5488 1052 5556 autem,
1077 5485 1138 5547 etc.
1165 5486 1283 5546 Datum
1305 5486 1418 5558 Reate,
1442 5487 1540 5549 nonis
1558 5491 1718 5567 januarii,

930 5597 1018 5645 anno
1034 5582 1173 5645 decimo.

1547 5719 1561 5776 i
