3950 6200
255 294 314 361 291
691 297 724 357 S.
747 296 966 359 FRANCISCI
986 297 1215 361 ASSISIATIS
1237 298 1467 363 OPUSCULA.
1816 311 1864 371 m

257 455 380 515 suoset
391 453 563 516 humiliter
575 453 965 531 etcaritatirecorrigant
979 471 1049 528 eos,
1106 455 1189 518 flant
1203 459 1389 533 compatres
1403 459 1552 521 uirorum
1576 459 1628 521 rel
1650 461 1820 537 mulierum,
1831 482 1864 528 ne

257 567 325 615 non
340 551 571 629 praecipientes
580 550 763 628 eisaliquld
773 552 858 628 quod
871 552 916 614 sit
932 556 1051 617 contra
1106 553 1170 614 bac
1183 554 1359 617 occasione
1379 555 1466 619 inter
1478 556 1599 619 iratres
1610 558 1662 619 rel
1675 558 1714 620 de
1732 559 1865 626 iratribus

257 650 402 711 animam
413 664 518 719 suam,
529 650 561 709 et
573 649 734 724 Regulam
745 652 905 710 nostram.
917 651 1051 713 Fratres
1107 650 1298 711 scandalum
1312 652 1451 712 oriatur.
1808 648 1813 659 '

255 761 336 806 vero
361 744 418 820 qui
446 745 523 805 sunt
551 744 685 816 subditi,
715 745 935 806 recordentur
962 746 1051 822 quod

254 842 390 919 propter
411 843 515 903 Deum
537 841 788 917 abnegaverunt
817 843 971 920 proprias
992 859 1052 903 vo-
1146 849 1196 907 Dc
1211 846 1368 911 areauna
1382 847 1476 911 teter
1487 850 1697 910 &macutes
1716 849 1747 910 et
1762 853 1835 913 otios

255 939 410 1001 luntates.
435 939 529 1001 Unde
555 939 694 1001 firmiter
718 928 886 1017 praecipio,
913 941 949 1002 ut
972 940 1053 1001 obe-
1419 945 1584 1015 inundates

181 1112 184 1115 x
255 1036 430 1098 diantsuis
446 1036 621 1107 ministris,
646 1036 681 1096 in
702 1036 856 1099 omnibus
876 1053 950 1114 quae
973 1053 1052 1114 pro·

255 1135 419 1197 miserunt
447 1134 588 1194 Domino
613 1133 803 1206 observare,
831 1135 864 1196 et
888 1149 954 1195 non
974 1135 1051 1196 sunt
1382 1103 1519 1164 CAPUT
1545 1104 1617 1165 ΧΠ·

255 1231 424 1295 contraria
437 1231 558 1291 animae
569 1247 649 1299 suar,
664 1233 697 1294 et
712 1232 848 1307 Regula
861 1234 998 1297 nostrae.
1013 1234 1052 1293 Et
1146 1232 1351 1310 Quicumque
1376 1232 1518 1296 fratrum
1540 1235 1655 1297 divina
1678 1235 1868 1314 inspiratione

254 1328 454 1406 ubicumque
467 1332 545 1390 sunt
555 1328 685 1401 fratres,
701 1330 757 1408 qui
768 1330 905 1402 scirent,
922 1331 955 1391 et
976 1344 1051 1404 cog·
1105 1329 1272 1391 volueriut
1286 1330 1335 1393 ire
1347 1330 1435 1393 inter
1448 1322 1662 1406 Sarracenos,
1678 1337 1711 1396 et
1723 1335 1800 1396 alios
1809 1335 1869 1396 ind·

254 1427 453 1502 gnoscerent
467 1442 503 1486 se
518 1441 585 1489 uon
601 1442 698 1503 posse
712 1428 873 1504 Regulam
889 1426 1051 1503 spiritua·
1105 1426 1330 1503 deles,petant
1341 1427 1419 1489 inde
1433 1429 1634 1491 licentiama
1649 1432 1717 1492 suis
1731 1432 1867 1495 ministris

254 1524 331 1593 liter
346 1523 535 1595 ohservare,
551 1523 593 1585 ad
617 1539 695 1587 suos
714 1524 885 1587 ministros
907 1522 1051 1585 debeant
1104 1523 1377 1599 provincialibus,
1404 1526 1548 1591 ministri
1569 1542 1650 1589 rero
1672 1528 1768 1588 nullis
1788 1529 1868 1589 eundi

254 1622 288 1685 et
302 1621 430 1699 possint
444 1636 630 1685 recurrere.
658 1620 804 1683 Ministri
824 1636 904 1682 vero
925 1620 1050 1685 carita-
1105 1618 1274 1680 licentiam
1296 1619 1455 1692 tribuant,
1478 1621 1544 1680 nisi
1567 1622 1628 1693 eis,
1652 1638 1732 1700 quos
1750 1622 1869 1684 uiderint

254 1717 369 1781 tiveet
388 1717 532 1795 benigne
547 1733 604 1779 eos
619 1718 795 1795 recipiant,
807 1719 979 1779 attentam
992 1716 1047 1779 l'a-
1104 1729 1179 1775 esse
1204 1714 1343 1776 idoneos
1371 1715 1413 1777 ad
1439 1717 1646 1778 mittendum.
1669 1718 1718 1783 ad
1741 1718 1806 1781 bec
1825 1734 1870 1795 per

254 1815 481 1893 miliarltatem
498 1814 645 1878 habeant
665 1816 755 1877 circa
767 1816 869 1892 ipsos,
883 1817 918 1887 ut
937 1815 1049 1879 dioere
1104 1810 1327 1885 obedientiam
1341 1812 1479 1888 injungo
1494 1813 1674 1886 ministris,
1693 1816 1728 1877 ut
1748 1818 1869 1891 petente

253 1910 1047 1989 possinteisetiaceresicutdominiservissuis.
1103 1908 1236 1970 domino
1268 1911 1359 1985 Papa
1388 1926 1490 1971 unum
1515 1912 1557 1973 de
1587 1914 1713 1979 sanctae
1738 1914 1870 1975 Romana

253 2009 339 2071 Nam
352 2009 399 2069 ita
414 2008 511 2071 debet
526 2023 612 2083 esse,
622 2008 708 2086 quod
720 2008 863 2070 ministri
877 2008 944 2071 sint
959 2008 1048 2071 servi
1103 2005 1260 2071 Ecclesiae
1284 2007 1522 2080 cardinalibus,
1538 2008 1595 2084 qui
1617 2009 1662 2070 sit
1683 2008 1868 2084 gubernator,

254 2106 401 2167 omnium
426 2105 577 2169 fratrum.
596 2107 716 2169 Moneo
736 2121 819 2167 vero
835 2108 868 2167 et
889 2105 1049 2169 exhortor
1103 2103 1280 2179 protector,
1296 2106 1330 2167 et
1353 2107 1522 2169 corrector
1547 2106 1649 2181 laeuus
1662 2104 1869 2176 fraternitatis

252 2204 289 2267 in
304 2204 443 2267 Domino
455 2206 536 2266 Jesu
560 2203 703 2276 Christo,
720 2206 756 2265 ut
775 2204 915 2267 caveant
927 2201 1048 2265 iratres
1103 2200 1140 2261 ut
1153 2214 1286 2276 semper
1299 2200 1423 2265 subditi
1437 2204 1470 2264 et
1485 2201 1626 2278 subjecti
1646 2202 1779 2279 pedibus
1798 2205 1871 2278 ejus·

253 2301 295 2363 ab
307 2300 398 2361 omni
410 2299 674 2377 superbiarum
686 2300 806 2375 gloria,
820 2299 958 2373 invidia,
972 2314 1050 2360 ava·
1103 2297 1176 2359 dem
1191 2301 1315 2371 sanctae
1331 2299 1500 2366 Ecclesia,
1517 2300 1654 2363 stabiles
1666 2301 1702 2361 in
1715 2299 1871 2365 ildecatlro

253 2398 342 2471 riba,
368 2413 449 2459 cura
477 2398 510 2463 et
535 2397 761 2465 sollicitudine
791 2396 891 2474 nujus
917 2396 1046 2469 saeculi,
1103 2394 1178 2468 lica,
1195 2397 1435 2471 paupertatem,
1449 2399 1482 2465 et
1497 2395 1729 2466 humilitatem,
1746 2399 1778 2459 et
1791 2412 1871 2458 sanc·

254 2495 462 2559 detractione
476 2497 510 2557 et
523 2494 796 2559 murmuratione.
805 2495 844 2555 nt
855 2495 1049 2559 noneurent
1102 2494 1171 2553 tum
1184 2492 1401 2568 evangelium
1412 2493 1659 2556 Domininostri
1669 2498 1748 2558 Jesu
1757 2492 1870 2564 curun

253 2592 442 2654 nescientes
455 2591 596 2667 litteras,
612 2591 740 2669 litteras
753 2590 897 2665 discere,
911 2591 970 2653 sed
990 2592 1046 2655 at·
1102 2589 1189 2666 quod
1202 2589 1342 2657 tirmiter
1353 2590 1578 2667 promisimus,
1594 2590 1814 2657 observemus.

251 2688 392 2767 tendant
416 2688 501 2766 quod
531 2702 634 2765 super
651 2688 762 2749 omnia
778 2687 971 2753 desiderare
985 2686 1047 2751 de-

251 2785 343 2860 bent,
365 2784 490 2847 nauare
514 2784 668 2861 spiritum
692 2783 835 2858 nomini,
850 2785 882 2849 a
897 2784 1047 2851 sancum
1121 2805 1255 2865 maces
1272 2806 1575 2881 senmourmae
1588 2807 1747 2878 eurem
1762 2806 1859 2866 urire

253 2886 327 2959 ejus
349 2882 587 2959 operationem,
615 2896 712 2945 orare
741 2895 873 2958 semper
900 2881 942 2942 ad
970 2874 1047 2942 eim
1232 2915 1315 2962 rum
1330 2916 1354 2962 a
1365 2903 1406 2961 Β.
1421 2902 1531 2964 Patre
1542 2904 1693 2976 prolatae
1707 2900 1766 2981 (1).

253 2995 338 3057 puro
361 2978 472 3057 corde,
488 2980 522 3040 et
545 2977 672 3041 habere
691 2977 913 3043 humilitatem
934 2979 1046 3054 etpa-

193 3103 201 3110 ·
253 3077 405 3144 tientiam
433 3077 467 3140 in
495 3076 771 3154 persecutioneet
784 3075 819 3140 in
839 3073 1045 3149 infirmitate,
1142 3077 1276 3140 Fratres
1292 3077 1369 3146 mei,
1395 3080 1428 3140 et
1446 3077 1510 3142 dlii
1535 3079 1715 3152 carissimi,
1736 3075 1874 3157 preclare

252 3174 286 3237 et
294 3174 434 3254 diligere
448 3190 517 3249 eos,
532 3174 588 3251 qui
601 3189 662 3235 nos
673 3174 929 3252 persequuntur,
937 3188 1048 3251 repre-
1102 3174 1273 3237 nobiscum
1297 3177 1409 3240 actum
1428 3178 1480 3242 est
1502 3176 1538 3237 in
1557 3178 1775 3240 concessione
1793 3176 1876 3250 nujus

251 3272 415 3346 handunt,
436 3275 470 3333 et
494 3272 658 3349 arguunt3
675 3271 754 3349 quia
768 3271 849 3342 dicit
869 3272 1044 3336 Dominus:
1101 3272 1248 3348 Regulae.
1265 3274 1344 3334 Haec
1359 3274 1460 3342 enim,
1474 3289 1548 3350 puae
1568 3273 1667 3336 nobis
1687 3272 1873 3351 proponitur,

251 3370 390 3447 Dittptte
405 3372 562 3432 inimicos
576 3370 723 3442 oestron,
737 3369 770 3431 et
781 3368 878 3432 orate
891 3382 957 3444 pro
969 3383 1047 3442 per·
1101 3368 1186 3429 liber
1207 3373 1258 3430 est
1277 3369 1366 3442 ritae,
1384 3385 1460 3446 spes
1486 3370 1616 3442 salutis,
1642 3371 1746 3432 arrha
1767 3368 1875 3445 glorie,

251 3466 469 3541 sequentibus
484 3467 816 3528 ciculumutcuttons
828 3462 1045 3543 voa(Matt.u‚
1101 3464 1246 3528 medulla
1261 3466 1446 3542 Evangelii,
1469 3467 1525 3528 ria
1545 3467 1676 3538 Crucis,
1698 3467 1799 3530 status
1812 3476 1876 3541 per·

251 3563 318 3644 44).
342 3564 444 3626 Beati
478 3567 537 3638 qut
562 3564 838 3639 persecutionem
862 3564 1047 3638 potiuntur
1101 3561 1266 3633 iectionis,
1281 3562 1386 3626 claris
1399 3563 1701 3640 paradisi,pactum
1716 3558 1877 3626 aeterniloe

249 3663 395 3737 propter
412 3663 602 3734 justitiam,
627 3663 790 3736 quonium
809 3664 966 3734 ipsorum
995 3660 1047 3721 est
1101 3659 1202 3720 deris
1214 3660 1319 3721 Nemo
1332 3661 1480 3724 restrum
1501 3663 1554 3722 est
1568 3661 1625 3737 qui
1639 3660 1772 3736 ignoret
1784 3671 1876 3735 cmu-

251 3774 400 3836 repnum
427 3763 592 3819 oratorum
611 3755 721 3834 (laid,
743 3755 807 3835 10).
833 3757 897 3821 eut
929 3757 1047 3817 eutem
1101 3759 1170 3818 tum
1181 3757 1396 3820 emolumenti
1411 3757 1563 3820 conterat
1580 3757 1679 3822 nobis
1694 3772 1788 3822 sacra
1808 3751 1875 3815 reli-

250 3854 534 3931 peraevernoertt
556 3867 663 3927 respue
676 3856 715 3915 tu
728 3854 845 3927 linem,
858 3856 912 3916 leto
930 3858 1047 3915 salom
1101 3854 1168 3929 gio,
1182 3869 1257 3914 cum
1276 3852 1475 3916 colluctator
1495 3855 1529 3916 et
1549 3854 1766 3920 adversarius
1781 3851 1878 3914 noster

252 3952 322 4014 erit
344 3950 465 4031 (Mart,
481 3965 516 4024 x,
531 3947 597 4030 22).
1101 3950 1142 4011 ad
1156 3966 1270 4014 omnes
1284 3950 1378 4016 dolos
1393 3951 1447 4011 rel
1455 3951 1650 4028 cogitandos
1662 3952 1718 4014 rel
1728 3949 1878 4027 explicas

1004 4073 1007 4078 ·
1101 4048 1161 4109 dos
1177 4048 1281 4109 mirus
1295 4047 1339 4109 sit
1349 4047 1481 4120 artilex,
1499 4050 1598 4125 atque
1612 4049 1727 4110 omnia
1741 4063 1810 4124 qua
1823 4058 1876 4104 nc·

254 4169 347 4235 Qrcod
360 4163 1047 4243 tratresuoutnpredr'cutormcuceterto
1101 4160 1177 4206 ὓθΐθ
1203 4146 1362 4221 Ρθὸὃῑῑῦῐ,
1390 4160 1450 4221 lJro
1473 4144 1602 4221 laqueis
1637 4144 1773 4207 habeat·
1799 4139 1877 4247 Ulli

515 4266 776 4325 monacharum,
1101 4241 1325 4318 quamplures,
1340 4239 1406 4300 nisi
1419 4241 1592 4316 religionis
1602 4241 1765 4303 beneflcio
1776 4237 1877 4300 mumtr

544 4405 680 4476 eru
694 4405 751 4464 a·
1101 4331 1877 4509 tntu,illuminarunt

295 4540 458 4616 Praecipio
480 4537 622 4600 tirmiter
644 4535 804 4599 iratribus
822 4532 990 4598 universis
1005 4548 1047 4594 ne
1101 4532 1135 4596 et
1147 4531 1183 4591 in
1194 4530 1408 4591 alleviatione
1419 4529 1510 4591 tadu
1525 4531 1559 4591 et
1577 4530 1742 4592 memoria
1756 4521 1878 4605 prestiti

255 4635 400 4697 habeant
412 4635 568 4710 suspecta
579 4631 963 4696 consortiaueloonsilia
972 4646 1048 4691 mu-
1097 4627 1289 4705 Juramenti,
1304 4642 1378 4688 cum
1394 4626 1547 4688 interiori
1560 4626 1696 4690 bomine
1711 4626 1796 4687 deca
1806 4636 1878 4685 eon·

254 4733 386 4806 lterum,
402 4733 436 4793 et
449 4747 491 4792 ne
515 4730 748 4806 ingrediantur
759 4728 963 4790 monasteria
974 4743 1049 4792 mo-
1101 4723 1308 4795 fabulamini,
1321 4739 1396 4784 cum
1411 4722 1595 4785 intentione
1605 4739 1678 4786 eam
1691 4715 1879 4798 adimplendi

256 4831 451 4903 nacharum,
463 4826 681 4904 praeterillce,
690 4825 839 4902 quibusa
851 4825 936 4886 Sede
946 4827 1049 4901 npos·
1102 4836 1232 4898 semper
1243 4836 1313 4897 prae
1329 4819 1436 4882 oculis
1450 4821 1595 4896 portatu
1607 4820 1674 4882 imo
1687 4820 1722 4886 et
1735 4834 1807 4881 cunr
1816 4816 1879 4892 ipsa

254 4928 357 4991 tolioa
370 4940 531 4988 concessa
557 4924 609 4985 est
631 4921 768 4983 licentia
789 4921 957 4998 specialis.
978 4921 1050 4981 Nec
1101 4917 1228 4981 debetis
1243 4916 1339 4979 mori.

292 5092 333 5177 tl)
355 5095 413 5149 llas
439 5087 626 5162 precedentis
650 5086 767 5158 Regulo
795 5084 896 5150 laudes
918 5099 976 5157 prae
998 5098 1046 5142 ce·
1101 5083 1228 5152 Apotnu,
1253 5096 1317 5154 cap.
1340 5082 1367 5150 3,
1380 5095 1460 5138 num.
1478 5081 1538 5139 liet
1559 5083 1594 5151 73
1618 5080 1877 5149 communiterque

256 5171 325 5221 teus
355 5162 439 5219 nobis
464 5160 592 5216 obtulere
621 5158 742 5215 Pisanus
764 5155 835 5213 libro
863 5155 955 5227 primo
973 5155 1045 5213 Con·
1102 5153 1243 5209 Minoritls
1255 5150 1500 5219 circumferuntur,
1522 5158 1551 5208 et
1569 5150 1644 5223 apud
1659 5152 1879 5229 antiquosque<

256 5233 339 5291 iorm.
354 5234 381 5301 9,
399 5230 549 5303 partitione
561 5230 588 5299 6,
604 5229 633 5285 in
648 5227 720 5296 ilue3
733 5225 869 5285 Manuale
885 5226 1048 5292 bitumum·
1102 5237 1158 5294 que
1174 5223 1281 5294 possim
1300 5222 1492 5286 inveniuntur,
1514 5222 1552 5278 ita
1579 5229 1609 5278 ut
1630 5223 1726 5278 omnis
1745 5211 1878 5295 momnis

256 5306 353 5361 Alvar.
379 5302 502 5374 Pelag.‚
531 5299 602 5356 libro
625 5296 751 5354 secundo
768 5298 802 5351 de
823 5296 933 5352 Planci.
957 5296 1046 5364 licet,
1102 5294 1250 5366 scrupulus
1272 5293 1346 5350 circa
1371 5300 1515 5350 auctorem
1548 5290 1680 5350 iaculime
1704 5291 1764 5347 tolli
1790 5291 1877 5367 poest-

257 5381 309 5431 art.
324 5374 369 5439 ol,
385 5372 414 5428 in
430 5372 531 5443 prine.;
542 5366 694 5442 Rodulpb„
705 5366 753 5426 lib
769 5368 807 5435 11,
824 5366 975 5438 partitione
989 5366 1007 5422 5
1020 5374 1048 5421 et
1102 5366 1207 5421 Breues
1220 5371 1297 5431 sunt,
1312 5362 1532 5434 compendiosa,
1545 5369 1574 5418 et
1588 5362 1764 5435 mysteriosae
1776 5365 1847 5415 saus.

257 5447 293 5514 ὃς
307 5445 397 5500 Firm.
413 5442 502 5499 trium
525 5440 638 5505 ordin,
654 5445 764 5496 tractat.
781 5451 812 5506 r;
829 5435 993 5507 Sedul.,lib.
1009 5438 1046 5504 11,
