3950 6200
94 302 141 367 lii
641 298 964 367 PROLEGOMENA.
987 328 1031 346 -
1049 300 1157 363 VlTA.
1661 297 1721 357 178

43 482 44 501 ¹
93 462 215 524 mnne
229 460 474 527 abundantiori
489 462 651 541 completa
674 462 792 527 luentia
813 475 874 538 pro
927 463 1188 522 mtsertoordioe.
1217 460 1362 536 cumque
1388 456 1464 519 illos
1489 453 1723 517 misericordes

93 558 287 635 suscipienda
305 563 408 637 prole
423 563 520 639 juxta
533 563 733 638 promissum
756 559 874 620 multi·
929 557 1044 619 oculos
1060 559 1262 635 precaretur,
1288 556 1496 632 fructumque
1518 568 1722 615 commemo-

43 706 44 709 ,
92 656 210 735 plicavit
219 672 356 732 preces,
374 662 409 720 et
424 662 500 721 vota
515 660 676 736 promisit.
701 657 874 734 Impletum
928 656 1020 716 reret
1035 654 1121 717 uteri
1141 654 1328 729 virginalis
1345 654 1503 715 continuo
1527 652 1656 713 cunctis
1680 651 1724 710 li-

92 757 132 816 est
143 755 282 831 denique
296 756 433 834 tempus
444 757 606 833 pariendi,
623 758 656 821 et
670 755 799 833 peperit
809 753 874 815 foe-
929 752 1044 814 berata
1064 754 1243 829 pressuris,
1265 751 1426 812 infantem
1452 750 1638 826 speciosum
1664 765 1725 824 pe-

91 853 164 913 niua
182 853 389 927 masculum,
413 855 468 932 qui
489 855 651 947 juvenilis
672 852 793 914 robore
807 852 875 912 ilo-
930 850 1026 926 perit,
1043 851 1170 925 gratias
1194 865 1297 924 agens
1322 848 1457 923 Reginae
1472 845 1724 917 misericordiae,

89 950 283 1022 rensaetatis,
301 953 466 1028 tanquam
484 968 543 1029 per
554 955 592 1013 Β.
615 951 785 1013 Francisci
800 964 874 1009 me-
930 962 1004 1024 quae
1020 961 1080 1022 per
1101 949 1137 1007 B.
1155 946 1325 1007 Francisci
1349 945 1468 1007 merita
1488 944 1595 1023 ipsius
1615 942 1726 1003 fuerat

89 1049 141 1109 rita
154 1045 339 1109 fomentum
357 1049 543 1126 susciperet
565 1049 653 1120 vitae,
671 1048 875 1109 incitamen·-

89 1147 144 1206 tum
164 1145 379 1220 parientibus
405 1145 547 1223 praebuit
568 1146 609 1207 ad
633 1145 819 1217 Christum,
842 1143 877 1205 et

90 1243 221 1302 unctum
250 1245 345 1318 ejus,
370 1243 551 1305 devotioris
577 1242 729 1305 affectus.
758 1241 876 1302 Simile

90 1339 226 1416 quiddam
249 1339 337 1401 huic
367 1341 404 1401 in
427 1340 560 1402 Tiburis
585 1339 719 1403 civitate
742 1339 876 1403 sanctus

90 1438 166 1512 pater
188 1435 315 1498 effecit.
348 1439 429 1498 Cum
461 1438 551 1499 enim
576 1436 697 1497 mulier
723 1435 877 1511 quaedam

90 1534 160 1592 ilias
176 1532 347 1609 plurimas
377 1535 572 1611 peperisset,
592 1533 757 1597 desiderio
773 1530 876 1608 prolis

91 1629 209 1705 fatigata
222 1630 355 1699 virilis,
371 1631 459 1707 apud
477 1633 510 1692 S.
527 1631 742 1693 Franciscnm
759 1644 877 1706 preces

92 1726 294 1800 ingeminavit
320 1729 357 1789 et
380 1730 469 1789 vota.
494 1727 652 1804 Concepit
675 1726 779 1803 igitur
804 1728 876 1802 ejus

43 1894 44 1911 χ
92 1823 199 1884 neritis
224 1823 358 1889 mulier
380 1824 451 1895 illa,
476 1824 508 1885 et
522 1825 673 1900 geminos
697 1824 730 1886 ei
758 1838 877 1900 parere

43 1938 44 1993 j
92 1920 174 1990 dedit,
185 1921 241 1997 qui
256 1937 324 1998 pro
341 1937 411 1983 uno
424 1920 533 1982 fuerat
546 1922 716 1983 exoratus.

121 2017 203 2093 Apud
215 2018 412 2079 Viterbium
422 2019 532 2096 partui
546 2018 731 2095 propinqua
744 2016 875 2088 mulier,

94 2113 172 2175 morti
212 2115 442 2192 propinquior
478 2114 693 2187 censebatur,
729 2115 879 2176 viscera-

93 2207 161 2267 libus
173 2210 380 2272 tormentata
402 2209 584 2284 doloribus,
595 2212 631 2272 et
643 2212 713 2272 tota
734 2210 877 2271 calami·

96 2306 192 2366 losain
206 2307 409 2369 infortuniis
433 2308 623 2368 mulierum.
646 2310 792 2384 Cumque
811 2323 878 2369 na-

96 2403 160 2462 turae
172 2404 414 2467 succumbente
429 2406 562 2476 virtute,
590 2405 699 2467 omnis
716 2404 879 2467 deiiceret

98 2500 161 2560 artis
180 2501 364 2573 industria,
393 2503 549 2564 invocato
564 2505 600 2563 B.
618 2502 790 2565 francisci
811 2518 877 2563 no-

98 2596 177 2667 rnine,
187 2598 336 2661 liberata
353 2600 527 2662 confestim
540 2600 662 2660 mulier
677 2602 806 2676 partum
822 2614 880 2661 sa-

43 2700 44 2705 ’
100 2692 216 2755 lubriter
233 2697 445 2758 terminavit
461 2697 696 2759 sedassecuta
712 2696 797 2774 quod
813 2713 878 2758 vo-

101 2788 155 2861 luit,
168 2794 199 2852 et
210 2793 319 2856 oblita
337 2794 491 2855 beneficii
507 2795 591 2871 quod
606 2792 745 2871 accepit,
766 2793 878 2856 hono-

102 2902 156 2947 rem
165 2892 275 2953 sancto
292 2908 364 2952 non
377 2891 541 2963 deferens,
559 2891 752 2953 dienatalis
773 2891 879 2967 ipsius

100 2982 233 3062 adopera
256 2989 403 3050 servilia
422 3004 541 3049 manus
566 2989 731 3063 extendit3
753 2990 786 3050 et
799 3004 879 3050 ecce

101 3080 187 3146 subito
200 3084 380 3149 dexterum
396 3085 582 3158 brachium,
593 3086 635 3148 ad
651 3085 800 3148 laborem
814 3103 878 3149 ex·

43 3199 45 3232 i
101 3180 218 3254 tensum,
244 3184 438 3246 inflexibile
476 3183 638 3246 remansit
673 3186 706 3245 et
735 3185 877 3245 aridum.

103 3277 174 3346 duod
187 3295 257 3341 cnm
274 3281 429 3343 studeret
449 3281 491 3341 ad
507 3297 543 3342 se
556 3296 719 3343 rovocare
733 3296 808 3342 cum
823 3281 878 3341 al-

102 3373 167 3442 tero,
189 3378 317 3440 idtione
341 3378 510 3440 consimili
524 3380 558 3439 et
573 3378 656 3439 illud
672 3378 815 3439 exaruit.
829 3378 880 3438 Ti·

104 3483 175 3532 nore
185 3473 290 3549 igitur
304 3474 418 3535 divino
433 3475 585 3551 correpta
611 3474 742 3546 mulier,
765 3473 881 3535 redin-

104 3567 222 3641 tegravit
262 3575 399 3646 votnm;
433 3587 595 3648 usumque
633 3572 878 3642 membrorum,

106 3678 181 3738 quem
201 3673 339 3747 propter
363 3669 638 3744 ingratitudinem
659 3669 821 3733 amiserat
847 3668 881 3731 et

107 3765 317 3842 mntemptum,
344 3782 405 3843 per
427 3766 656 3827 misericordis
686 3768 720 3828 et
743 3764 879 3826 humilis

108 3863 190 3922 sancti
204 3865 337 3936 merita,
356 3864 411 3925 cui
426 3880 462 3925 se
482 3863 603 3924 iterato
622 3864 765 3936 devovit,
782 3879 881 3924 recu-

108 3969 199 4027 perare
212 3959 412 4037 promeruit.

136 4054 239 4119 llulier
249 4058 404 4136 quaedam
416 4057 457 4118 de
467 4058 616 4133 partibus
628 4058 786 4130 Aretinis,
802 4074 878 4119 cum

110 4162 153 4221 per
163 4158 281 4230 septem
295 4155 368 4215 dies
383 4156 498 4229 partus
513 4154 709 4215 discrimina
727 4155 879 4216 sustine-

112 4247 158 4316 ret,
170 4253 197 4312 et
210 4255 283 4329 jam
304 4253 341 4312 in
363 4251 571 4327 nigredinem
591 4267 689 4311 versa
704 4250 879 4327 desperata

113 4348 225 4411 essetab
242 4348 409 4420 omnibus,
422 4349 535 4408 votnm
548 4346 626 4409 fecit
638 4351 673 4408 B.
686 4349 878 4421 FranciscO,

115 4441 208 4520 eteius
228 4447 332 4523 coepit
352 4446 499 4507 moriens
523 4445 687 4508 auxilium
708 4446 877 4508 invocare.

116 4537 212 4605 fuisso
233 4547 346 4606 autam
372 4547 462 4615 voto,
485 4543 640 4605 celeriter
667 4542 877 4616 obdormivit,

114 4633 229 4717 sititque
251 4644 288 4702 in
310 4642 449 4712 somnis,
462 4639 595 4703 beatum
611 4642 826 4702 Franciscum
844 4658 880 4703 se

116 4728 226 4800 duriter
265 4739 508 4815 alioquentem,
552 4754 592 4798 ac
633 4738 877 4816 requirentem,

116 4831 198 4895 utrum
210 4837 330 4898 faciem
345 4836 452 4911 ipsius
464 4839 670 4911 agnosceret,
686 4836 720 4897 et
733 4851 776 4896 au
791 4837 881 4899 anti-

117 4924 229 4999 phonam
254 4936 349 4995 illam
375 4933 524 5008 Virginis
557 4933 714 5008 gloriosae
742 4954 749 4993 :
779 4936 880 4995 Soloe

118 5025 217 5102 lecton
230 5032 348 5093 neuter
361 5033 624 5101 misericordiae,
641 5029 742 5092 sciret
755 5030 796 5091 ad
813 5031 879 5092 ho-

119 5133 203 5190 norem
221 5128 369 5206 ejusdem
385 5127 525 5202 virginis
542 5126 696 5188 recitare.
716 5131 786 5199 Qua
803 5144 879 5189 res·

119 5223 250 5290 pondente
274 5240 311 5285 se
335 5224 459 5286 habere
479 5225 631 5286 notitiam
648 5224 688 5284 de
704 5225 878 5302 utrisque:

931 1043 1068 1119 dignata
1081 1042 1245 1103 misereri.

1131 1339 1181 1397 Do
1195 1339 1296 1398 eaects
1311 1337 1524 1399 discindentis.

971 1533 1009 1591 lu
1032 1532 1199 1593 conventu
1220 1531 1361 1593 fratrum
1383 1533 1549 1593 Minornm
1572 1531 1724 1607 Neapoli,

932 1628 1727 1707 cumquidamfrater,Robertusnomine,caeous

932 1727 1031 1787 annis
1053 1727 1207 1803 plurimis
1232 1728 1407 1799 extitisset,
1432 1727 1537 1788 crevit
1558 1727 1593 1787 iu
1619 1726 1726 1788 oculis

932 1826 1005 1900 ejus
1020 1839 1098 1885 caro
1113 1825 1293 1900 superflua,
1311 1827 1434 1886 motum
1454 1826 1488 1885 et
1506 1840 1603 1885 usum
1620 1825 1728 1900 impe-

932 1920 1027 1981 diens
1047 1920 1292 1997 palpebrarum.
1321 1924 1401 1982 Cum
1417 1921 1520 1997 igitur
1533 1920 1654 1981 fratres
1675 1920 1727 1983 fo-

931 2032 1047 2079 renses
1064 2018 1105 2079 ad
1119 2018 1270 2080 diversas
1284 2019 1399 2079 mundi
1414 2019 1525 2095 partes
1540 2018 1724 2089 tendentes,

932 2115 1056 2179 ibidem
1083 2115 1217 2193 plurimi
1238 2117 1483 2183 convenissent,
1499 2116 1616 2179 beatus
1631 2116 1728 2193 pater

933 2213 1132 2275 franciscus
1145 2214 1315 2290 speculum
1332 2213 1528 2275 obedientiae
1542 2213 1728 2285 sancirent

933 2324 991 2370 eos
1013 2310 1168 2371 miraculi
1196 2311 1343 2372 novitate
1371 2310 1561 2372 hortaretur
1588 2310 1629 2370 ad
1649 2310 1724 2379 iter,

933 2406 1127 2484 praedictum
1151 2406 1286 2469 fratrem
1315 2407 1398 2483 ipsis
1423 2406 1643 2484 praesentibus
1665 2405 1726 2467 tali

933 2503 1030 2567 modo
1045 2505 1186 2567 curavit.
1199 2504 1337 2566 iacebat
1353 2506 1449 2565 nocte
1467 2503 1608 2580 quadam
1623 2503 1728 2563 frater

935 2601 1097 2663 Robertus
1114 2602 1291 2678 praedictus
1307 2617 1396 2678 aeger
1410 2600 1451 2661 ad
1467 2602 1621 2671 mortem,
1634 2603 1727 2677 jam·

933 2713 997 2774 que
1025 2697 1089 2759 sibi
1114 2698 1223 2761 fuerat
1243 2699 1355 2759 anima
1381 2697 1630 2760 commendata:
1657 2697 1727 2758 tum

933 2811 1011 2856 ecce
1028 2796 1133 2858 astitit
1154 2797 1186 2856 ei
1201 2799 1236 2857 B.
1254 2797 1348 2874 pater
1361 2812 1437 2857 cum
1449 2794 1555 2857 tribus
1568 2794 1728 2858 fratribus

934 2893 1022 2953 omni
1048 2894 1226 2956 sanctitate
1248 2894 1415 2971 perfectis,
1438 2892 1594 2954 videlicet
1610 2894 1642 2952 S.
1658 2895 1729 2953 An-

932 2990 1037 3061 tonio,
1055 2990 1159 3052 fratre
1173 2991 1369 3067 Augustino,
1386 2991 1420 3052 et
1434 2989 1537 3051 fratre
1550 2988 1674 3052 Jacobo
1687 2988 1728 3050 de

933 3088 1073 3161 Assisio,
1088 3088 1143 3167 qui
1157 3090 1244 3151 siout
1258 3107 1333 3150 eum
1353 3087 1498 3166 perfecte
1520 3087 1652 3149 fuerant
1674 3103 1730 3149 se-

934 3187 1013 3259 cuti,
1032 3187 1108 3247 dum
1124 3187 1286 3260 viverent,
1311 3187 1359 3247 ita
1382 3188 1416 3247 et
1437 3186 1545 3262 ipsum
1570 3185 1729 3248 alacriter

934 3282 1177 3346 comitabantur
1191 3286 1266 3360 post
1289 3283 1439 3344 mortem.
1457 3281 1632 3357 Accipiens
1655 3281 1729 3342 cul-

933 3380 1049 3441 tellum
1072 3382 1105 3441 S.
1129 3381 1339 3452 Franciscus,
1368 3395 1500 3441 carnem
1524 3378 1728 3455 superfluam

935 3478 1110 3549 resecavit,
1133 3478 1245 3539 lumen
1269 3478 1416 3540 restituit
1439 3477 1627 3553 pristinum,
1652 3475 1729 3537 eta

935 3576 1051 3637 mortis
1077 3591 1153 3636 eum
1179 3575 1274 3636 fauce
1300 3574 1450 3645 reduxit,
1479 3574 1628 3650 dixitque
1655 3573 1726 3645 illi;

935 3672 999 3734 Fili
1014 3672 1169 3744 Rcberte,
1186 3673 1422 3749 gratiaquam
1436 3672 1545 3732 tecum
1567 3669 1642 3741 feci,
1659 3669 1731 3745 sig-

934 3785 1014 3829 num
1028 3771 1079 3830 est
1096 3768 1254 3832 fratribus
1269 3769 1310 3830 ad
1325 3770 1470 3831 remotas
1483 3769 1635 3829 nationes
1651 3783 1731 3827 euu-

934 3867 1035 3936 iibus,
1056 3867 1142 3944 quod
1157 3883 1219 3942 ego
1237 3867 1422 3944 praecedam
1436 3882 1505 3937 eos,
1527 3865 1729 3942 et'ipsornm

935 3964 1077 4041 dirigam
1087 3980 1235 4041 gressus.
1247 3965 1388 4036 vadant,
1402 3964 1520 4040 inquit,
1532 3962 1727 4040 gaudenter,

934 4064 967 4123 et
993 4063 1177 4139 injunctam
1209 4061 1432 4124 obedientiam
1474 4061 1579 4122 alacri
1616 4060 1729 4120 animo

934 4161 1170 4236 exsequantur.

973 4256 1067 4333 Apud
1092 4255 1222 4316 Thebas
1242 4256 1276 4316 in
1299 4256 1472 4327 Romania,
1495 4253 1616 4315 mulier
1639 4268 1728 4314 caeca

934 4354 1085 4429 vigiliam
1111 4355 1142 4414 S.
1174 4353 1345 4414 Francisci
1371 4354 1406 4413 iu
1432 4368 1519 4427 pane
1546 4353 1675 4413 tantum
1696 4351 1730 4411 et

934 4466 1021 4527 aqua
1033 4453 1190 4527 jejunans
1205 4451 1246 4510 ad
1262 4450 1439 4511 ecclesiam
1458 4449 1598 4510 fratrum
1619 4448 1730 4509 Mino-

934 4564 1019 4619 rnm,
1042 4563 1172 4608 summo
1196 4563 1293 4607 mane
1315 4545 1516 4618 festivitatis,
1540 4545 1648 4607 aviro
1668 4560 1729 4606 suo

934 4645 1093 4723 perducta
1106 4645 1166 4706 est.
1185 4647 1264 4716 Quae
1280 4643 1355 4704 dum
1372 4644 1473 4704 missa
1489 4643 1727 4714 celebraretur,

934 4741 969 4800 in
993 4739 1179 4800 elevatione
1199 4739 1349 4816 corporis
1365 4740 1488 4801 Christi
1512 4739 1626 4801 oculos
1648 4753 1730 4814 ape-

934 4838 1013 4909 ruit,
1034 4838 1124 4898 clare
1147 4836 1241 4907 vidit,
1266 4837 1478 4899 devotissime
1504 4836 1666 4897 adoravit.
1690 4837 1728 4894 ln

934 4935 1006 5012 ipsa
1028 4949 1108 4996 vero
1130 4934 1337 5005 adoratione,
1358 4949 1440 4996 voce
1462 4949 1582 5009 magna
1597 4931 1729 5009 procia-

935 5049 1031 5093 mans
1047 5054 1054 5091 ε
1078 5032 1223 5104 Gratias,
1238 5032 1356 5108 inquit,
1373 5034 1452 5104 Dec,
1467 5037 1499 5091 et
1514 5031 1627 5090 sancto
1643 5031 1727 5106 ejus,

936 5130 1014 5206 qnia
1039 5129 1135 5191 video
1163 5145 1283 5205 corpus
1312 5128 1451 5200 Christi,
1480 5126 1644 5198 omnibus,
1671 5126 1729 5202 qui

935 5226 1085 5298 aderant,
1112 5226 1146 5286 in
1173 5242 1271 5287 voces
1301 5224 1517 5286 exultationis
1542 5222 1725 5284 conversis.

120 5314 211 5397 hcipe,
227 5322 437 5389 aitsanctus,
456 5321 673 5398 antiphonam
689 5337 831 5395 sacram,
848 5325 882 5385 et
936 5326 1015 5386 Post
1047 5339 1219 5399 sacrorum
1250 5321 1489 5398 expletionem,
1517 5335 1652 5381 reversa
1679 5322 1730 5381 est

120 5418 261 5497 tunquam
281 5418 462 5495 compleas,
479 5420 590 5494 paries
606 5435 681 5479 cum
696 5419 815 5481 salute.
830 5422 879 5482 Ad
935 5422 1057 5482 mulier
1069 5421 1109 5481 ad
1126 5421 1258 5481 domum
1276 5434 1381 5487 suam,
1399 5433 1472 5478 cunr
1490 5417 1612 5494 gaudio
1627 5417 1729 5494 spiri·

121 5507 180 5577 hanc
195 5534 305 5580 vocem
330 5516 503 5592 evigilavit
524 5516 655 5588 mulier,
682 5518 715 5578 et
738 5533 812 5579 cum
837 5519 881 5580 ti·
935 5518 1032 5591 ritus,
1058 5519 1090 5580 et
1110 5515 1236 5578 lumine
1251 5515 1434 5578 oculorum.
1452 5513 1630 5577 Exultabat
1653 5514 1730 5592 qni-

122 5622 184 5674 nore
209 5616 307 5693 erepit
330 5613 443 5676 dicere
460 5636 467 5673 :
484 5617 585 5678 Soloe
609 5618 741 5690 neptim
765 5617 881 5677 muter
935 5615 1010 5678 dem
1032 5615 1162 5687 mulier,
1181 5630 1246 5676 non
1268 5614 1374 5675 solum
1399 5613 1477 5689 quia
1507 5613 1591 5704 lucis
1611 5629 1730 5689 corpo-
