3950 6200
93 285 135 346 509
600 269 922 333 PROLEGOMENA.
937 300 979 316 -
998 272 1109 332 VITA.
1624 272 1686 336 510

93 438 247 507 arumna
269 432 350 511 qued
370 432 452 510 ipse,
469 430 548 494 licet
565 429 695 508 pollens
720 429 834 493 divina
888 444 948 507 per
961 431 1065 503 vicos,
1093 432 1214 503 castra,
1239 431 1339 494 urbes
1365 433 1399 495 et
1421 448 1531 510 agros,
1555 436 1589 498 et
1603 436 1682 500 vitae

92 535 226 615 sapientia,
239 530 298 593 sibi
317 529 525 608 impudenter
539 544 607 590 non
626 528 832 606 usurpasset,
889 527 1018 589 semina
1034 528 1155 606 ubique
1170 530 1359 606 largissime
1379 532 1568 608 spargebat.
1585 536 1686 597 Cum·

91 636 130 698 sad
148 636 175 694 in
194 630 321 706 collegio
338 643 532 707 pauperum,
558 643 637 690 vere
653 641 834 704 pauperem
889 640 953 703 qua
975 625 1016 687 ob
1042 626 1150 688 selum
1165 628 1354 688 animarum
1370 631 1494 705 passim
1509 631 1682 696 discurre-

90 733 177 810 spiritu
195 745 228 790 se
241 728 449 798 declarasset,
474 727 508 788 et
530 741 596 787 non
609 724 676 785 nisi
696 726 834 785 vocatus
889 723 950 796 ret,
968 738 1163 802 omnemque
1185 726 1334 802 requiem
1352 725 1416 787 sibi
1432 743 1567 804 prorsus
1582 732 1686 794 vellet

90 830 117 891 ad
125 824 356 889 concionandum
372 825 581 886 accessisset.
592 822 711 884 Fuisse
724 823 834 883 autem
889 820 1118 894 interdictam
1144 822 1283 898 contigit
1296 838 1372 883 enm
1387 825 1446 885 Dei
1462 828 1543 889 nutu
1558 828 1684 890 Arimi-

89 925 210 987 disinitus
227 925 387 995 vocatum,
407 924 440 983 et
463 921 532 982 vita
547 920 649 992 illius,
670 921 705 981 et
725 917 835 980 obitus
889 933 968 978 num
991 919 1178 994 pervenire,
1202 919 1258 980 ubi
1287 915 1361 980 cum
1385 922 1505 984 multos
1531 927 1685 989 cerneret

88 1022 222 1101 perspicue
231 1017 536 1096 docuerazequibus
545 1018 702 1094 priorem,
717 1031 835 1093 nempe
890 1014 1012 1076 haeresi
1034 1019 1214 1093 correptos,
1244 1033 1323 1078 mox
1346 1019 1447 1080 totius
1468 1022 1580 1098 oppidi
1599 1040 1684 1085 eon-

88 1122 169 1191 aitan,
184 1117 316 1196 abjectio
335 1116 387 1177 sui
409 1115 610 1185 voluntaria,
625 1112 768 1191 simplex
783 1113 837 1173 in·
889 1114 1008 1173 vocato
1023 1114 1156 1190 populo,
1173 1113 1315 1176 terrenti
1330 1116 1448 1191 spiritu
1469 1118 1510 1178 ad
1526 1135 1582 1180 eos
1598 1136 1683 1183 con-

87 1216 212 1285 nocentia‚
224 1218 254 1276 et
267 1213 451 1291 disciplinae
467 1213 659 1275 monastices
676 1211 833 1282 studium,
891 1210 1019 1272 cionari
1030 1212 1140 1288 caepit,
1152 1212 1351 1288 versutaque
1362 1213 1594 1278 haereticorum
1607 1219 1685 1296 dog·

86 1313 282 1385 cennandant,
293 1311 513 1388 posteriorem
529 1326 621 1382 vero,
634 1309 666 1370 id
680 1312 742 1380 est,
756 1308 836 1369 doe
890 1311 979 1369 mata
1002 1307 1196 1370 luculenter·
1218 1310 1410 1372 confutavit.
1436 1314 1501 1373 Eas
1521 1318 1633 1377 autem
1648 1317 1684 1377 in

85 1412 249 1473 trinanucnm
262 1409 333 1471 zelo
348 1411 525 1486 conjuncta
540 1405 836 1479 charitasetveri-
890 1404 1079 1467 auditorum
1094 1406 1282 1483 pectoribus
1297 1405 1417 1470 atticen
1431 1424 1541 1472 sermo
1556 1413 1589 1473 et
1600 1411 1684 1475 doe·-

84 1511 151 1570 taset
161 1507 319 1581 modestia,
332 1505 569 1583 approbarunt
584 1507 662 1577 Quae
678 1520 753 1565 cum
767 1518 834 1564 non
890 1502 978 1564 trina
985 1503 1143 1565 salutaris
1158 1504 1231 1566 lixit
1243 1504 1384 1578 radices,
1397 1509 1432 1568 ut
1444 1508 1630 1585 profligatis
1640 1513 1687 1573 te·

84 1605 179 1681 possint
198 1604 301 1666 omnia
331 1603 525 1680 siugulatim
553 1601 689 1673 reterri,
719 1599 835 1677 paucis
890 1600 1145 1673 triserroribna,
1163 1618 1228 1663 non
1241 1602 1340 1679 pauci
1354 1602 1396 1663 ad
1416 1604 1494 1667 tidei
1507 1607 1686 1683 integrita-

83 1703 204 1773 dicenus,
231 1700 503 1779 quemadmodum
526 1700 702 1763 veritatem
728 1697 837 1758 indis·
890 1700 955 1759 tem
969 1697 1037 1759 sint
1050 1699 1189 1761 reducti.
1216 1702 1253 1761 In
1279 1700 1398 1778 quibus
1414 1703 1515 1764 etiam
1530 1705 1685 1767 Boniril-

83 1794 836 1860 cuninatimomnibusanunnciarit.Fecitnimi·
890 1795 959 1856 lum
980 1795 1252 1870 baereaiarcbam,
1280 1814 1378 1875 quem
1391 1800 1551 1877 tringinta
1586 1803 1686 1865 annis

84 1912 133 1957 mu
143 1897 236 1958 instar
245 1896 343 1958 lsaiae
355 1896 410 1957 cui
420 1894 544 1957 dictum
559 1897 610 1956 est
626 1915 634 1955 a
651 1897 781 1966 Ctaoaa,
792 1906 836 1953 rae
891 1909 1042 1954 errorum
1057 1894 1203 1957 tenebrae
1219 1895 1481 1972 obcaecaverunt,
1498 1900 1540 1959 ad
1552 1902 1685 1963 sanita-

83 2008 170 2068 ecssaa,
190 1998 283 2068 quaet
302 1995 386 2056 tuba
411 1994 530 2056 ecclic
552 2006 669 2054 vocem
688 1992 786 2054 tuom
802 1990 836 2051 et
891 1991 957 2053 tem
971 1992 1153 2065 revocavit,
1169 1993 1345 2071 effecitque
1369 1996 1519 2074 utusque
1538 1996 1580 2057 ad
1596 2014 1688 2062 mor·

84 2095 217 2154 amando
227 2096 354 2167 populo
368 2105 445 2152 eaeo
455 2095 587 2153 scetere
604 2104 728 2152 comam
743 2088 835 2167 (isa,
891 2089 957 2151 tem
972 2090 1131 2152 Ecclesia
1145 2090 1310 2153 mandatis
1323 2091 1460 2154 devotus
1473 2094 1612 2157 steterit.

83 2188 179 2267 numi)
190 2189 432 2265 :mittentisque
441 2187 498 2249 Dei
508 2187 706 2250 auctoritate
719 2185 835 2258 iratus,

83 2286 198 2346 exercui
209 2286 550 2359 cultore‚ubisibiuni
562 2284 760 2357 intenderat,
772 2282 838 2344 iac·
1165 2286 1301 2349 CAPUT
1327 2288 1413 2349 VIII.

82 2384 162 2443 useel
171 2399 272 2460 praeco
284 2385 359 2456 Dei,
374 2399 441 2446 non
452 2384 599 2460 segniter
613 2382 756 2458 iungens
770 2380 839 2442 otii·

82 2478 116 2539 eie
126 2496 174 2543 suo
188 2503 195 2541 ε
209 2482 248 2542 ad
263 2482 497 2560 proximorum
512 2479 764 2543 conciliandam
780 2494 836 2539 ea-

81 2575 153 2637 lnten
164 2580 258 2641 totum
274 2595 310 2641 se
329 2578 480 2651 contulit,
491 2579 527 2639 in
537 2576 754 2639 concionibus
768 2577 838 2637 suis

82 2689 130 2735 ean
150 2677 299 2741 adhibens
318 2678 463 2756 justitiae
487 2677 688 2754 aequitatem,
709 2677 746 2737 nt
767 2676 839 2737 sire

82 2774 185 2848 bamb,
211 2777 281 2839 sive
314 2775 430 2853 parvis
456 2775 658 2853 loqueretur,
687 2773 838 2835 veritatis
933 2773 1054 2833 Postea
1068 2786 1160 2844 vero,
1177 2772 1308 2849 privato
1323 2774 1466 2852 quodam
1484 2776 1617 2852 negotio
1631 2794 1690 2838 ur-

77 2870 165 2944 jacnlis
184 2873 416 2935 indifferenter
433 2886 549 2934 onmes
567 2871 693 2933 leniret.
710 2874 839 2947 Argue-
893 2872 1003 2945 gente,
1024 2885 1044 2931 a
1069 2871 1222 2932 ministro
1247 2871 1381 2934 Ordinis
1409 2875 1546 2935 Romam
1566 2875 1689 2936 missus

79 2964 117 3028 bat
125 2969 309 3044 incredulos,
334 2969 531 3033 obsecrabat
542 2970 631 3046 pios,
648 2968 768 3046 impios
779 2967 839 3029 ob-
893 2970 945 3029 est
960 2989 967 3028 :
985 2967 1042 3028 ubi
1055 2970 1182 3031 tantam
1193 2969 1381 3047 principum
1393 2971 1550 3033 Ecclesiae
1561 2987 1640 3048 erga
1653 2987 1689 3034 se
1761 2998 1766 3007 ³

76 3064 203 3144 jugabat,
222 3072 257 3133 ut
269 3069 504 3148 copiosissime
517 3068 565 3130 ita
580 3067 837 3142 servantissime,
892 3064 1160 3128 benevolentiam
1185 3071 1342 3145 expertus
1365 3070 1427 3141 est,
1452 3070 1487 3132 ut
1511 3070 1543 3133 et
1562 3069 1691 3148 abipso

79 3163 183 3240 singulis
194 3169 410 3230 accommoda
420 3169 453 3230 et
468 3167 702 3229 convenientia
712 3166 840 3232 saluta·
893 3163 1056 3224 Pontidce
1076 3164 1234 3237 Maximo,
1250 3164 1284 3226 et
1298 3166 1418 3226 ceteris
1433 3167 1597 3235 omnibus,
1615 3183 1691 3228 con·

79 3259 109 3320 ris
124 3263 266 3328 doctrinae
289 3266 420 3327 monita
441 3265 650 3342 depromens.
673 3264 736 3336 Qui
751 3263 839 3324 enim
894 3261 946 3322 cio
961 3260 1053 3322 illius
1065 3260 1373 3323 incredibilistudio
1384 3263 1417 3325 et
1427 3263 1603 3325 devotione
1615 3278 1691 3325 aus·

75 3359 252 3434 lamentant
267 3363 512 3440 supradictum
527 3363 587 3434 est,
608 3360 840 3438 passionisca-
894 3358 1017 3420 cultata
1042 3357 1095 3421 ait.
1117 3362 1200 3420 Tam
1224 3358 1313 3420 enim
1337 3359 1524 3422 sublimiter
1548 3360 1690 3423 facundo

76 3453 144 3518 licen
153 3461 321 3538 tantopere
335 3460 569 3537 concupierat:
581 3458 840 3534 nulliusmagni·
895 3472 953 3518 ore
964 3455 1144 3533 Scripturas
1157 3457 1314 3533 mysteria
1323 3457 1547 3533 depromebat,
1559 3459 1596 3521 ut
1606 3461 1691 3520 Pon·

76 3553 178 3627 tudinis,
194 3559 326 3620 etiamsi
354 3559 472 3619 mortis
496 3556 702 3633 impenderet
720 3555 840 3616 discri·
894 3554 978 3616 tilex
993 3553 1160 3615 Maximus
1173 3553 1338 3629 singulari
1353 3543 1496 3632 quadam
1518 3571 1690 3633 praeroga-

76 3662 138 3723 nen,
151 3668 204 3730 pro
215 3655 361 3717 veritate
374 3653 522 3724 cedebat
532 3652 589 3713 sed
599 3650 744 3714 mirabili
754 3653 841 3714 stre·
894 3652 975 3722 tina,
999 3666 1075 3712 eum
1098 3654 1227 3712 Arcam
1253 3652 1463 3714 Testamenta·
1490 3652 1686 3729 appellaret.

76 3749 180 3822 unitate,
212 3753 315 3814 etiam
347 3751 531 3828 potentium
558 3750 729 3827 tyrannidi
766 3765 840 3812 sese
895 3748 1047 3810 ilabebat
1060 3747 1123 3810 lnoc
1135 3748 1188 3809 vir
1202 3748 1274 3820 Dei,
1291 3751 1327 3810 ut
1341 3764 1449 3810 sermo
1465 3753 1549 3827 ejus,
1565 3767 1624 3827 pro
1639 3766 1691 3812 re-

76 3847 236 3920 tpponebat.
262 3849 369 3912 Nulla
391 3864 530 3925 prorsus
552 3847 750 3910 ilectebatur
764 3863 842 3925 per·
894 3861 969 3907 rum
983 3846 1117 3908 diversa
1131 3846 1262 3907 ratione
1277 3862 1408 3924 semper
1429 3848 1601 3924 ingratia,
1619 3850 1690 3911 sale

75 3954 198 4007 buamm
212 3948 423 4025 acceptione,
439 3946 532 4007 nulla
548 3945 741 4007 adulatione
755 3943 841 4006 mol·
895 3943 1107 4005 discretionis
1121 3944 1210 4005 esset
1224 3945 1388 4017 conditus,
1408 3947 1611 4023 noveratque
1626 3963 1691 4024 pa-

74 4032 203 4118 tiebatur3
233 4060 303 4105 non
331 4043 502 4120 popularis
528 4044 755 4106 transversum
783 4057 842 4102 ra·
896 4041 979 4101 riter
990 4040 1024 4101 et
1035 4039 1214 4116 placidum,
1229 4042 1261 4101 et
1275 4055 1428 4102 severum
1452 4057 1487 4102 se
1507 4042 1689 4105 exhibere:

73 4134 157 4205 liebat
175 4139 268 4202 lavor
283 4142 320 4202 et
336 4140 469 4217 opinio:
484 4139 540 4201 sed
552 4139 651 4216 juxta
670 4139 840 4216 prophetae
895 4153 1000 4214 quare
1013 4136 1124 4209 tiebat,
1147 4139 1184 4199 ut
1204 4152 1315 4199 sermo
1335 4141 1408 4215 eJus
1423 4140 1456 4201 et
1474 4155 1588 4216 amore
1601 4140 1693 4202 etti-

73 4242 158 4296 tocern
173 4257 181 4296 ε
196 4240 303 4305 Quare
311 4238 511 4313 plaustrem
525 4237 701 4298 triturans
713 4252 841 4298 saevom
896 4250 989 4297 more
1003 4234 1152 4297 alliceret
1164 4235 1343 4296 auditores.
1358 4236 1569 4324 Mirabantur
1580 4237 1615 4297 in
1631 4237 1691 4298 illo

72 4327 169 4393 tutetur
188 4337 309 4397 rostra
334 4336 527 4406 serrantia,
543 4336 678 4396 moratas
692 4337 840 4395 corneae·-
895 4331 961 4394 riri
984 4332 1123 4393 litterati
1149 4333 1276 4393 tantum
1298 4332 1427 4408 ingenii
1451 4347 1591 4394 acumen
1614 4334 1692 4395 tan-

72 4428 135 4501 rrae,
152 4432 183 4492 et
206 4437 382 4494 consecter
405 4434 505 4506 queat
521 4437 701 4506 puluerem
713 4431 840 4505 possa.
897 4430 1030 4506 tamque
1044 4429 1268 4506 elequentiam
1280 4428 1487 4490 mirabantur
1501 4430 1596 4491 illum
1611 4447 1693 4508 erga

71 4517 215 4598 (ba.,xl.l‚
232 4529 302 4607 15.)
897 4539 1013 4588 omnes
1027 4526 1112 4587 miro
1136 4526 1277 4602 quodam
1301 4526 1485 4602 prudentiae
1510 4530 1543 4591 et
1561 4528 1692 4591 discre-

98 4622 263 4689 lidebatnr
292 4626 392 4703 quasi
430 4629 482 4687 ter
514 4625 648 4703 quidam
679 4625 842 4703 prodiisse
896 4624 1000 4687 tionis
1024 4623 1171 4700 pendere
1196 4638 1257 4684 sua
1275 4623 1378 4685 verba
1399 4624 1588 4687 librantem.
1614 4629 1691 4688 Ma-

71 4716 221 4792 Btias,zelo
232 4725 295 4786 Dei
309 4724 444 4785 ferrens
455 4722 843 4800 inflammatusque,igne
893 4725 985 4800 joras
999 4736 1064 4782 non
1078 4721 1151 4781 sine
1164 4720 1386 4783 admiratione
1401 4723 1616 4786 attendebant
1628 4725 1694 4802 spl-

71 4813 186 4890 spiritus
201 4822 317 4883 sancti
332 4820 447 4896 ignitis
462 4820 671 4881 sermonibus
680 4819 844 4880 accende-
898 4817 1077 4882 ritualibus
1090 4817 1280 4894 spiritualia
1296 4822 1560 4896 comparantem
1585 4822 1694 4883 mino·

69 4906 120 4982 hat
132 4918 161 4978 et
174 4919 295 4980 urebat
310 4918 500 4979 auditorum
515 4916 638 4995 tepida,
661 4916 839 5003 torpentia,
897 4931 952 4978 res
961 4914 1148 4991 stupebant,
1157 4915 1314 4976 vitiorum
1325 4918 1484 4978 causaset
1495 4918 1692 4979 occasiones

69 5004 164 5086 frigida
178 5016 210 5076 et
220 5014 491 5078 obscuracorda.
502 5017 668 5075 Personas
684 5012 843 5090 quasdam
898 5013 1069 5089 sapienter
1081 5014 1298 5084 resecantem,
1323 5016 1356 5075 et
1370 5014 1509 5075 virtutes
1531 5030 1570 5075 ac
1584 5014 1690 5076 bonos

70 5105 202 5173 sublimes
223 5111 491 5190 reprehensione
514 5112 632 5187 dignas
646 5111 737 5172 tanta
753 5126 842 5172 non·
898 5123 1009 5170 mores
1022 5123 1097 5170 cum
1112 5108 1215 5170 multa
1228 5110 1382 5170 cautione
1396 5109 1608 5171 inserentem.
1631 5111 1692 5172 Ite-

69 5215 211 5284 nunquam
226 5209 412 5272 severitate
427 5208 625 5285 obJurgavit,
643 5208 678 5270 ut
693 5206 844 5285 plerique
899 5206 999 5284 nique
1023 5221 1138 5268 omnes
1162 5205 1308 5267 omnium
1332 5207 1481 5276 aetatum,
1514 5207 1689 5282 ordinum,

70 5298 113 5360 alii
125 5304 266 5367 celebres
282 5304 537 5366 concionatores
548 5304 641 5366 illum
656 5302 842 5378 audientes
899 5302 1126 5366 conditionum
1152 5303 1320 5374 mortales,
1336 5302 1611 5374 ¹accommodatas
1627 5305 1691 5366 sibi

70 5395 101 5456 ad
120 5398 316 5479 intrepidam
338 5402 429 5463 illius
450 5402 672 5463 constantiam
691 5401 843 5476 trepida·
899 5400 1069 5462 doctrinas
1084 5401 1116 5462 et
1130 5400 1357 5461 institutiones
1379 5415 1422 5461 ex
1445 5400 1504 5461 illo
1524 5415 1559 5461 se
1580 5402 1694 5463 susci·

69 5498 137 5566 rant,
156 5501 338 5576 vultusque
357 5515 435 5562 suos
458 5499 600 5577 quodam
622 5498 847 5575 pusillanimi·
900 5513 979 5576 pere
993 5495 1202 5559 laetabantur.
1228 5497 1298 5558 Nec
1318 5497 1484 5560 immerito
1509 5497 1559 5558 illi
1581 5498 1693 5562 tribu-

69 5589 130 5655 latis
142 5595 261 5660 rubore
277 5595 405 5673 pertusi
419 5596 620 5672 obtegerent.
643 5595 847 5658 circumibat
900 5597 969 5657 urm
985 5593 1077 5656 inita
1092 5594 1265 5664 pontifice,
1280 5596 1315 5656 ut
1328 5598 1419 5658 Arca
1435 5596 1634 5660 testamenti
1648 5598 1695 5662 di·

892 2430 1023 2503 Magna
1045 2428 1162 2503 pratea
1176 2429 1211 2491 et
1227 2430 1345 2502 sarecto
1356 2433 1475 2493 Romae
1492 2435 1688 2505 proedtcons

932 2539 1086 2598 raraque
1100 2527 1304 2601 eruditione,
1318 2543 1504 2601 procerum
1526 2533 1687 2594 Ecclesiae

932 2622 1125 2684 amicitiam
1138 2624 1203 2684 sibi
1217 2625 1422 2687 conciliavit.
