3950 6200
113 264 162 326 665
474 257 583 321 PARS
613 256 758 320 PRIMA.
779 285 820 302 -
840 256 1060 322 EXPOSITIO
1089 257 1134 318 IN
1162 257 1365 321 Psanites.
1678 265 1740 347 &d

112 419 259 484 edacitate
279 416 375 495 prius
395 416 622 495 gaudentium.
643 418 690 478 De
714 414 887 491 servitute,
942 415 976 477 et
1001 415 1207 478 comminuit.
1232 416 1297 478 Hic
1319 416 1372 479 est
1392 416 1489 494 panis
1514 417 1738 496 hordeaceus,

112 517 150 579 ibi
160 538 168 578 ε
179 517 310 592 cecato
320 517 491 589 mortibus,
505 514 538 576 et
546 515 701 590 pedibas,
712 513 840 576 mittite
851 515 889 574 tn
942 513 1000 589 qui
1022 513 1175 576 evolutus
1190 515 1225 575 in
1241 516 1351 577 castra
1366 515 1637 588 Medianitarum,
1652 518 1740 582 idest

113 616 256 677 testebras
278 613 493 685 exteriores·
517 611 563 673 ibi
588 612 677 672 enim
701 611 808 684 erunt,
832 610 888 688 qui
944 609 1143 681 daemonum,
1160 610 1413 672 tabernaculum
1426 627 1542 675 eorum
1556 617 1687 678 evertit.
1702 619 1739 678 ln

112 712 158 773 hic
167 709 319 771 dissoluti
335 709 481 779 luerunt,
500 710 634 770 aeternae
654 723 759 786 poenae
778 708 888 769 anulis
943 721 1056 768 verme
1074 707 1175 769 etiam
1200 708 1335 770 notatur
1349 710 1480 771 occulta
1504 711 1564 772 Dei
1578 712 1737 786 vindicta,

113 802 887 885 compediti.DeintlrmitatadicitIsaias(1t,11):
943 818 1018 879 quaa
1042 803 1137 864 nobis
1153 804 1288 881 propter
1307 807 1479 882 peccatum
1495 807 1536 869 ab
1551 823 1602 877 eo,
1616 809 1673 887 qui
1688 809 1741 871 di·

112 904 275 966 ‹Concidit
287 903 433 965 cadaver
442 907 546 975 tuum,
559 902 671 963 subter
680 903 713 964 te
723 902 890 964 sternetur
943 900 1031 962 citur
1042 901 1161 968 uirtus,
1178 901 1211 962 et
1230 901 1369 963 inflicta.
1387 903 1483 965 Unde
1497 906 1580 966 Osee
1595 905 1645 984 (5,
1663 904 1737 985 12):

112 1001 199 1073 tinea,
211 1000 243 1062 et
255 1001 497 1077 operimentum
508 1001 600 1062 tuum
610 1000 889 1062 eruntvermes.»
943 1013 961 1056 s
976 998 1044 1072 Ego
1061 998 1155 1074 quasi
1166 998 1257 1059 tinea
1270 998 1441 1074 Ephraim,
1453 1002 1589 1078 etquasi
1600 1004 1739 1080 putredo

114 1100 149 1159 Dt
160 1098 245 1159 tinea
264 1097 417 1159 nascitur
438 1097 478 1157 de
500 1097 708 1170 vestimento,
728 1098 761 1159 et
781 1097 889 1174 ipsum
944 1091 1057 1153 domui
1080 1093 1212 1155 »luda-D
1235 1094 1340 1155 Tinea
1362 1097 1606 1170 vestimentum.
1623 1101 1657 1161 θῒ
1671 1117 1738 1177 pu·

114 1194 294 1270 corrumpit3
311 1195 345 1255 et
363 1195 488 1256 vermis
503 1193 544 1255 de
558 1209 709 1270 corpore,
728 1194 761 1256 et
779 1194 888 1271 ipsum
942 1188 1037 1251 medo
1060 1190 1134 1251 sine
1161 1190 1300 1268 strepitu
1324 1190 1452 1267 lignum
1476 1195 1662 1268 consumit,
1690 1196 1739 1259 ita

112 1291 256 1366 comedit3
273 1290 323 1352 sic
340 1306 437 1369 poena
457 1291 599 1353 interior
616 1290 658 1352 ab
677 1291 751 1368 ipso
772 1305 890 1368 proce-
943 1285 1030 1363 quod
1058 1287 1149 1349 tinea
1172 1303 1215 1348 ex
1236 1288 1310 1364 ipso
1326 1290 1536 1365 vestimento,
1552 1292 1585 1354 et
1598 1294 1740 1369 putredo

113 1389 183 1450 dens
204 1387 395 1450 damnatum
419 1388 591 1450 cruciabit.
626 1390 674 1450 De
703 1389 890 1451 aeternitate
944 1383 1073 1459 exipso
1085 1384 1177 1459 ligno
1192 1383 1292 1446 habet
1306 1387 1496 1462 procedere.
1515 1389 1571 1449 Sic
1585 1389 1644 1451 Dei
1659 1390 1740 1452 rin-

111 1500 204 1563 poenae
216 1484 297 1547 dicit
320 1484 408 1546 idern
430 1485 535 1546 isaias
551 1483 616 1564 (66,
636 1483 711 1563 ab:
727 1486 889 1546 «vermis
944 1479 1033 1541 dicta
1048 1481 1175 1543 occulte
1185 1484 1568 1562 exerceturquandoque
1580 1487 1616 1546 in
1629 1487 1739 1560 malis,

112 1588 212 1644 eorum
229 1595 297 1641 non
311 1581 484 1653 morietur,
501 1580 590 1657 ignis
605 1596 720 1642 eorum
740 1597 806 1644 non
828 1597 890 1644 ex·
943 1593 1017 1654 quaa
1027 1592 1071 1640 ex
1079 1578 1231 1655 ipsoram·
1237 1579 1350 1656 pravis
1358 1580 1515 1657 operibus
1527 1582 1577 1643 eis
1588 1582 1740 1646 innasci-

111 1678 316 1754 tinguatur.»
346 1680 422 1740 Non
446 1678 608 1740 morietur
631 1679 775 1756 quidem,
803 1679 890 1742 sicut
942 1676 1008 1747 tur,
1036 1675 1070 1737 et
1092 1675 1256 1751 originem
1284 1676 1387 1750 ducit,
1411 1678 1570 1755 tanquam
1589 1679 1681 1741 tinea
1696 1695 1740 1742 ex

111 1789 165 1837 nec
182 1774 333 1844 materia,
354 1773 483 1839 scilicet
506 1774 629 1848 anima,
652 1791 726 1853 quae
749 1779 800 1839 est
820 1777 889 1838 im·

111 1871 259 1934 mortalis.

325 2130 465 2192 SERMO
492 2132 656 2194 XXXVII.

110 2274 219 2343 Qualiter
234 2274 364 2335 Christus
384 2275 624 2350 diciturvermis3
639 2277 715 2336 etde
732 2278 889 2353 ignominia

397 2365 496 2422 mortis
517 2364 590 2437 cius.

110 2498 173 2573 ltqo
183 2498 300 2560 aiacem
312 2513 391 2674 aaut}
405 2503 548 2568 omnem,
564 2500 598 2561 ct
617 2514 687 2561 oon
699 2504 809 2573 bonta,
826 2501 889 2564 etc.

394 2595 481 2656 Psal.
498 2596 550 2668 21,
565 2594 613 2675 7.)

143 2740 288 2805 Christus
303 2747 515 2821 comparatur
537 2745 643 2807 vermi
658 2746 794 2823 propter
807 2761 891 2808 nas·

38 2827 40 2844 '
111 2838 195 2900 cendi
221 2840 486 2903 similitudinem.
517 2842 611 2904 Sicut
639 2844 727 2904 euim
754 2844 889 2916 vermis,

38 2927 39 2932 ’
109 2949 167 2996 non
191 2937 231 2998 de
260 2938 362 3012 coitu,
378 2938 436 2999 sed
458 2937 499 3000 de
522 2955 606 3017 pura
624 2941 715 3002 terra
729 2940 890 3014 nascitur,

37 3071 38 3113 3
111 3031 152 3094 sic
168 3034 198 3096 et
215 3033 369 3097 Christus
395 3035 436 3097 de
451 3052 536 3114 pura
551 3036 690 3114 Virgine
705 3037 778 3099 sine
800 3038 893 3100 virili

109 3130 233 3193 semine.
244 3132 339 3194 Unde
351 3132 387 3193 in
404 3134 537 3196 Psalmo
554 3131 619 3213 (81,
637 3133 690 3213 13)
707 3156 715 3196 ε
729 3152 748 3195 a
763 3135 892 3197 Etenim

109 3226 254 3290 Dominus
264 3228 357 3291 dabit
364 3229 622 3305 benegnitatem,
635 3233 668 3292 et
678 3233 767 3294 terra
778 3233 893 3294 nostra

37 3370 38 3373 ,
110 3319 189 3384 dabit
201 3323 343 3386 fructum
358 3340 466 3385 suum.
481 3342 499 3385 n
514 3329 616 3388 Terra
635 3327 750 3388 nostra
762 3328 891 3404 germi-

109 3419 189 3481 narit
210 3420 335 3497 spinas,
352 3424 385 3484 et
398 3422 551 3495 tribulos,
569 3423 627 3484 sed
649 3425 811 3485 Dominus
833 3440 893 3501 per

109 3512 226 3579 beatam
239 3518 413 3594 Virginem
428 3518 518 3581 dedit
532 3519 770 3596 benignitatem
783 3543 791 3596 ;
806 3521 893 3583 unde

110 3614 266 3690 sequitur:
281 3617 385 3676 Terra
398 3617 511 3677 nostra
522 3616 614 3678 dabit
625 3617 768 3678 tructam
778 3634 891 3693 suum;

111 3707 178 3783 quia
191 3709 287 3772 beata
302 3712 407 3786 Virgo
422 3711 462 3773 de
478 3712 550 3774 sola
564 3712 770 3790 benignitate
786 3713 894 3790 Spiri-

110 3804 157 3864 tus
170 3807 280 3868 Sancti
290 3805 412 3869 fertilis
422 3808 516 3869 nobis
527 3810 617 3871 dedit
627 3810 769 3872 fructum
783 3827 890 3885 suum,

111 3900 225 3963 scilicet
239 3901 384 3963 tractum
396 3902 526 3979 salutis,
539 3904 643 3965 lilium
652 3922 718 3967 non
732 3906 895 3968 commix-

111 3992 191 4056 tione
228 3996 371 4058 alterius
411 3999 633 4074 procreatum.
676 4001 894 4079 comparatur

111 4090 200 4153 etiam
212 4093 320 4155 vermi
335 4095 470 4170 propter
485 4094 711 4172 fragilitatem,
737 4099 770 4159 et
793 4098 892 4160 torti·

110 4185 261 4266 tudinem,
279 4189 369 4251 uude
384 4190 488 4252 David
502 4193 640 4255 vocatus
660 4194 711 4255 est
726 4195 824 4271 quasi
838 4196 892 4256 te-

111 4286 263 4347 nerrimus
291 4286 375 4363 ligni
390 4289 594 4350 vermiculus
610 4287 669 4369 (1).
693 4291 786 4354 Licet
805 4292 893 4353 enim

109 4382 223 4442 termis
244 4383 356 4444 mollis
370 4384 425 4458 sit,
441 4386 475 4446 et
490 4384 632 4462 fragilis,
650 4387 789 4463 lignum,
806 4389 893 4465 quod

110 4473 217 4539 durum
231 4484 293 4552 est,
319 4481 467 4542 rodendo
487 4484 661 4545 consumit.
679 4484 763 4557 Quid
783 4487 893 4547 autem

109 4574 895 4655 molliuschristo,quantumadmisericordiamt

110 4669 187 4740 Quid
199 4672 328 4748 durius,
344 4675 505 4751 quantum
527 4676 569 4737 ad
584 4676 771 4739 districtam
788 4680 893 4755 justi-

109 4765 201 4828 tiamt
213 4771 258 4832 De
273 4770 337 4831 hoc
350 4786 465 4833 verme
484 4771 608 4849 legitur
627 4773 663 4835 in
687 4777 773 4836 Jona
788 4772 833 4855 (4,
845 4773 892 4855 7),

943 1770 1102 1844 vestibus,
1119 1774 1153 1834 et
1166 1773 1307 1850 putredo
1327 1789 1370 1836 ex
1392 1774 1501 1851 ligno;
1518 1775 1552 1838 et
1562 1776 1639 1839 ideo
1653 1793 1739 1840 con·

943 1869 1117 1931 venientes
1139 1869 1220 1933 dicit
1236 1886 1244 1931 :
1260 1872 1329 1947 Ego
1352 1887 1426 1933 sum
1447 1873 1582 1947 vermis,
1613 1874 1648 1937 et
1671 1891 1739 1938 non

943 1966 1055 2027 homo.
1497 1990 1500 1994 ·

984 2066 1055 2126 Hoc
1069 2065 1170 2128 etiam
1191 2065 1282 2140 dicit,
1308 2068 1345 2129 ut
1358 2066 1453 2129 nobis
1467 2068 1673 2146 improperet
1686 2068 1742 2130 sui

944 2161 1106 2224 adventus
1147 2162 1363 2238 beneficiam
1399 2166 1497 2241 quasi
1531 2165 1623 2227 dicat
1640 2182 1649 2226 ε
1665 2168 1741 2227 Non

943 2259 1073 2320 tantum
1097 2258 1203 2321 tactus
1227 2276 1300 2321 sum
1327 2261 1426 2322 homo
1455 2261 1572 2324 virens
1605 2261 1743 2339 propter

944 2353 1108 2426 niventes,
1134 2355 1169 2416 ut
1193 2370 1251 2417 eos
1277 2355 1359 2416 mihi
1374 2357 1551 2430 attraham,
1566 2357 1740 2419 sedetiam

945 2449 1053 2512 tactus
1078 2468 1151 2513 sum
1166 2453 1300 2525 vermis,
1320 2452 1407 2514 idest
1430 2455 1581 2516 mortuus
1601 2469 1685 2526 sum,
1702 2456 1740 2516 ut

944 2550 1104 2625 tanquam
1139 2549 1263 2610 vermis
1291 2551 1497 2612 mortuorum
1531 2565 1673 2627 corpora
1704 2551 1741 2612 in

945 2644 1046 2707 terris
1058 2644 1196 2707 latentia
1207 2660 1403 2724 quaererem,
1418 2648 1452 2709 et
1465 2646 1507 2708 ab
1518 2646 1652 2710 interno
1666 2647 1744 2710 anl-

946 2756 1019 2803 mas
1034 2756 1149 2803 eorum
1163 2741 1369 2805 reducerem.
1388 2744 1469 2804 Cum
1489 2743 1578 2805 enim
1592 2745 1742 2807 venerim

947 2854 1098 2915 quaerere
1108 2838 1270 2912 homines,
1287 2839 1405 2901 rolens
1419 2855 1477 2901 eos
1492 2855 1620 2901 mecum
1635 2840 1741 2902 redu-

947 2950 1035 3011 cere,
1051 2936 1270 3014 quorumdam
1283 2936 1397 2998 inveni
1410 2938 1539 2998 tantum
1554 2952 1695 3014 corpora
1707 2938 1743 2998 in

947 3035 1049 3107 terra,
1066 3049 1208 3111 quorum
1222 3033 1343 3101 animae
1355 3033 1523 3096 mediante
1538 3035 1655 3095 mortis
1670 3034 1742 3095 dis·

948 3131 1127 3203 solutione,
1143 3131 1386 3193 descenderant
1400 3132 1436 3192 in
1450 3132 1629 3194 internum.
1642 3134 1745 3209 Opor-

946 3228 1012 3290 tuit
1034 3230 1166 3304 ergoet
1190 3243 1242 3289 me
1266 3229 1363 3302 mori,
1390 3228 1427 3289 ut
1446 3229 1603 3305 tanquam
1618 3228 1744 3290 vermis

947 3339 1088 3401 corpora
1103 3339 1299 3401 quaererem,
1314 3325 1347 3386 et
1366 3324 1407 3384 ad
1421 3324 1588 3385 internum
1599 3323 1744 3386 descen·

947 3420 1072 3493 derem,
1084 3420 1187 3482 uteos
1199 3420 1281 3480 mihi
1296 3420 1510 3482 attraherem.
1525 3423 1571 3482 De
1583 3420 1647 3483 hoc
1660 3422 1745 3484 Osee

947 3517 996 3578 sic
1006 3514 1288 3595 prophetavit(33,
1302 3516 1354 3596 15)
1364 3538 1372 3601 ς
1392 3516 1570 3579 «Adducet
1581 3517 1745 3578 Dominus

946 3615 1082 3676 ventum
1093 3613 1294 3674 urentemde
1306 3614 1438 3675 deserto
1449 3614 1694 3686 ascendentem,
1710 3615 1744 3675 et

948 3710 1086 3772 siccabit
1113 3725 1217 3771 venas
1241 3711 1368 3782 mortis,
1385 3711 1417 3772 et
1432 3709 1596 3771 desolabit
1616 3709 1743 3771 sontem

948 3810 1032 3885 elus,
1049 3807 1165 3883 etipse
1179 3806 1518 3883 diripietthesaurum
1530 3806 1638 3867 omnis
1651 3806 1744 3867 rasis

948 3903 1228 3965 desiderabilis.»
1255 3905 1428 3965 Desertum
1452 3904 1544 3965 terra
1573 3903 1639 3975 est,
1669 3917 1744 3980 quae

948 4001 1077 4063 nonest
1094 4002 1245 4072 exarata,
1265 3999 1322 4061 sed
1337 4000 1474 4061 inculta.
1488 4002 1568 4061 Haec
1580 4001 1630 4061 est
1645 3999 1744 4060 beata

948 4098 1062 4175 Virgo,
1076 4098 1201 4159 nullius
1215 4096 1280 4158 viri
1296 4112 1396 4173 opere
1407 4096 1607 4158 soecuudata.
1620 4097 1667 4156 De
1681 4095 1745 4156 hac

948 4198 1036 4256 Deus
1051 4197 1152 4257 Pater
1176 4194 1293 4255 eduxit
1314 4195 1450 4255 ventum
1470 4195 1632 4266 urentem,
1658 4190 1745 4252 idest

948 4292 1116 4354 Christum
1129 4293 1265 4369 peccata
1279 4290 1462 4353 tollentem.
1479 4291 1519 4350 Et
1533 4287 1672 4351 siccabit
1685 4302 1746 4349 re·

949 4405 1010 4450 nas
1023 4389 1150 4463 mortis,
1164 4388 1250 4448 idest
1261 4388 1443 4464 peccatum,
1459 4388 1493 4466 et
1510 4384 1654 4461 culpam,
1670 4398 1744 4460 quae

948 4487 1028 4548 sunt
1054 4501 1149 4547 venae
1177 4484 1305 4545 mortis.
1334 4482 1399 4544 Sed
1427 4482 1518 4554 nota,
1548 4481 1635 4559 quod
1665 4480 1773 4559 dicit¹

948 4583 1098 4657 ventum,
1113 4582 1147 4643 et
1158 4582 1322 4642 urentem.
1336 4578 1564 4656 Ventusenim
1579 4577 1746 4640 consumit

949 4695 1069 4757 aquam
1089 4678 1124 4739 in
1150 4679 1244 4756 parte
1263 4677 1406 4739 bibendo
1420 4691 1494 4739 eam
1511 4698 1519 4737 c
1539 4676 1630 4753 Ignis
1650 4689 1743 4748 aero,

948 4776 997 4838 nil
1012 4776 1077 4838 sibi
1089 4775 1130 4837 de
1144 4790 1185 4837 ea
1199 4774 1462 4851 incorporando,
1478 4772 1645 4836 consumit
1658 4786 1743 4832 eam.

110 4864 191 4938 quoq
209 4869 415 4945 praeparatus
435 4868 471 4928 in
486 4884 628 4931 ascensu
644 4871 792 4945 diluculi,
809 4872 895 4935 idest
949 4873 1127 4949 Eleganter
1141 4886 1220 4948 ergo
1233 4871 1385 4933 Christus
1398 4886 1465 4931 non
1477 4871 1606 4932 tantum
1621 4867 1746 4927 dicitur

108 4960 217 5033 gratia
231 4962 265 5024 in
287 4965 399 5026 mente
420 4964 578 5040 hominis,
604 4968 770 5043 percussit
792 4967 895 5031 hede-
948 4971 1080 5038 ventus,
1108 4968 1165 5031 sed
1189 4960 1323 5031 additur
1346 4982 1463 5041 urens3
1479 4968 1551 5043 ipse
1566 4963 1655 5025 enim
1669 4962 1748 5023 tan-

109 5069 188 5128 ram,
221 5060 350 5122 scilicet
386 5060 528 5122 nitorem
566 5064 816 5139 temporalium,
862 5067 896 5128 et
950 5082 1048 5144 quam
1063 5071 1182 5129 ventus
1197 5066 1246 5127 sic
1257 5080 1387 5143 poenam
1402 5065 1551 5124 nostram
1567 5059 1743 5130 consumit,

110 5153 193 5214 aruit
212 5153 258 5234 (2)
281 5171 342 5232 per
365 5159 607 5235 contemptum
629 5160 716 5222 unde
736 5163 894 5238 quantum
949 5165 986 5225 ut
1008 5164 1044 5225 in
1065 5166 1159 5241 parte
1172 5178 1245 5223 eam
1267 5162 1331 5223 sibi
1358 5159 1565 5235 incorporet;
1588 5154 1687 5221 unde,
1705 5154 1746 5215 de

110 5250 266 5313 contemni
276 5253 431 5322 debeant,
448 5253 698 5319 demonstravit.
712 5259 774 5319 Hic
788 5261 839 5321 est
850 5259 897 5321 la·
949 5261 1096 5322 torrente
1111 5261 1214 5322 invia
1229 5259 1328 5320 bibet.
1345 5256 1483 5333 Culpam
1491 5268 1570 5316 vero
1585 5254 1743 5328 tanquam

110 5341 229 5423 nisani
243 5350 408 5425 percussit
418 5350 563 5413 statuam
575 5353 894 5426 Nabuchodonosor,
950 5356 1039 5431 ignis
1067 5355 1116 5416 sic
1143 5354 1319 5426 annihilat,
1347 5355 1382 5415 ut
1408 5351 1449 5413 de
1468 5366 1508 5412 ea
1528 5347 1613 5409 nihil
1628 5345 1743 5408 restet.

146 5541 308 5623 (llllfltd
324 5548 413 5619 ²328·
987 5556 1029 5629 (2)
1045 5555 1129 5629 Vulg.
1148 5572 1155 5611 :
1171 5554 1291 5612 exaruit.
