3950 6200
267 321 330 391 nee
744 320 800 381 an
827 317 966 384 ornan
983 316 1026 377 s
1049 315 1224 380 aurona
1253 319 1440 382 rlnumvr
1810 337 1853 398 no

308 489 347 550 In
379 498 461 560 agro
494 479 656 544 Patavina
686 478 809 542 mulier
841 476 883 540 ad
914 476 1060 542 vicinam
1117 476 1305 554 praedicans
1319 494 1339 542 a
1353 495 1390 541 se
1403 478 1574 557 probatam
1588 483 1755 549 virisancti
1771 491 1853 554 nun-

267 583 401 648 domum
420 582 531 658 ignem
547 578 759 655 reportatura
774 590 963 653 progressa,
982 575 1061 638 dum
1118 575 1194 647 tem,
1211 576 1246 637 in
1261 579 1357 653 culus
1376 576 1475 640 tidem
1497 580 1663 643 vasculum
1682 584 1855 651 circumiere-

266 681 365 753 redit,
383 676 581 742 infantulam
599 674 737 738 tillolam
753 674 788 736 in
805 673 928 736 fossam
948 672 1060 736 domui
1116 671 1183 732 bat.
1195 672 1855 747 Quoddumalteriinconstantisbdeiostea·

266 776 453 857 proximam
488 788 630 836 caenosae
672 787 768 850 aquae
795 770 1059 848 receptaculum,
1115 768 1212 830 deret
1226 769 1268 831 ad
1283 787 1431 834 mensam
1446 774 1661 844 accumbenti,
1676 778 1857 854 inquinem

266 869 809 952 lapsam,etultimosexbalantem
821 866 1059 946 spiritusvidlt,
1115 866 1222 929 refers
1237 869 1381 942 credam,
1403 870 1579 935 dummodo
1599 873 1719 935 aridum
1731 875 1783 937 boc
1799 879 1857 941 vitis

266 971 449 1044 descendit,
478 969 635 1040 accurrit,
662 967 821 1040 extraxit,
848 966 884 1028 in
909 965 1062 1042 margine
1118 966 1323 1028 sarmentum
1342 964 1443 1045 (quod
1464 968 1548 1030 torte
1568 969 1601 1030 iu
1619 986 1747 1033 uvarum
1759 975 1858 1038 celatim

265 1068 415 1146 reposuit
424 1068 619 1130 necmotum
629 1080 692 1127 nec
703 1064 857 1141 spiritum
870 1062 1059 1126 babentem.
1118 1062 1285 1142 adhibuit)
1315 1065 1537 1134 reviviscere,
1565 1067 1599 1130 et
1620 1067 1735 1130 fractus
1764 1071 1858 1146 produ·

203 1163 205 1172 “
265 1168 431 1230 Mortuam
446 1163 675 1242 adjudicantes
690 1162 793 1224 vicini
808 1161 850 1222 ad
864 1160 973 1222 sancti
987 1163 1060 1221 An·
1116 1175 1192 1222 cere
1207 1161 1334 1234 iecerit,
1352 1162 1565 1241 ciathumque
1578 1165 1663 1227 bunc
1676 1181 1772 1228 meam
1782 1171 1859 1232 mmto

264 1265 348 1328 tonii
368 1262 465 1326 busta
486 1260 672 1339 portarunt,
694 1262 731 1322 ut
755 1259 872 1320 matris
894 1259 1063 1335 lacryma·
1116 1272 1159 1322 ex
1180 1261 1349 1321 sarmento
1367 1260 1600 1338 bocexpresso
1621 1262 1740 1324 valeam
1752 1267 1857 1341 replere.

264 1377 340 1424 rum
358 1361 527 1432 misertus,
543 1358 647 1421 vitam
665 1356 718 1419 vel
734 1357 873 1428 foveret,
886 1355 940 1417 vel
955 1354 1061 1416 resti·
1116 1356 1254 1431 Mirum3
1276 1357 1388 1419 statim
1406 1357 1555 1422 fronduit
1572 1359 1661 1433 vitis,
1682 1376 1757 1422 uvas
1772 1365 1859 1439 prota-

265 1458 384 1522 tuerat.
422 1458 528 1532 super
567 1453 730 1518 tumulum
773 1453 883 1529 posita
921 1453 1061 1529 repente
1115 1451 1166 1520 lit,
1189 1456 1223 1517 et
1245 1454 1353 1517 sancti
1376 1454 1442 1517 viri
1464 1455 1636 1518 miraculis
1657 1458 1773 1534 planam
1788 1459 1859 1520 idam

265 1554 390 1620 ocellos
403 1553 546 1630 aparuit,
560 1566 756 1629 omnemque
771 1549 928 1613 ebibitam
939 1564 1062 1627 aquam
1116 1551 1318 1614 conciliavit.
1351 1554 1458 1630 Hamus
1491 1553 1643 1616 miraculi
1674 1571 1734 1617 non
1759 1571 1813 1617 nna
1835 1556 1861 1618 nt

265 1652 413 1715 evomuit
449 1650 628 1713 hilaricula
661 1648 855 1725 parentibus
893 1647 1059 1712 arridens.
1116 1648 1239 1710 mentio
1262 1649 1297 1709 in
1322 1650 1430 1711 sancti
1444 1650 1509 1711 viri
1522 1650 1643 1724 officio,
1659 1652 1739 1729 quod
1756 1652 1861 1713 recitant

265 1746 428 1809 Similiter
455 1744 578 1807 accidit
608 1744 741 1806 cuidam
774 1741 965 1814 dominice,
994 1741 1061 1804 civi
1115 1744 1275 1806 Minores.

264 1842 509 1913 Gomacerensi,
528 1842 584 1919 qni
612 1841 646 1902 in
671 1841 779 1903 lacum
798 1840 931 1917 lapsum
955 1838 1061 1900 fllium
1153 1842 1263 1904 irrisit
1275 1841 1375 1904 etiam
1390 1843 1580 1906 clanculum
1591 1844 1734 1922 quadam
1743 1845 1860 1906 arsami

263 1943 298 2006 et
311 1941 509 2003 suffocatum
522 1938 655 2004 domum
666 1939 793 2000 vehens
804 1937 920 1999 matris
935 1935 1062 2014 ejulan·
1115 1937 1180 2020 yiri
1195 1938 1368 2010 miraculis
1380 1941 1559 2003 Gnidotrus
1573 1941 1615 2003 de
1626 1941 1811 2019 Anquillaria
1818 1940 1862 2002 cle

262 2039 307 2101 tis
318 2037 406 2100 ulnis
417 2034 592 2098 commisit.
603 2035 664 2098 illa
675 2034 739 2096 tide
749 2034 848 2111 plena
858 2049 934 2094 eum
944 2035 1060 2095 sancto
1116 2035 1218 2103 mous,
1242 2037 1397 2100 Patavini
1418 2038 1567 2116 episcopi
1593 2039 1785 2110 domesticus,
1807 2037 1862 2098 dum

264 2134 383 2198 obtulit
400 2133 556 2207 Antonio,
572 2147 695 2208 rogans
716 2129 1011 2207 lachrymebunde,
1025 2132 1062 2193 ut
1115 2132 1314 2196 constitutus
1336 2149 1449 2196 coram
1475 2135 1642 2212 pontificis
1670 2133 1863 2198 commissuris

263 2232 321 2311 qui
342 2231 537 2309 quotidiana
553 2230 590 2291 in
605 2245 720 2294 omues
740 2226 933 2291 conferebat
952 2227 1059 2290 bene-
1114 2229 1272 2294 audiebat
1291 2231 1424 2304 multos,
1447 2231 1503 2310 qui
1518 2236 1654 2310 recepta
1676 2232 1864 2301 beneficiati

263 2330 352 2404 licia,
374 2327 513 2390 misellae
537 2327 733 2403 dignaretur
756 2323 921 2388 misereri.
947 2327 1056 2386 Exan·
1114 2326 1204 2389 circa
1217 2326 1351 2392 sesacta
1364 2329 1526 2392 miracula
1533 2327 1862 2407 juridicedeponebant

262 2427 332 2490 dita
344 2428 395 2492 est
409 2423 583 2489 confestim
596 2424 756 2486 exiliente
769 2437 851 2485 sano
864 2438 883 2484 e
896 2420 1057 2495 brachiis,
1114 2425 1189 2486 Non
1209 2424 1244 2486 id
1269 2425 1347 2488 iecit
1370 2425 1517 2503 impune,
1533 2443 1613 2489 nam
1628 2427 1787 2504 repentino
1798 2425 1864 2485 motu

262 2539 358 2601 quem
378 2525 546 2588 mortuum
560 2518 844 2598 complexabatur.
862 2521 900 2581 Iu
920 2520 1059 2582 civitate
1113 2523 1182 2585 toto
1194 2523 1295 2600 coepit
1308 2539 1447 2601 corpore
1459 2524 1542 2588 adeo
1555 2523 1864 2592 vehementerdolera

261 2621 513 2699 Monnpolitana
547 2620 584 2684 iu
622 2619 742 2696 Apulia
777 2634 881 2696 prope
915 2618 1057 2682 fratrum
1114 2619 1207 2683 utin
1232 2622 1365 2697 apertas
1394 2637 1493 2683 voces
1521 2622 1736 2700 irrumperet,
1761 2620 1863 2695 dignum

262 2719 367 2781 eadem
384 2718 520 2795 juvenis
534 2716 669 2795 quidam
684 2719 808 2779 terram
823 2714 997 2790 effodiens,
1013 2731 1057 2776 ex
1112 2732 1192 2793 erga
1202 2732 1238 2780 sa
1249 2718 1479 2794 Deijudicium
1490 2721 1682 2796 propalans.
1693 2720 1828 2781 vocatam
1835 2713 1863 2775 ad

261 2815 368 2880 latere
381 2814 485 2879 vicini
498 2813 593 2876 collis
612 2829 735 2890 aggere
749 2814 900 2875 irruente
919 2813 1057 2876 obrutus
1112 2830 1149 2876 se
1161 2816 1302 2876 matrem
1317 2817 1450 2891 rogavit
1462 2817 1499 2880 ut
1511 2817 1670 2894 quoniam
1683 2831 1717 2877 se
1729 2814 1864 2888 indignum

263 2913 327 2976 est.
363 2915 551 2973 accurrens
586 2927 660 2973 cnm
695 2910 817 2974 vicinis
851 2909 1058 2987 gemebunda
1107 2911 1290 2988 judicabat,
1305 2912 1360 2990 qui
1376 2913 1866 2991 coremsanccobajmatusappa·

262 3011 372 3074 mater
403 3010 565 3072 excavata
600 3007 687 3070 mole
717 3007 830 3069 vivum
864 3007 1055 3080 extrahunt,
1111 3011 1212 3079 reret,
1228 3009 1344 3072 illaad
1359 3010 1522 3073 tumulum
1535 3014 1611 3089 ejus
1626 3007 1865 3073 scelerisvenian

263 3125 362 3187 quem
387 3107 550 3169 minutula
573 3108 747 3170 contusum
765 3105 972 3184 jndicabant.
996 3109 1056 3168 In·
1112 3107 1278 3179 exoraret,
1294 3109 1327 3171 et
1340 3123 1400 3184 pro
1415 3108 1485 3169 tilio
1500 3109 1681 3185 sponderet
1694 3108 1810 3184 dignam
1822 3118 1867 3164 ex·

261 3208 451 3282 terrogatus
478 3203 641 3282 quomodo
666 3202 727 3265 sub
750 3204 843 3269 tanta
866 3203 966 3267 ruina
990 3220 1057 3266 non
1111 3203 1290 3270 bibendam
1309 3220 1369 3281 pro
1391 3200 1865 3282 criminepoemtenttam.recit

262 3302 601 3383 perieritirespondit
612 3302 648 3363 in
659 3301 733 3378 ipsa
744 3302 845 3363 ruina
855 3300 919 3363 sibi
932 3301 1057 3364 vidisse
1111 3302 1145 3366 et
1169 3302 1339 3374 exoravit,
1366 3303 1478 3365 statim
1506 3304 1598 3365 enim
1622 3303 1664 3366 ad
1689 3295 1868 3379 supplicantis

262 3398 401 3467 tratrem
431 3400 596 3464 Minorem
622 3399 769 3478 aliquem
799 3415 901 3461 manu
927 3399 1057 3477 pondus
1110 3400 1227 3463 matris
1253 3399 1420 3476 lacrymas
1448 3400 1629 3462 remissum
1661 3401 1711 3462 est
1737 3394 1868 3475 piaculum

262 3515 375 3589 oriane⁴
394 3498 606 3570 sustinuisse,
649 3514 692 3561 ne
732 3499 911 3575 premeret,
948 3512 1056 3574 neque
1110 3495 1191 3568 fllia.
1208 3496 1243 3559 et
1256 3496 1405 3558 laxatum
1417 3496 1631 3573 supplicium.
1647 3495 1773 3572 Accepti
1788 3492 1869 3554 bene-

261 3599 365 3661 alium
391 3597 481 3659 bunc
512 3612 549 3659 se
577 3595 695 3673 putare
727 3596 850 3673 praeter
878 3594 1056 3658 Antonium
1110 3593 1179 3656 dcii
1193 3593 1332 3657 illenon
1347 3593 1522 3656 immemor
1541 3594 1619 3671 plus
1641 3593 1783 3657 omnibus
1799 3587 1869 3649 dein·

261 3695 472 3768 Patavium,
500 3708 599 3771 quem
629 3691 671 3755 ob
697 3692 843 3770 undique
875 3691 1056 3769 praedicata
1110 3707 1188 3769 ceps
1202 3691 1324 3755 institit
1337 3691 1445 3755 sancti
1460 3692 1525 3755 viri
1540 3691 1698 3755 laudibus
1711 3692 1742 3754 et
1754 3682 1865 3751 cabod

261 3792 424 3857 miracula
438 3791 474 3852 in
488 3791 561 3868 ipso
573 3790 743 3853 invocavit
756 3790 918 3866 periculo.
1109 3789 1245 3853 cationi.

300 3887 500 3951 aleardinas
531 3887 628 3951 miles
662 3902 682 3949 e
715 3888 907 3950 salvaterra
936 3903 1055 3963 parum
1149 3887 1223 3950 Viri
1238 3885 1337 3949 simul
1353 3888 1387 3950 et
1404 3886 1563 3950 mulieres
1578 3901 1719 3950 numero
1732 3877 1867 3946 fernen·

260 3986 339 4051 fidei
358 3983 532 4051 catbolicae
553 3985 666 4056 tenax,
689 3999 789 4061 quam
813 3984 898 4046 alias
918 3986 1055 4048 omnino
1109 3984 1672 4062 glatisexutVenetiastenderent,
1685 3972 1868 4053 navemapud

260 4083 445 4162 respuerat,
470 4082 549 4143 dum
572 4076 733 4160 ubiquea
756 4082 858 4144 mods
884 4083 1055 4147 miraculis
1110 4082 1261 4146 sanctum
1275 4082 1441 4145 Hilarium
1463 4083 1740 4151 conscenderunt,
1760 4083 1869 4149 cumque

123 4172 132 4193 ‘
260 4179 487 4245 commendari
501 4177 632 4242 audiret
650 4180 840 4250 Antoniam,
867 4179 951 4244 nibil
976 4196 1054 4245 cre-
1109 4179 1193 4243 bora
1207 4178 1414 4257 completorii
1423 4178 1464 4241 ad
1473 4179 1630 4241 lacunam
1641 4180 1736 4257 juxta
1750 4174 1870 4237 sanctum

260 4280 369 4352 debat,
385 4278 524 4343 veniens
545 4292 623 4340 mox
637 4277 812 4339 Patavium
830 4292 904 4339 cum
918 4278 955 4339 in
970 4278 1054 4340 bos·
1109 4277 1288 4354 Georgium
1302 4276 1344 4339 de
1355 4276 1459 4352 aloga
1473 4277 1716 4353 pervenissent,
1732 4274 1797 4335 orta
1808 4273 1872 4330 teu-

259 4378 343 4456 pitio
357 4376 474 4439 eadem
488 4374 718 4453 multiplicari,
735 4375 769 4438 et
784 4374 894 4437 videri
906 4376 1055 4453 qnoddie
1109 4376 1236 4452 pestate
1250 4374 1450 4451 gravissima
1463 4373 1505 4435 ad
1521 4373 1633 4436 locum
1647 4371 1824 4451 predictum
1836 4376 1871 4422 rc

260 4474 302 4536 ad
317 4476 390 4551 ejus
408 4472 572 4535 tumulum
587 4470 738 4535 dicerent
755 4471 906 4535 conviva
924 4494 932 4533 r
948 4472 1053 4547 durae,
1109 4471 1224 4549 fugere
1250 4471 1468 4534 conabantur.
1502 4470 1764 4533 Praevalascente
1786 4464 1872 4527 subm

260 4570 380 4649 inquit,
405 4585 467 4645 ego
485 4585 559 4631 sum
581 4568 671 4642 fidei,
693 4584 801 4647 neque
817 4569 997 4648 quidquam
1011 4586 1055 4633 ex
1108 4569 1240 4635 turbine
1256 4563 1538 4646 conquassatam
1553 4568 1723 4644 incognita
1733 4563 1790 4625 sibi
1802 4570 1871 4637 pmr

260 4669 359 4732 dictis
374 4665 518 4734 credam.
535 4665 602 4727 nisi
615 4668 798 4743 projectum
813 4666 876 4730 boo
889 4667 970 4729 vitri
981 4683 1055 4729 vas·
1109 4683 1166 4729 sus
1190 4666 1265 4729 lona
1286 4666 1388 4729 delati
1413 4666 1501 4739 sunt,
1525 4681 1603 4728 nam
1627 4665 1736 4740 caligo
1750 4656 1872 4740 quadan

260 4766 384 4837 culum,
401 4763 479 4825 etin
493 4764 621 4839 petram
636 4762 788 4826 collisum
803 4764 969 4840 integrum
980 4780 1055 4827 ser-
1108 4763 1207 4826 simul
1222 4780 1297 4829 cum
1315 4765 1415 4827 vento
1426 4764 1460 4827 et
1473 4764 1585 4840 pluvia
1606 4763 1656 4825 ita
1682 4762 1784 4838 spissa
1796 4756 1873 4814 desu-

258 4864 391 4930 vaverit
403 4862 472 4934 ille,
489 4876 586 4939 quem
600 4861 767 4927 tantorum
782 4863 935 4927 asseritis
944 4864 1053 4927 mira-
1108 4877 1169 4938 per
1182 4860 1402 4931 incumbebat,
1415 4863 1497 4922 utse
1509 4861 1656 4923 invicem
1668 4858 1727 4921 vix
1738 4852 1870 4918 mdenba

260 4960 635 5037 culorumpatratorem.
648 4959 1052 5037 Projecittortiterinpa-
1108 4958 1148 5021 de
1161 4957 1648 5036 salutepenitusdasperarent,
1660 4949 1873 5037 peucemque

258 5060 442 5125 vimentum
455 5056 728 5134 lapidestratum‚
741 5056 798 5134 qui
813 5055 897 5119 alias
911 5056 965 5121 vel
979 5057 1052 5134 ipso
1108 5055 1317 5118 confessione
1343 5055 1573 5133 peccaminum
1597 5054 1632 5116 et
1666 5069 1688 5115 a
1718 5044 1872 5113 sacerdote,

259 5174 341 5221 casu
363 5155 575 5232 frangeretur
594 5153 722 5217 vitreus
746 5153 897 5230 cyathus,
915 5153 973 5217 sed
994 5155 1052 5217 in·
1107 5153 1165 5232 qui
1176 5153 1348 5225 intererat,
1363 5152 1572 5215 absolutione
1584 5150 1738 5227 suscepta
1750 5159 1816 5208 cnm
1824 5138 1873 5200 cla·

259 5256 353 5331 teger
368 5254 462 5315 velut
483 5251 585 5317 durus
607 5250 695 5313 silex
717 5251 871 5315 resilivit.
895 5253 965 5324 Quo
979 5253 1052 5315 viso
1107 5250 1255 5315 moribus
1265 5251 1298 5314 at
1311 5249 1469 5326 lacrymis
1478 5249 1656 5320 ululantes,
1669 5249 1736 5310 Deo
1745 5244 1776 5306 et
1784 5243 1816 5301 Β.
1826 5240 1874 5299 ln·

260 5350 423 5414 miraculo
437 5349 580 5414 credidit
593 5348 737 5422 ceteris,
763 5349 899 5412 Antonii
923 5350 1052 5412 sancti·
1107 5348 1200 5410 tonio
1213 5334 1408 5425 suppliciter
1418 5346 1633 5417 devoverrmt,
1648 5343 1817 5416 statimque
1826 5347 1874 5394 aa·

259 5450 321 5511 tati
333 5450 367 5511 et
379 5447 457 5511 fidei
471 5445 656 5517 catbolicae,
672 5448 771 5524 atque
784 5447 957 5523 praemissa
972 5463 1053 5525 pec-
1106 5446 1173 5509 tem
1188 5445 1275 5508 facto
1290 5446 1368 5509 voto
1383 5445 1473 5507 circa
1489 5459 1608 5507 navem
1630 5439 1774 5520 procella
1796 5430 1874 5511 puis·

260 5546 409 5608 catorum
431 5542 640 5606 confessione
656 5544 780 5621 paruit
804 5542 961 5621 deinceps
987 5547 1052 5607 Ec·
1106 5543 1165 5615 vit‚
1182 5542 1448 5606 incumbentibus
1469 5543 1581 5605 tamen
1600 5537 1749 5602 tenebris
1769 5530 1818 5593 nbi
1835 5525 1874 5585 so·

261 5641 372 5703 clasiae
397 5641 520 5702 sanctee
544 5640 819 5714 institutionibus,
845 5642 967 5719 ubique
994 5642 1052 5704 de·
1106 5641 1259 5714 nantuel
1281 5656 1345 5718 qao
1367 5639 1550 5711 tenderent,
1575 5651 1673 5701 nemo
1686 5626 1873 5711 praeentiam
