<?xml version="1.0" encoding="UTF-8"?>
<!DOCTYPE html PUBLIC "-//W3C//DTD XHTML 1.0 Transitional//EN"
    "http://www.w3.org/TR/xhtml1/DTD/xhtml1-transitional.dtd">
<html xmlns="http://www.w3.org/1999/xhtml" xml:lang="en" lang="en">
 <head>
  <title>
</title>
<meta http-equiv="Content-Type" content="text/html;charset=utf-8" />
  <meta name='ocr-system' content='tesseract 3.04.00' />
  <meta name='ocr-capabilities' content='ocr_page ocr_carea ocr_par ocr_line ocrx_word'/>
</head>
<body>
  <div class='ocr_page' id='page_1' title='image "./mediiaevibiblio09bottgoog_0057.png"; bbox 0 0 3950 6200; ppageno 0'>
   <div class='ocr_carea' id='block_1_1' title="bbox 91 248 1717 327">
    <p class='ocr_par' dir='ltr' id='par_1_1' title="bbox 91 248 1717 327">
     <span class='ocr_line' id='line_1_1' title="bbox 91 248 1717 327; baseline 0.003 -12"><span class='ocrx_word' id='word_1_1' title='bbox 91 248 115 315; x_wconf 67' lang='lat' dir='ltr'><strong>b</strong></span> <span class='ocrx_word' id='word_1_2' title='bbox 509 318 512 327; x_wconf 88' lang='grc'><em>,</em></span> <span class='ocrx_word' id='word_1_3' title='bbox 702 255 931 321; x_wconf 73' lang='lat' dir='ltr'><strong>EPISTOLAE.</strong></span> <span class='ocrx_word' id='word_1_4' title='bbox 954 257 1035 320; x_wconf 81' lang='lat' dir='ltr'><strong>tna.</strong></span> <span class='ocrx_word' id='word_1_5' title='bbox 1057 256 1097 319; x_wconf 83' lang='lat' dir='ltr'><strong>X.</strong></span> <span class='ocrx_word' id='word_1_6' title='bbox 1676 255 1717 320; x_wconf 70' lang='grc'><strong>86</strong></span> 
     </span>
    </p>
   </div>
   <div class='ocr_carea' id='block_1_2' title="bbox 87 417 873 1856">
    <p class='ocr_par' dir='ltr' id='par_1_2' title="bbox 100 417 871 579">
     <span class='ocr_line' id='line_1_2' title="bbox 100 417 871 497; baseline 0 -17"><span class='ocrx_word' id='word_1_7' title='bbox 100 417 871 497; x_wconf 71' lang='lat' dir='ltr'><strong>pleeporlarbonensi,minumelnpostolicam</strong></span> 
     </span>
     <span class='ocr_line' id='line_1_3' title="bbox 100 514 347 579; baseline -0.016 0"><span class='ocrx_word' id='word_1_8' title='bbox 100 514 347 579; x_wconf 70' lang='lat' dir='ltr'><strong>benedictionem.</strong></span> 
     </span>
    </p>

    <p class='ocr_par' dir='ltr' id='par_1_3' title="bbox 87 611 873 1856">
     <span class='ocr_line' id='line_1_4' title="bbox 125 611 867 690; baseline -0.008 -14"><span class='ocrx_word' id='word_1_9' title='bbox 125 614 213 676; x_wconf 83' lang='lat' dir='ltr'><strong>lastis</strong></span> <span class='ocrx_word' id='word_1_10' title='bbox 238 615 444 690; x_wconf 88' lang='lat' dir='ltr'><strong>petentium,</strong></span> <span class='ocrx_word' id='word_1_11' title='bbox 473 615 547 684; x_wconf 80' lang='lat' dir='ltr'><strong>etc,</strong></span> <span class='ocrx_word' id='word_1_12' title='bbox 572 628 678 686; x_wconf 81' lang='lat' dir='ltr'><strong>nsque</strong></span> <span class='ocrx_word' id='word_1_13' title='bbox 703 611 867 681; x_wconf 90' lang='lat' dir='ltr'><strong>inclinati,</strong></span> 
     </span>
     <span class='ocr_line' id='line_1_5' title="bbox 97 707 868 787; baseline -0.006 -14"><span class='ocrx_word' id='word_1_14' title='bbox 97 712 214 773; x_wconf 88' lang='lat' dir='ltr'><strong>decimas</strong></span> <span class='ocrx_word' id='word_1_15' title='bbox 242 726 330 787; x_wconf 89' lang='lat' dir='ltr'><strong>quas</strong></span> <span class='ocrx_word' id='word_1_16' title='bbox 352 711 452 772; x_wconf 80' lang='lat' dir='ltr'><strong>bonae</strong></span> <span class='ocrx_word' id='word_1_17' title='bbox 472 710 638 771; x_wconf 82' lang='lat' dir='ltr'><strong>memoriae</strong></span> <span class='ocrx_word' id='word_1_18' title='bbox 660 714 712 781; x_wconf 72' lang='lat' dir='ltr'><strong>A,</strong></span> <span class='ocrx_word' id='word_1_19' title='bbox 734 707 868 770; x_wconf 91' lang='lat' dir='ltr'><strong>Narbo·</strong></span> 
     </span>
     <span class='ocr_line' id='line_1_6' title="bbox 94 807 868 886; baseline -0.008 -15"><span class='ocrx_word' id='word_1_20' title='bbox 94 810 186 871; x_wconf 80' lang='lat' dir='ltr'><strong>nensis</strong></span> <span class='ocrx_word' id='word_1_21' title='bbox 212 808 505 886; x_wconf 77' lang='lat' dir='ltr'><strong>archiepiscopus,</strong></span> <span class='ocrx_word' id='word_1_22' title='bbox 532 808 758 884; x_wconf 89' lang='lat' dir='ltr'><strong>praedecessor</strong></span> <span class='ocrx_word' id='word_1_23' title='bbox 779 807 868 874; x_wconf 88' lang='lat' dir='ltr'><strong>tuus,</strong></span> 
     </span>
     <span class='ocr_line' id='line_1_7' title="bbox 92 903 873 981; baseline -0.004 -13"><span class='ocrx_word' id='word_1_24' title='bbox 92 907 317 969; x_wconf 81' lang='lat' dir='ltr'><strong>mterveniente</strong></span> <span class='ocrx_word' id='word_1_25' title='bbox 332 907 532 967; x_wconf 85' lang='lat' dir='ltr'><strong>auctoritate</strong></span> <span class='ocrx_word' id='word_1_26' title='bbox 542 905 725 981; x_wconf 87' lang='lat' dir='ltr'><strong>legatorum</strong></span> <span class='ocrx_word' id='word_1_27' title='bbox 735 903 873 980; x_wconf 83' lang='lat' dir='ltr'><strong>Aposto-</strong></span> 
     </span>
     <span class='ocr_line' id='line_1_8' title="bbox 89 1000 869 1075; baseline -0.008 -9"><span class='ocrx_word' id='word_1_28' title='bbox 89 1005 153 1066; x_wconf 82' lang='lat' dir='ltr'><strong>lica</strong></span> <span class='ocrx_word' id='word_1_29' title='bbox 166 1002 262 1063; x_wconf 87' lang='lat' dir='ltr'><strong>Sedis</strong></span> <span class='ocrx_word' id='word_1_30' title='bbox 275 1004 314 1063; x_wconf 91' lang='lat' dir='ltr'><strong>in</strong></span> <span class='ocrx_word' id='word_1_31' title='bbox 325 1003 539 1064; x_wconf 83' lang='lat' dir='ltr'><strong>Narbonensi</strong></span> <span class='ocrx_word' id='word_1_32' title='bbox 567 1002 717 1075; x_wconf 84' lang='lat' dir='ltr'><strong>dioecesl,</strong></span> <span class='ocrx_word' id='word_1_33' title='bbox 735 1000 869 1062; x_wconf 84' lang='lat' dir='ltr'><strong>Narbo-</strong></span> 
     </span>
     <span class='ocr_line' id='line_1_9' title="bbox 88 1098 871 1177; baseline -0.005 -15"><span class='ocrx_word' id='word_1_34' title='bbox 88 1103 191 1162; x_wconf 84' lang='lat' dir='ltr'><strong>nensis</strong></span> <span class='ocrx_word' id='word_1_35' title='bbox 213 1100 368 1162; x_wconf 84' lang='lat' dir='ltr'><strong>ecclesiae</strong></span> <span class='ocrx_word' id='word_1_36' title='bbox 395 1099 573 1177; x_wconf 88' lang='lat' dir='ltr'><strong>acquisivit</strong></span> <span class='ocrx_word' id='word_1_37' title='bbox 594 1098 666 1169; x_wconf 86' lang='lat' dir='ltr'><strong>tihi,</strong></span> <span class='ocrx_word' id='word_1_38' title='bbox 689 1114 728 1160; x_wconf 88' lang='lat' dir='ltr'><strong>ac</strong></span> <span class='ocrx_word' id='word_1_39' title='bbox 752 1113 811 1174; x_wconf 90' lang='lat' dir='ltr'><strong>per</strong></span> <span class='ocrx_word' id='word_1_40' title='bbox 837 1100 871 1158; x_wconf 90' lang='lat' dir='ltr'><strong>ta</strong></span> 
     </span>
     <span class='ocr_line' id='line_1_10' title="bbox 87 1194 872 1272; baseline -0.003 -14"><span class='ocrx_word' id='word_1_41' title='bbox 87 1196 418 1269; x_wconf 84' lang='lat' dir='ltr'><strong>successoribuntuis,</strong></span> <span class='ocrx_word' id='word_1_42' title='bbox 431 1196 516 1258; x_wconf 88' lang='lat' dir='ltr'><strong>siout</strong></span> <span class='ocrx_word' id='word_1_43' title='bbox 530 1212 588 1257; x_wconf 91' lang='lat' dir='ltr'><strong>eas</strong></span> <span class='ocrx_word' id='word_1_44' title='bbox 597 1198 698 1272; x_wconf 81' lang='lat' dir='ltr'><strong>juste,</strong></span> <span class='ocrx_word' id='word_1_45' title='bbox 710 1194 872 1256; x_wconf 77' lang='lat' dir='ltr'><strong>canomce</strong></span> 
     </span>
     <span class='ocr_line' id='line_1_11' title="bbox 87 1292 870 1371; baseline -0.005 -15"><span class='ocrx_word' id='word_1_46' title='bbox 87 1294 205 1356; x_wconf 72' lang='lat' dir='ltr'><strong>obunca</strong></span> <span class='ocrx_word' id='word_1_47' title='bbox 235 1296 270 1357; x_wconf 87' lang='lat' dir='ltr'><strong>et</strong></span> <span class='ocrx_word' id='word_1_48' title='bbox 300 1295 423 1371; x_wconf 86' lang='lat' dir='ltr'><strong>quiete,</strong></span> <span class='ocrx_word' id='word_1_49' title='bbox 453 1293 652 1357; x_wconf 77' lang='lat' dir='ltr'><strong>auctoritate</strong></span> <span class='ocrx_word' id='word_1_50' title='bbox 680 1292 870 1369; x_wconf 74' lang='lat' dir='ltr'><strong>apostolica</strong></span> 
     </span>
     <span class='ocr_line' id='line_1_12' title="bbox 87 1390 869 1468; baseline -0.003 -15"><span class='ocrx_word' id='word_1_51' title='bbox 87 1392 324 1463; x_wconf 79' lang='lat' dir='ltr'><strong>confirmamus,</strong></span> <span class='ocrx_word' id='word_1_52' title='bbox 355 1393 388 1454; x_wconf 90' lang='lat' dir='ltr'><strong>et</strong></span> <span class='ocrx_word' id='word_1_53' title='bbox 413 1392 588 1468; x_wconf 75' lang='lat' dir='ltr'><strong>praeseutia</strong></span> <span class='ocrx_word' id='word_1_54' title='bbox 610 1390 726 1466; x_wconf 89' lang='lat' dir='ltr'><strong>scripti</strong></span> <span class='ocrx_word' id='word_1_55' title='bbox 754 1390 869 1466; x_wconf 88' lang='lat' dir='ltr'><strong>patro-</strong></span> 
     </span>
     <span class='ocr_line' id='line_1_13' title="bbox 88 1488 870 1563; baseline -0.004 -13"><span class='ocrx_word' id='word_1_56' title='bbox 88 1489 171 1550; x_wconf 89' lang='lat' dir='ltr'><strong>cinio</strong></span> <span class='ocrx_word' id='word_1_57' title='bbox 194 1489 444 1550; x_wconf 83' lang='lat' dir='ltr'><strong>commuuimus.</strong></span> <span class='ocrx_word' id='word_1_58' title='bbox 472 1490 565 1549; x_wconf 84' lang='lat' dir='ltr'><strong>Nulli</strong></span> <span class='ocrx_word' id='word_1_59' title='bbox 579 1503 671 1563; x_wconf 83' lang='lat' dir='ltr'><strong>ergo,</strong></span> <span class='ocrx_word' id='word_1_60' title='bbox 692 1491 767 1560; x_wconf 83' lang='lat' dir='ltr'><strong>etc,</strong></span> <span class='ocrx_word' id='word_1_61' title='bbox 784 1488 870 1548; x_wconf 89' lang='lat' dir='ltr'><strong>hanc</strong></span> 
     </span>
     <span class='ocr_line' id='line_1_14' title="bbox 88 1580 871 1662; baseline -0.004 -15"><span class='ocrx_word' id='word_1_62' title='bbox 88 1580 233 1662; x_wconf 80' lang='lat' dir='ltr'><strong>pagiuam</strong></span> <span class='ocrx_word' id='word_1_63' title='bbox 281 1589 405 1648; x_wconf 80' lang='lat' dir='ltr'><strong>nostrae</strong></span> <span class='ocrx_word' id='word_1_64' title='bbox 447 1586 710 1647; x_wconf 86' lang='lat' dir='ltr'><strong>confirmationis</strong></span> <span class='ocrx_word' id='word_1_65' title='bbox 748 1584 871 1647; x_wconf 81' lang='lat' dir='ltr'><strong>intrin-</strong></span> 
     </span>
     <span class='ocr_line' id='line_1_15' title="bbox 90 1682 871 1759; baseline 0 -16"><span class='ocrx_word' id='word_1_66' title='bbox 90 1686 246 1757; x_wconf 71' lang='lat' dir='ltr'><strong>ganea.</strong></span> <span class='ocrx_word' id='word_1_67' title='bbox 264 1684 386 1759; x_wconf 87' lang='lat' dir='ltr'><strong>Siquis</strong></span> <span class='ocrx_word' id='word_1_68' title='bbox 407 1687 530 1753; x_wconf 91' lang='lat' dir='ltr'><strong>autem,</strong></span> <span class='ocrx_word' id='word_1_69' title='bbox 547 1684 610 1744; x_wconf 87' lang='lat' dir='ltr'><strong>etc.</strong></span> <span class='ocrx_word' id='word_1_70' title='bbox 632 1684 753 1744; x_wconf 82' lang='lat' dir='ltr'><strong>Datum</strong></span> <span class='ocrx_word' id='word_1_71' title='bbox 772 1682 871 1743; x_wconf 83' lang='lat' dir='ltr'><strong>Late-</strong></span> 
     </span>
     <span class='ocr_line' id='line_1_16' title="bbox 90 1779 799 1856; baseline 0 -16"><span class='ocrx_word' id='word_1_72' title='bbox 90 1781 170 1852; x_wconf 90' lang='lat' dir='ltr'><strong>rani,</strong></span> <span class='ocrx_word' id='word_1_73' title='bbox 183 1782 254 1841; x_wconf 76' lang='lat' dir='ltr'><strong>XIV</strong></span> <span class='ocrx_word' id='word_1_74' title='bbox 267 1779 431 1841; x_wconf 81' lang='lat' dir='ltr'><strong>kalendas</strong></span> <span class='ocrx_word' id='word_1_75' title='bbox 440 1780 540 1856; x_wconf 87' lang='lat' dir='ltr'><strong>junii,</strong></span> <span class='ocrx_word' id='word_1_76' title='bbox 557 1795 645 1841; x_wconf 86' lang='lat' dir='ltr'><strong>anno</strong></span> <span class='ocrx_word' id='word_1_77' title='bbox 660 1779 799 1841; x_wconf 81' lang='lat' dir='ltr'><strong>decimo.</strong></span> 
     </span>
    </p>
   </div>
   <div class='ocr_carea' id='block_1_3' title="bbox 396 2040 550 2127">
    <p class='ocr_par' dir='ltr' id='par_1_4' title="bbox 396 2040 550 2127">
     <span class='ocr_line' id='line_1_17' title="bbox 396 2040 550 2127; baseline 0.013 -2"><span class='ocrx_word' id='word_1_78' title='bbox 396 2040 550 2127; x_wconf 83' lang='lat' dir='ltr'>CXLVI</span> 
     </span>
    </p>
   </div>
   <div class='ocr_carea' id='block_1_4' title="bbox 91 2192 866 2364">
    <p class='ocr_par' dir='ltr' id='par_1_5' title="bbox 91 2192 866 2364">
     <span class='ocr_line' id='line_1_18' title="bbox 91 2192 866 2266; baseline 0 -17"><span class='ocrx_word' id='word_1_79' title='bbox 91 2192 138 2250; x_wconf 74' lang='lat' dir='ltr'><strong>Ad</strong></span> <span class='ocrx_word' id='word_1_80' title='bbox 157 2192 351 2263; x_wconf 72' lang='lat' dir='ltr'><strong>Ronlanum,</strong></span> <span class='ocrx_word' id='word_1_81' title='bbox 371 2193 626 2266; x_wconf 59' lang='lat' dir='ltr'><strong>Sallentinoque·</strong></span> <span class='ocrx_word' id='word_1_82' title='bbox 643 2193 866 2261; x_wconf 77' lang='lat' dir='ltr'><strong>cardinalem,</strong></span> 
     </span>
     <span class='ocr_line' id='line_1_19' title="bbox 339 2288 605 2364; baseline -0.008 -15"><span class='ocrx_word' id='word_1_83' title='bbox 339 2292 380 2349; x_wconf 81' lang='lat' dir='ltr'><strong>A.</strong></span> <span class='ocrx_word' id='word_1_84' title='bbox 394 2290 429 2349; x_wconf 83' lang='lat' dir='ltr'><strong>S.</strong></span> <span class='ocrx_word' id='word_1_85' title='bbox 445 2288 605 2364; x_wconf 71' lang='lat' dir='ltr'><strong>wantiam.</strong></span> 
     </span>
    </p>
   </div>
   <div class='ocr_carea' id='block_1_5' title="bbox 363 2418 580 2476">
    <p class='ocr_par' dir='ltr' id='par_1_6' title="bbox 363 2418 580 2476">
     <span class='ocr_line' id='line_1_20' title="bbox 363 2418 580 2476; baseline 0 -1"><span class='ocrx_word' id='word_1_86' title='bbox 363 2419 398 2476; x_wconf 82' lang='lat' dir='ltr'><strong>le</strong></span> <span class='ocrx_word' id='word_1_87' title='bbox 416 2418 484 2476; x_wconf 89' lang='lat' dir='ltr'><strong>maii</strong></span> <span class='ocrx_word' id='word_1_88' title='bbox 502 2418 580 2475; x_wconf 73' lang='lat'><strong>1226.</strong></span> 
     </span>
    </p>
   </div>
   <div class='ocr_carea' id='block_1_6' title="bbox 92 2538 871 3322">
    <p class='ocr_par' dir='ltr' id='par_1_7' title="bbox 120 2538 837 2694">
     <span class='ocr_line' id='line_1_21' title="bbox 120 2538 837 2606; baseline 0.004 -13"><span class='ocrx_word' id='word_1_89' title='bbox 120 2540 308 2606; x_wconf 64' lang='lat' dir='ltr'><strong>mamonae.</strong></span> <span class='ocrx_word' id='word_1_90' title='bbox 319 2540 364 2591; x_wconf 84' lang='lat' dir='ltr'><strong>&lt;tes</strong></span> <span class='ocrx_word' id='word_1_91' title='bbox 374 2541 450 2600; x_wconf 75' lang='lat' dir='ltr'><strong>ilict,</strong></span> <span class='ocrx_word' id='word_1_92' title='bbox 460 2543 530 2599; x_wconf 84' lang='lat' dir='ltr'><strong>xix,</strong></span> <span class='ocrx_word' id='word_1_93' title='bbox 545 2540 599 2591; x_wconf 70' lang='lat'><strong>774.</strong></span> <span class='ocrx_word' id='word_1_94' title='bbox 618 2541 728 2605; x_wconf 76' lang='lat' dir='ltr'><strong>Regnat,</strong></span> <span class='ocrx_word' id='word_1_95' title='bbox 746 2538 793 2590; x_wconf 83' lang='lat' dir='ltr'><strong>lib.</strong></span> <span class='ocrx_word' id='word_1_96' title='bbox 804 2539 837 2596; x_wconf 72' lang='lat' dir='ltr'><strong>X·</strong></span> 
     </span>
     <span class='ocr_line' id='line_1_22' title="bbox 401 2629 553 2694; baseline -0.013 -15"><span class='ocrx_word' id='word_1_97' title='bbox 401 2629 553 2694; x_wconf 65' lang='lat' dir='ltr'><strong>epistile]</strong></span> 
     </span>
    </p>

    <p class='ocr_par' dir='ltr' id='par_1_8' title="bbox 92 2733 871 3322">
     <span class='ocr_line' id='line_1_23' title="bbox 92 2733 869 2813; baseline -0.005 -20"><span class='ocrx_word' id='word_1_98' title='bbox 92 2733 171 2802; x_wconf 82' lang='lat' dir='ltr'><strong>Quam</strong></span> <span class='ocrx_word' id='word_1_99' title='bbox 181 2734 216 2793; x_wconf 90' lang='lat' dir='ltr'><strong>de</strong></span> <span class='ocrx_word' id='word_1_100' title='bbox 229 2737 315 2793; x_wconf 87' lang='lat' dir='ltr'><strong>veteri</strong></span> <span class='ocrx_word' id='word_1_101' title='bbox 328 2736 468 2809; x_wconf 87' lang='lat' dir='ltr'><strong>primatiae</strong></span> <span class='ocrx_word' id='word_1_102' title='bbox 479 2736 546 2808; x_wconf 83' lang='lat' dir='ltr'><strong>jure</strong></span> <span class='ocrx_word' id='word_1_103' title='bbox 560 2735 730 2813; x_wconf 78' lang='lat' dir='ltr'><strong>Bituriaemi</strong></span> <span class='ocrx_word' id='word_1_104' title='bbox 740 2733 869 2792; x_wconf 72' lang='lat' dir='ltr'><strong>ecclesus</strong></span> 
     </span>
     <span class='ocr_line' id='line_1_24' title="bbox 123 2821 871 2898; baseline -0.003 -17"><span class='ocrx_word' id='word_1_105' title='bbox 123 2834 222 2881; x_wconf 83' lang='lat' dir='ltr'><strong>asserto</strong></span> <span class='ocrx_word' id='word_1_106' title='bbox 232 2825 320 2898; x_wconf 74' lang='lat' dir='ltr'><strong>iurgii</strong></span> <span class='ocrx_word' id='word_1_107' title='bbox 335 2839 455 2883; x_wconf 85' lang='lat' dir='ltr'><strong>causam</strong></span> <span class='ocrx_word' id='word_1_108' title='bbox 472 2824 577 2897; x_wconf 79' lang='lat' dir='ltr'><strong>sepina</strong></span> <span class='ocrx_word' id='word_1_109' title='bbox 593 2826 753 2897; x_wconf 76' lang='lat' dir='ltr'><strong>agitaverat</strong></span> <span class='ocrx_word' id='word_1_110' title='bbox 768 2821 871 2880; x_wconf 79' lang='lat' dir='ltr'><strong>Beude-</strong></span> 
     </span>
     <span class='ocr_line' id='line_1_25' title="bbox 121 2907 869 2982; baseline 0 -17"><span class='ocrx_word' id='word_1_111' title='bbox 121 2910 238 2979; x_wconf 83' lang='lat' dir='ltr'><strong>galensis</strong></span> <span class='ocrx_word' id='word_1_112' title='bbox 263 2908 523 2982; x_wconf 69' lang='lat' dir='ltr'><strong>archiepiscopus,</strong></span> <span class='ocrx_word' id='word_1_113' title='bbox 539 2924 681 2981; x_wconf 78' lang='lat' dir='ltr'><strong>quousque</strong></span> <span class='ocrx_word' id='word_1_114' title='bbox 713 2907 869 2965; x_wconf 84' lang='lat' dir='ltr'><strong>novissime</strong></span> 
     </span>
     <span class='ocr_line' id='line_1_26' title="bbox 123 2996 869 3071; baseline 0 -18"><span class='ocrx_word' id='word_1_115' title='bbox 123 2998 249 3067; x_wconf 85' lang='lat' dir='ltr'><strong>Romano,</strong></span> <span class='ocrx_word' id='word_1_116' title='bbox 277 2998 449 3071; x_wconf 73' lang='lat' dir='ltr'><strong>apostolicae</strong></span> <span class='ocrx_word' id='word_1_117' title='bbox 472 2996 552 3053; x_wconf 87' lang='lat' dir='ltr'><strong>Sedis</strong></span> <span class='ocrx_word' id='word_1_118' title='bbox 572 2999 676 3069; x_wconf 85' lang='lat' dir='ltr'><strong>legato,</strong></span> <span class='ocrx_word' id='word_1_119' title='bbox 701 2996 869 3069; x_wconf 85' lang='lat' dir='ltr'><strong>quantoclus</strong></span> 
     </span>
     <span class='ocr_line' id='line_1_27' title="bbox 121 3084 866 3154; baseline -0.003 -11"><span class='ocrx_word' id='word_1_120' title='bbox 121 3084 169 3143; x_wconf 89' lang='lat' dir='ltr'><strong>line</strong></span> <span class='ocrx_word' id='word_1_121' title='bbox 191 3085 400 3145; x_wconf 83' lang='lat' dir='ltr'><strong>terminandam</strong></span> <span class='ocrx_word' id='word_1_122' title='bbox 420 3086 602 3144; x_wconf 86' lang='lat' dir='ltr'><strong>commiserat</strong></span> <span class='ocrx_word' id='word_1_123' title='bbox 622 3085 773 3154; x_wconf 85' lang='lat' dir='ltr'><strong>llorrorius,</strong></span> <span class='ocrx_word' id='word_1_124' title='bbox 787 3100 866 3141; x_wconf 89' lang='lat' dir='ltr'><strong>eam-</strong></span> 
     </span>
     <span class='ocr_line' id='line_1_28' title="bbox 118 3171 868 3247; baseline -0.003 -16"><span class='ocrx_word' id='word_1_125' title='bbox 118 3173 175 3231; x_wconf 86' lang='lat' dir='ltr'><strong>dem</strong></span> <span class='ocrx_word' id='word_1_126' title='bbox 189 3190 264 3233; x_wconf 89' lang='lat' dir='ltr'><strong>nunc</strong></span> <span class='ocrx_word' id='word_1_127' title='bbox 280 3190 354 3232; x_wconf 89' lang='lat' dir='ltr'><strong>nova</strong></span> <span class='ocrx_word' id='word_1_128' title='bbox 378 3175 585 3247; x_wconf 84' lang='lat' dir='ltr'><strong>disceptatione</strong></span> <span class='ocrx_word' id='word_1_129' title='bbox 599 3171 777 3231; x_wconf 87' lang='lat' dir='ltr'><strong>tractandam</strong></span> <span class='ocrx_word' id='word_1_130' title='bbox 792 3173 868 3230; x_wconf 89' lang='lat' dir='ltr'><strong>idem</strong></span> 
     </span>
     <span class='ocr_line' id='line_1_29' title="bbox 118 3263 387 3322; baseline 0 -3"><span class='ocrx_word' id='word_1_131' title='bbox 118 3263 238 3321; x_wconf 76' lang='lat' dir='ltr'><strong>leodien</strong></span> <span class='ocrx_word' id='word_1_132' title='bbox 250 3264 387 3322; x_wconf 88' lang='lat' dir='ltr'><strong>decernit.</strong></span> 
     </span>
    </p>
   </div>
   <div class='ocr_carea' id='block_1_7' title="bbox 8 3399 874 5419">
    <p class='ocr_par' dir='ltr' id='par_1_9' title="bbox 89 3399 868 3669">
     <span class='ocr_line' id='line_1_30' title="bbox 119 3399 865 3480; baseline -0.007 -18"><span class='ocrx_word' id='word_1_133' title='bbox 119 3401 281 3462; x_wconf 87' lang='lat' dir='ltr'><strong>Honorius</strong></span> <span class='ocrx_word' id='word_1_134' title='bbox 318 3402 546 3480; x_wconf 88' lang='lat' dir='ltr'><strong>episcopus...,</strong></span> <span class='ocrx_word' id='word_1_135' title='bbox 581 3399 700 3462; x_wconf 90' lang='lat' dir='ltr'><strong>dilecto</strong></span> <span class='ocrx_word' id='word_1_136' title='bbox 730 3399 799 3460; x_wconf 85' lang='lat' dir='ltr'><strong>fllio</strong></span> <span class='ocrx_word' id='word_1_137' title='bbox 826 3401 865 3459; x_wconf 88' lang='lat' dir='ltr'><strong>R.</strong></span> 
     </span>
     <span class='ocr_line' id='line_1_31' title="bbox 91 3496 868 3576; baseline -0.003 -18"><span class='ocrx_word' id='word_1_138' title='bbox 91 3498 186 3560; x_wconf 84' lang='lat' dir='ltr'><strong>Sancti</strong></span> <span class='ocrx_word' id='word_1_139' title='bbox 207 3499 329 3576; x_wconf 69' lang='lat' dir='ltr'><strong>angeli</strong></span> <span class='ocrx_word' id='word_1_140' title='bbox 351 3498 493 3559; x_wconf 87' lang='lat' dir='ltr'><strong>diacono</strong></span> <span class='ocrx_word' id='word_1_141' title='bbox 517 3496 692 3566; x_wconf 79' lang='lat' dir='ltr'><strong>cardinali,</strong></span> <span class='ocrx_word' id='word_1_142' title='bbox 716 3499 753 3556; x_wconf 81' lang='lat' dir='ltr'><strong>A.</strong></span> <span class='ocrx_word' id='word_1_143' title='bbox 769 3499 801 3556; x_wconf 85' lang='lat' dir='ltr'><strong>S.</strong></span> <span class='ocrx_word' id='word_1_144' title='bbox 818 3496 868 3556; x_wconf 93' lang='lat' dir='ltr'><strong>le-</strong></span> 
     </span>
     <span class='ocr_line' id='line_1_32' title="bbox 89 3597 408 3669; baseline -0.009 -12"><span class='ocrx_word' id='word_1_145' title='bbox 89 3598 161 3669; x_wconf 77' lang='lat' dir='ltr'><strong>gato,</strong></span> <span class='ocrx_word' id='word_1_146' title='bbox 175 3597 330 3668; x_wconf 88' lang='lat' dir='ltr'><strong>salutem,</strong></span> <span class='ocrx_word' id='word_1_147' title='bbox 346 3599 408 3658; x_wconf 88' lang='lat' dir='ltr'><strong>etc.</strong></span> 
     </span>
    </p>

    <p class='ocr_par' dir='ltr' id='par_1_10' title="bbox 8 3690 874 5419">
     <span class='ocr_line' id='line_1_33' title="bbox 117 3690 868 3769; baseline -0.004 -16"><span class='ocrx_word' id='word_1_148' title='bbox 117 3695 203 3756; x_wconf 84' lang='lat' dir='ltr'><strong>Licet</strong></span> <span class='ocrx_word' id='word_1_149' title='bbox 217 3711 236 3754; x_wconf 90' lang='lat' dir='ltr'><strong>a</strong></span> <span class='ocrx_word' id='word_1_150' title='bbox 250 3694 442 3769; x_wconf 82' lang='lat' dir='ltr'><strong>cognitione</strong></span> <span class='ocrx_word' id='word_1_151' title='bbox 457 3707 567 3753; x_wconf 79' lang='lat' dir='ltr'><strong>causae</strong></span> <span class='ocrx_word' id='word_1_152' title='bbox 580 3708 653 3768; x_wconf 84' lang='lat' dir='ltr'><strong>quae</strong></span> <span class='ocrx_word' id='word_1_153' title='bbox 668 3690 868 3752; x_wconf 85' lang='lat' dir='ltr'><strong>intervene-</strong></span> 
     </span>
     <span class='ocr_line' id='line_1_34' title="bbox 87 3784 865 3865; baseline -0.006 -15"><span class='ocrx_word' id='word_1_154' title='bbox 87 3789 192 3851; x_wconf 82' lang='lat' dir='ltr'><strong>rnbiles</strong></span> <span class='ocrx_word' id='word_1_155' title='bbox 202 3790 325 3852; x_wconf 84' lang='lat' dir='ltr'><strong>iratres</strong></span> <span class='ocrx_word' id='word_1_156' title='bbox 336 3791 468 3850; x_wconf 90' lang='lat' dir='ltr'><strong>nostros</strong></span> <span class='ocrx_word' id='word_1_157' title='bbox 483 3788 723 3849; x_wconf 89' lang='lat' dir='ltr'><strong>Bituricensem</strong></span> <span class='ocrx_word' id='word_1_158' title='bbox 738 3784 865 3865; x_wconf 81' lang='lat' dir='ltr'><strong>[Giral-</strong></span> 
     </span>
     <span class='ocr_line' id='line_1_35' title="bbox 88 3881 866 3966; baseline 0.001 -21"><span class='ocrx_word' id='word_1_159' title='bbox 88 3885 310 3966; x_wconf 78' lang='lat' dir='ltr'><strong>dumdeGros]</strong></span> <span class='ocrx_word' id='word_1_160' title='bbox 322 3891 356 3949; x_wconf 85' lang='lat' dir='ltr'><strong>et</strong></span> <span class='ocrx_word' id='word_1_161' title='bbox 374 3885 622 3961; x_wconf 85' lang='lat' dir='ltr'><strong>Burdegalense</strong></span> <span class='ocrx_word' id='word_1_162' title='bbox 642 3881 866 3962; x_wconf 83' lang='lat' dir='ltr'><strong>[Guillelmum</strong></span> 
     </span>
     <span class='ocr_line' id='line_1_36' title="bbox 85 3980 866 4064; baseline -0.001 -21"><span class='ocrx_word' id='word_1_163' title='bbox 85 3985 243 4064; x_wconf 73' lang='lat' dir='ltr'><strong>lmanevi]</strong></span> <span class='ocrx_word' id='word_1_164' title='bbox 284 3983 554 4060; x_wconf 76' lang='lat' dir='ltr'><strong>archiepiscopos</strong></span> <span class='ocrx_word' id='word_1_165' title='bbox 566 3996 665 4058; x_wconf 89' lang='lat' dir='ltr'><strong>super</strong></span> <span class='ocrx_word' id='word_1_166' title='bbox 679 3980 866 4042; x_wconf 88' lang='lat' dir='ltr'><strong>turbatione</strong></span> 
     </span>
     <span class='ocr_line' id='line_1_37' title="bbox 86 4077 866 4158; baseline -0.006 -15"><span class='ocrx_word' id='word_1_167' title='bbox 86 4083 293 4156; x_wconf 64' lang='lat' dir='ltr'><strong>posessionis</strong></span> <span class='ocrx_word' id='word_1_168' title='bbox 312 4081 490 4158; x_wconf 87' lang='lat' dir='ltr'><strong>primatiae,</strong></span> <span class='ocrx_word' id='word_1_169' title='bbox 513 4095 552 4140; x_wconf 89' lang='lat' dir='ltr'><strong>ac</strong></span> <span class='ocrx_word' id='word_1_170' title='bbox 572 4077 768 4154; x_wconf 87' lang='lat' dir='ltr'><strong>quibusdam</strong></span> <span class='ocrx_word' id='word_1_171' title='bbox 790 4077 866 4139; x_wconf 88' lang='lat' dir='ltr'><strong>aliis</strong></span> 
     </span>
     <span class='ocr_line' id='line_1_38' title="bbox 85 4176 874 4256; baseline -0.001 -22"><span class='ocrx_word' id='word_1_172' title='bbox 85 4181 220 4252; x_wconf 81' lang='lat' dir='ltr'><strong>vertitur,</strong></span> <span class='ocrx_word' id='word_1_173' title='bbox 236 4178 367 4240; x_wconf 88' lang='lat' dir='ltr'><strong>anobis</strong></span> <span class='ocrx_word' id='word_1_174' title='bbox 381 4177 442 4238; x_wconf 90' lang='lat' dir='ltr'><strong>tibi</strong></span> <span class='ocrx_word' id='word_1_175' title='bbox 456 4176 642 4246; x_wconf 88' lang='lat' dir='ltr'><strong>commissa,</strong></span> <span class='ocrx_word' id='word_1_176' title='bbox 655 4189 739 4251; x_wconf 88' lang='lat' dir='ltr'><strong>quae,</strong></span> <span class='ocrx_word' id='word_1_177' title='bbox 756 4190 874 4256; x_wconf 24' lang='lat' dir='ltr'><strong>quam-¹</strong></span> 
     </span>
     <span class='ocr_line' id='line_1_39' title="bbox 8 4267 865 4352; baseline -0.004 -19"><span class='ocrx_word' id='word_1_178' title='bbox 8 4267 9 4272; x_wconf 72' lang='grc'>’</span> <span class='ocrx_word' id='word_1_179' title='bbox 84 4275 281 4352; x_wconf 84' lang='lat' dir='ltr'><strong>visalongis</strong></span> <span class='ocrx_word' id='word_1_180' title='bbox 302 4277 393 4337; x_wconf 89' lang='lat' dir='ltr'><strong>retro</strong></span> <span class='ocrx_word' id='word_1_181' title='bbox 414 4272 618 4351; x_wconf 79' lang='lat' dir='ltr'><strong>temporibus</strong></span> <span class='ocrx_word' id='word_1_182' title='bbox 644 4271 779 4352; x_wconf 74' lang='lat' dir='ltr'><strong>tractari</strong></span> <span class='ocrx_word' id='word_1_183' title='bbox 795 4288 865 4331; x_wconf 88' lang='lat' dir='ltr'><strong>cne-</strong></span> 
     </span>
     <span class='ocr_line' id='line_1_40' title="bbox 84 4368 868 4453; baseline -0.006 -21"><span class='ocrx_word' id='word_1_184' title='bbox 84 4375 156 4446; x_wconf 88' lang='lat' dir='ltr'><strong>perit</strong></span> <span class='ocrx_word' id='word_1_185' title='bbox 168 4374 227 4453; x_wconf 86' lang='lat' dir='ltr'><strong>(l),</strong></span> <span class='ocrx_word' id='word_1_186' title='bbox 244 4374 394 4435; x_wconf 89' lang='lat' dir='ltr'><strong>nondum</strong></span> <span class='ocrx_word' id='word_1_187' title='bbox 407 4374 518 4433; x_wconf 90' lang='lat' dir='ltr'><strong>tamen</strong></span> <span class='ocrx_word' id='word_1_188' title='bbox 534 4371 641 4445; x_wconf 88' lang='lat' dir='ltr'><strong>potuit</strong></span> <span class='ocrx_word' id='word_1_189' title='bbox 653 4384 759 4445; x_wconf 89' lang='lat' dir='ltr'><strong>usque</strong></span> <span class='ocrx_word' id='word_1_190' title='bbox 771 4368 812 4428; x_wconf 92' lang='lat' dir='ltr'><strong>ad</strong></span> <span class='ocrx_word' id='word_1_191' title='bbox 830 4368 868 4428; x_wconf 92' lang='lat' dir='ltr'><strong>li·</strong></span> 
     </span>
     <span class='ocr_line' id='line_1_41' title="bbox 84 4466 866 4544; baseline -0.005 -14"><span class='ocrx_word' id='word_1_192' title='bbox 84 4469 120 4530; x_wconf 89' lang='lat' dir='ltr'><strong>tis</strong></span> <span class='ocrx_word' id='word_1_193' title='bbox 143 4472 418 4533; x_wconf 78' lang='lat' dir='ltr'><strong>contestationem</strong></span> <span class='ocrx_word' id='word_1_194' title='bbox 444 4467 592 4544; x_wconf 88' lang='lat' dir='ltr'><strong>perduci,</strong></span> <span class='ocrx_word' id='word_1_195' title='bbox 625 4482 666 4528; x_wconf 89' lang='lat' dir='ltr'><strong>ne</strong></span> <span class='ocrx_word' id='word_1_196' title='bbox 691 4466 866 4526; x_wconf 79' lang='lat' dir='ltr'><strong>occasione</strong></span> 
     </span>
     <span class='ocr_line' id='line_1_42' title="bbox 83 4563 867 4645; baseline -0.004 -20"><span class='ocrx_word' id='word_1_197' title='bbox 83 4565 259 4641; x_wconf 76' lang='lat' dir='ltr'><strong>huiusmodi</strong></span> <span class='ocrx_word' id='word_1_198' title='bbox 271 4572 384 4645; x_wconf 85' lang='lat' dir='ltr'><strong>tepere</strong></span> <span class='ocrx_word' id='word_1_199' title='bbox 397 4567 487 4628; x_wconf 86' lang='lat' dir='ltr'><strong>circa</strong></span> <span class='ocrx_word' id='word_1_200' title='bbox 495 4563 762 4641; x_wconf 80' lang='lat' dir='ltr'><strong>prosecutionem</strong></span> <span class='ocrx_word' id='word_1_201' title='bbox 772 4563 867 4638; x_wconf 89' lang='lat' dir='ltr'><strong>priu-</strong></span> 
     </span>
     <span class='ocr_line' id='line_1_43' title="bbox 84 4659 866 4742; baseline -0.005 -20"><span class='ocrx_word' id='word_1_202' title='bbox 84 4663 187 4740; x_wconf 85' lang='lat' dir='ltr'><strong>cipalis</strong></span> <span class='ocrx_word' id='word_1_203' title='bbox 201 4666 328 4742; x_wconf 84' lang='lat' dir='ltr'><strong>negotii</strong></span> <span class='ocrx_word' id='word_1_204' title='bbox 350 4663 530 4739; x_wconf 87' lang='lat' dir='ltr'><strong>cogereris,</strong></span> <span class='ocrx_word' id='word_1_205' title='bbox 551 4662 699 4722; x_wconf 80' lang='lat' dir='ltr'><strong>eximere</strong></span> <span class='ocrx_word' id='word_1_206' title='bbox 713 4662 745 4721; x_wconf 89' lang='lat' dir='ltr'><strong>te</strong></span> <span class='ocrx_word' id='word_1_207' title='bbox 765 4659 866 4720; x_wconf 92' lang='lat' dir='ltr'><strong>velle·</strong></span> 
     </span>
     <span class='ocr_line' id='line_1_44' title="bbox 82 4757 865 4842; baseline -0.006 -20"><span class='ocrx_word' id='word_1_208' title='bbox 82 4776 162 4834; x_wconf 86' lang='lat' dir='ltr'><strong>mns;</strong></span> <span class='ocrx_word' id='word_1_209' title='bbox 176 4766 253 4842; x_wconf 87' lang='lat' dir='ltr'><strong>quia</strong></span> <span class='ocrx_word' id='word_1_210' title='bbox 272 4766 385 4824; x_wconf 74' lang='lat' dir='ltr'><strong>tantm</strong></span> <span class='ocrx_word' id='word_1_211' title='bbox 400 4763 513 4839; x_wconf 87' lang='lat' dir='ltr'><strong>partes</strong></span> <span class='ocrx_word' id='word_1_212' title='bbox 527 4760 562 4819; x_wconf 93' lang='lat' dir='ltr'><strong>in</strong></span> <span class='ocrx_word' id='word_1_213' title='bbox 579 4759 641 4820; x_wconf 89' lang='lat' dir='ltr'><strong>hoc</strong></span> <span class='ocrx_word' id='word_1_214' title='bbox 656 4758 697 4819; x_wconf 88' lang='lat' dir='ltr'><strong>ad</strong></span> <span class='ocrx_word' id='word_1_215' title='bbox 713 4757 865 4819; x_wconf 91' lang='lat' dir='ltr'><strong>ultimum</strong></span> 
     </span>
     <span class='ocr_line' id='line_1_45' title="bbox 83 4855 865 4931; baseline -0.006 -11"><span class='ocrx_word' id='word_1_216' title='bbox 83 4863 308 4931; x_wconf 78' lang='lat' dir='ltr'><strong>marcuerunt,</strong></span> <span class='ocrx_word' id='word_1_217' title='bbox 323 4861 360 4921; x_wconf 90' lang='lat' dir='ltr'><strong>ut</strong></span> <span class='ocrx_word' id='word_1_218' title='bbox 370 4875 428 4920; x_wconf 86' lang='lat' dir='ltr'><strong>eas</strong></span> <span class='ocrx_word' id='word_1_219' title='bbox 441 4857 482 4919; x_wconf 91' lang='lat' dir='ltr'><strong>ad</strong></span> <span class='ocrx_word' id='word_1_220' title='bbox 498 4859 530 4919; x_wconf 88' lang='lat' dir='ltr'><strong>te</strong></span> <span class='ocrx_word' id='word_1_221' title='bbox 543 4857 713 4919; x_wconf 83' lang='lat' dir='ltr'><strong>remittere</strong></span> <span class='ocrx_word' id='word_1_222' title='bbox 725 4855 865 4916; x_wconf 88' lang='lat' dir='ltr'><strong>debere·</strong></span> 
     </span>
     <span class='ocr_line' id='line_1_46' title="bbox 83 4953 864 5031; baseline -0.004 -15"><span class='ocrx_word' id='word_1_223' title='bbox 83 4971 156 5030; x_wconf 88' lang='lat' dir='ltr'><strong>mus,</strong></span> <span class='ocrx_word' id='word_1_224' title='bbox 171 4959 220 5019; x_wconf 90' lang='lat' dir='ltr'><strong>dis</strong></span> <span class='ocrx_word' id='word_1_225' title='bbox 230 4958 365 5022; x_wconf 86' lang='lat' dir='ltr'><strong>:rationi</strong></span> <span class='ocrx_word' id='word_1_226' title='bbox 378 4961 444 5018; x_wconf 87' lang='lat' dir='ltr'><strong>tuae</strong></span> <span class='ocrx_word' id='word_1_227' title='bbox 465 4971 524 5031; x_wconf 91' lang='lat' dir='ltr'><strong>per</strong></span> <span class='ocrx_word' id='word_1_228' title='bbox 536 4954 723 5031; x_wconf 84' lang='lat' dir='ltr'><strong>Apostolica</strong></span> <span class='ocrx_word' id='word_1_229' title='bbox 740 4953 864 5030; x_wconf 87' lang='lat' dir='ltr'><strong>scripta</strong></span> 
     </span>
     <span class='ocr_line' id='line_1_47' title="bbox 83 5049 865 5133; baseline -0.006 -19"><span class='ocrx_word' id='word_1_230' title='bbox 83 5057 275 5129; x_wconf 86' lang='lat' dir='ltr'><strong>mandamus,</strong></span> <span class='ocrx_word' id='word_1_231' title='bbox 303 5057 481 5133; x_wconf 88' lang='lat' dir='ltr'><strong>quatenus,</strong></span> <span class='ocrx_word' id='word_1_232' title='bbox 500 5049 693 5113; x_wconf 74' lang='lat' dir='ltr'><strong>‘securitate</strong></span> <span class='ocrx_word' id='word_1_233' title='bbox 723 5067 865 5127; x_wconf 79' lang='lat' dir='ltr'><strong>reginum</strong></span> 
     </span>
     <span class='ocr_line' id='line_1_48' title="bbox 10 5147 863 5240; baseline -0.004 -30"><span class='ocrx_word' id='word_1_234' title='bbox 10 5165 15 5176; x_wconf 95' lang='grc'><strong><em>·</em></strong></span> <span class='ocrx_word' id='word_1_235' title='bbox 84 5151 210 5240; x_wconf 76' lang='lat' dir='ltr'><strong>intrandi</strong></span> <span class='ocrx_word' id='word_1_236' title='bbox 225 5157 309 5218; x_wconf 85' lang='lat' dir='ltr'><strong>etin</strong></span> <span class='ocrx_word' id='word_1_237' title='bbox 323 5170 364 5215; x_wconf 92' lang='lat' dir='ltr'><strong>eo</strong></span> <span class='ocrx_word' id='word_1_238' title='bbox 379 5152 472 5212; x_wconf 87' lang='lat' dir='ltr'><strong>licite</strong></span> <span class='ocrx_word' id='word_1_239' title='bbox 487 5148 711 5210; x_wconf 86' lang='lat' dir='ltr'><strong>commorandi</strong></span> <span class='ocrx_word' id='word_1_240' title='bbox 726 5147 863 5224; x_wconf 74' lang='lat' dir='ltr'><strong>prealato</strong></span> 
     </span>
     <span class='ocr_line' id='line_1_49' title="bbox 85 5245 862 5330; baseline -0.009 -19"><span class='ocrx_word' id='word_1_241' title='bbox 85 5249 303 5330; x_wconf 75' lang='lat' dir='ltr'><strong>burdegalensi</strong></span> <span class='ocrx_word' id='word_1_242' title='bbox 322 5248 577 5325; x_wconf 89' lang='lat' dir='ltr'><strong>archiepiscopo</strong></span> <span class='ocrx_word' id='word_1_243' title='bbox 599 5245 806 5306; x_wconf 87' lang='lat' dir='ltr'><strong>acarissimo</strong></span> <span class='ocrx_word' id='word_1_244' title='bbox 828 5245 862 5304; x_wconf 92' lang='lat' dir='ltr'><strong>in</strong></span> 
     </span>
     <span class='ocr_line' id='line_1_50' title="bbox 85 5342 864 5419; baseline -0.006 -12"><span class='ocrx_word' id='word_1_245' title='bbox 85 5347 196 5412; x_wconf 74' lang='lat' dir='ltr'><strong>classo</strong></span> <span class='ocrx_word' id='word_1_246' title='bbox 220 5352 291 5412; x_wconf 82' lang='lat' dir='ltr'><strong>filio</strong></span> <span class='ocrx_word' id='word_1_247' title='bbox 317 5350 437 5410; x_wconf 82' lang='lat' dir='ltr'><strong>nostm</strong></span> <span class='ocrx_word' id='word_1_248' title='bbox 453 5347 490 5405; x_wconf 84' lang='lat' dir='ltr'><strong>L.</strong></span> <span class='ocrx_word' id='word_1_249' title='bbox 507 5358 585 5419; x_wconf 83' lang='lat' dir='ltr'><strong>rege</strong></span> <span class='ocrx_word' id='word_1_250' title='bbox 600 5346 806 5406; x_wconf 84' lang='lat' dir='ltr'><strong>Francorum</strong></span> <span class='ocrx_word' id='word_1_251' title='bbox 820 5342 864 5402; x_wconf 92' lang='lat' dir='ltr'><strong>il·</strong></span> 
     </span>
    </p>
   </div>
   <div class='ocr_carea' id='block_1_8' title="bbox 923 413 1769 1937">
    <p class='ocr_par' dir='ltr' id='par_1_11' title="bbox 923 413 1769 1937">
     <span class='ocr_line' id='line_1_51' title="bbox 925 413 1722 493; baseline 0.003 -15"><span class='ocrx_word' id='word_1_252' title='bbox 925 416 1023 479; x_wconf 84' lang='lat' dir='ltr'><strong>lustri</strong></span> <span class='ocrx_word' id='word_1_253' title='bbox 1038 414 1192 493; x_wconf 85' lang='lat' dir='ltr'><strong>primitua</strong></span> <span class='ocrx_word' id='word_1_254' title='bbox 1205 414 1394 493; x_wconf 87' lang='lat' dir='ltr'><strong>procurata,</strong></span> <span class='ocrx_word' id='word_1_255' title='bbox 1419 417 1454 479; x_wconf 90' lang='lat' dir='ltr'><strong>et</strong></span> <span class='ocrx_word' id='word_1_256' title='bbox 1469 413 1533 478; x_wconf 92' lang='lat' dir='ltr'><strong>slbi</strong></span> <span class='ocrx_word' id='word_1_257' title='bbox 1545 414 1646 479; x_wconf 88' lang='lat' dir='ltr'><strong>etiam</strong></span> <span class='ocrx_word' id='word_1_258' title='bbox 1660 431 1722 492; x_wconf 87' lang='lat' dir='ltr'><strong>per</strong></span> 
     </span>
     <span class='ocr_line' id='line_1_52' title="bbox 925 513 1720 592; baseline -0.001 -15"><span class='ocrx_word' id='word_1_259' title='bbox 925 515 1073 592; x_wconf 80' lang='lat' dir='ltr'><strong>ejusdem</strong></span> <span class='ocrx_word' id='word_1_260' title='bbox 1092 514 1182 590; x_wconf 84' lang='lat' dir='ltr'><strong>regis</strong></span> <span class='ocrx_word' id='word_1_261' title='bbox 1196 514 1325 577; x_wconf 88' lang='lat' dir='ltr'><strong>litteras</strong></span> <span class='ocrx_word' id='word_1_262' title='bbox 1346 513 1554 586; x_wconf 90' lang='lat' dir='ltr'><strong>demandata,</strong></span> <span class='ocrx_word' id='word_1_263' title='bbox 1570 514 1720 590; x_wconf 85' lang='lat' dir='ltr'><strong>partibus</strong></span> 
     </span>
     <span class='ocr_line' id='line_1_53' title="bbox 925 611 1719 689; baseline -0.001 -16"><span class='ocrx_word' id='word_1_264' title='bbox 925 612 966 675; x_wconf 87' lang='lat' dir='ltr'><strong>ad</strong></span> <span class='ocrx_word' id='word_1_265' title='bbox 994 611 1105 674; x_wconf 89' lang='lat' dir='ltr'><strong>locum</strong></span> <span class='ocrx_word' id='word_1_266' title='bbox 1131 612 1173 673; x_wconf 88' lang='lat' dir='ltr'><strong>ad</strong></span> <span class='ocrx_word' id='word_1_267' title='bbox 1189 628 1287 689; x_wconf 91' lang='lat' dir='ltr'><strong>quem</strong></span> <span class='ocrx_word' id='word_1_268' title='bbox 1307 627 1382 673; x_wconf 89' lang='lat' dir='ltr'><strong>cum</strong></span> <span class='ocrx_word' id='word_1_269' title='bbox 1397 612 1467 672; x_wconf 90' lang='lat' dir='ltr'><strong>suis</strong></span> <span class='ocrx_word' id='word_1_270' title='bbox 1484 612 1642 674; x_wconf 90' lang='lat' dir='ltr'><strong>accedere</strong></span> <span class='ocrx_word' id='word_1_271' title='bbox 1659 628 1719 672; x_wconf 88' lang='lat' dir='ltr'><strong>se·</strong></span> 
     </span>
     <span class='ocr_line' id='line_1_54' title="bbox 925 709 1722 781; baseline 0.003 -12"><span class='ocrx_word' id='word_1_272' title='bbox 925 726 1004 771; x_wconf 89' lang='lat' dir='ltr'><strong>cure</strong></span> <span class='ocrx_word' id='word_1_273' title='bbox 1019 711 1163 781; x_wconf 89' lang='lat' dir='ltr'><strong>valeant,</strong></span> <span class='ocrx_word' id='word_1_274' title='bbox 1178 710 1382 781; x_wconf 88' lang='lat' dir='ltr'><strong>convocatis,</strong></span> <span class='ocrx_word' id='word_1_275' title='bbox 1399 724 1456 771; x_wconf 88' lang='lat' dir='ltr'><strong>eas</strong></span> <span class='ocrx_word' id='word_1_276' title='bbox 1468 709 1511 771; x_wconf 92' lang='lat' dir='ltr'><strong>ad</strong></span> <span class='ocrx_word' id='word_1_277' title='bbox 1526 709 1617 770; x_wconf 90' lang='lat' dir='ltr'><strong>litem</strong></span> <span class='ocrx_word' id='word_1_278' title='bbox 1629 709 1722 771; x_wconf 90' lang='lat' dir='ltr'><strong>dum·</strong></span> 
     </span>
     <span class='ocr_line' id='line_1_55' title="bbox 924 806 1719 884; baseline -0.001 -16"><span class='ocrx_word' id='word_1_279' title='bbox 924 808 1019 869; x_wconf 87' lang='lat' dir='ltr'><strong>taxat</strong></span> <span class='ocrx_word' id='word_1_280' title='bbox 1034 807 1068 867; x_wconf 90' lang='lat' dir='ltr'><strong>in</strong></span> <span class='ocrx_word' id='word_1_281' title='bbox 1083 809 1138 869; x_wconf 91' lang='lat' dir='ltr'><strong>tua</strong></span> <span class='ocrx_word' id='word_1_282' title='bbox 1153 808 1332 884; x_wconf 83' lang='lat' dir='ltr'><strong>praesentia</strong></span> <span class='ocrx_word' id='word_1_283' title='bbox 1345 807 1417 868; x_wconf 89' lang='lat' dir='ltr'><strong>sine</strong></span> <span class='ocrx_word' id='word_1_284' title='bbox 1428 822 1530 868; x_wconf 90' lang='lat' dir='ltr'><strong>morae</strong></span> <span class='ocrx_word' id='word_1_285' title='bbox 1545 806 1719 882; x_wconf 90' lang='lat' dir='ltr'><strong>dispendio</strong></span> 
     </span>
     <span class='ocr_line' id='line_1_56' title="bbox 924 903 1719 979; baseline 0 -16"><span class='ocrx_word' id='word_1_286' title='bbox 924 903 1072 979; x_wconf 86' lang='lat' dir='ltr'><strong>legitime</strong></span> <span class='ocrx_word' id='word_1_287' title='bbox 1093 904 1353 975; x_wconf 85' lang='lat' dir='ltr'><strong>contestandam,</strong></span> <span class='ocrx_word' id='word_1_288' title='bbox 1370 904 1500 965; x_wconf 90' lang='lat' dir='ltr'><strong>sublato</strong></span> <span class='ocrx_word' id='word_1_289' title='bbox 1519 904 1719 979; x_wconf 88' lang='lat' dir='ltr'><strong>appellatio-</strong></span> 
     </span>
     <span class='ocr_line' id='line_1_57' title="bbox 924 1000 1719 1077; baseline 0 -16"><span class='ocrx_word' id='word_1_290' title='bbox 924 1002 978 1062; x_wconf 86' lang='lat' dir='ltr'><strong>nis</strong></span> <span class='ocrx_word' id='word_1_291' title='bbox 1013 1001 1195 1072; x_wconf 87' lang='lat' dir='ltr'><strong>obstaaulo,</strong></span> <span class='ocrx_word' id='word_1_292' title='bbox 1231 1016 1295 1077; x_wconf 88' lang='lat' dir='ltr'><strong>qua</strong></span> <span class='ocrx_word' id='word_1_293' title='bbox 1330 1002 1486 1063; x_wconf 89' lang='lat' dir='ltr'><strong>convenit</strong></span> <span class='ocrx_word' id='word_1_294' title='bbox 1512 1000 1719 1061; x_wconf 83' lang='lat' dir='ltr'><strong>districtione</strong></span> 
     </span>
     <span class='ocr_line' id='line_1_58' title="bbox 925 1097 1718 1175; baseline 0.001 -17"><span class='ocrx_word' id='word_1_295' title='bbox 925 1098 1121 1175; x_wconf 80' lang='lat' dir='ltr'><strong>compellas3</strong></span> <span class='ocrx_word' id='word_1_296' title='bbox 1147 1098 1364 1161; x_wconf 89' lang='lat' dir='ltr'><strong>nibilominus</strong></span> <span class='ocrx_word' id='word_1_297' title='bbox 1390 1099 1568 1173; x_wconf 77' lang='lat' dir='ltr'><strong>injungens</strong></span> <span class='ocrx_word' id='word_1_298' title='bbox 1594 1097 1718 1159; x_wconf 88' lang='lat' dir='ltr'><strong>eisdam</strong></span> 
     </span>
     <span class='ocr_line' id='line_1_59' title="bbox 925 1193 1718 1272; baseline -0.003 -15"><span class='ocrx_word' id='word_1_299' title='bbox 925 1197 961 1257; x_wconf 91' lang='lat' dir='ltr'><strong>ut</strong></span> <span class='ocrx_word' id='word_1_300' title='bbox 988 1195 1191 1259; x_wconf 88' lang='lat' dir='ltr'><strong>conveniant</strong></span> <span class='ocrx_word' id='word_1_301' title='bbox 1213 1197 1248 1255; x_wconf 91' lang='lat' dir='ltr'><strong>in</strong></span> <span class='ocrx_word' id='word_1_302' title='bbox 1272 1195 1386 1272; x_wconf 87' lang='lat' dir='ltr'><strong>aliquo</strong></span> <span class='ocrx_word' id='word_1_303' title='bbox 1412 1196 1469 1271; x_wconf 93' lang='lat' dir='ltr'><strong>qui</strong></span> <span class='ocrx_word' id='word_1_304' title='bbox 1495 1195 1537 1256; x_wconf 90' lang='lat' dir='ltr'><strong>de</strong></span> <span class='ocrx_word' id='word_1_305' title='bbox 1563 1193 1718 1255; x_wconf 88' lang='lat' dir='ltr'><strong>mandato</strong></span> 
     </span>
     <span class='ocr_line' id='line_1_60' title="bbox 924 1290 1769 1368; baseline -0.001 -16"><span class='ocrx_word' id='word_1_306' title='bbox 924 1292 992 1363; x_wconf 89' lang='lat' dir='ltr'><strong>tuo,</strong></span> <span class='ocrx_word' id='word_1_307' title='bbox 1014 1293 1211 1355; x_wconf 88' lang='lat' dir='ltr'><strong>auctoritate</strong></span> <span class='ocrx_word' id='word_1_308' title='bbox 1233 1294 1357 1364; x_wconf 75' lang='lat' dir='ltr'><strong>nosue,</strong></span> <span class='ocrx_word' id='word_1_309' title='bbox 1381 1292 1482 1354; x_wconf 87' lang='lat' dir='ltr'><strong>testes</strong></span> <span class='ocrx_word' id='word_1_310' title='bbox 1504 1307 1587 1368; x_wconf 90' lang='lat' dir='ltr'><strong>quos</strong></span> <span class='ocrx_word' id='word_1_311' title='bbox 1606 1290 1718 1367; x_wconf 82' lang='lat' dir='ltr'><strong>partes</strong></span> <span class='ocrx_word' id='word_1_312' title='bbox 1765 1330 1769 1339; x_wconf 84' lang='lat'>-</span> 
     </span>
     <span class='ocr_line' id='line_1_61' title="bbox 924 1388 1721 1466; baseline -0.003 -15"><span class='ocrx_word' id='word_1_313' title='bbox 924 1389 1082 1452; x_wconf 90' lang='lat' dir='ltr'><strong>duxerint</strong></span> <span class='ocrx_word' id='word_1_314' title='bbox 1097 1390 1325 1466; x_wconf 88' lang='lat' dir='ltr'><strong>producendos</strong></span> <span class='ocrx_word' id='word_1_315' title='bbox 1348 1389 1487 1465; x_wconf 90' lang='lat' dir='ltr'><strong>recipiat</strong></span> <span class='ocrx_word' id='word_1_316' title='bbox 1501 1390 1533 1449; x_wconf 89' lang='lat' dir='ltr'><strong>et</strong></span> <span class='ocrx_word' id='word_1_317' title='bbox 1551 1388 1721 1449; x_wconf 87' lang='lat' dir='ltr'><strong>examinet</strong></span> 
     </span>
     <span class='ocr_line' id='line_1_62' title="bbox 925 1484 1718 1562; baseline -0.004 -15"><span class='ocrx_word' id='word_1_318' title='bbox 925 1484 1111 1560; x_wconf 81' lang='lat' dir='ltr'><strong>diligenter,</strong></span> <span class='ocrx_word' id='word_1_319' title='bbox 1128 1502 1167 1547; x_wconf 87' lang='lat' dir='ltr'><strong>ac</strong></span> <span class='ocrx_word' id='word_1_320' title='bbox 1179 1486 1402 1562; x_wconf 89' lang='lat' dir='ltr'><strong>depositiones</strong></span> <span class='ocrx_word' id='word_1_321' title='bbox 1411 1500 1525 1547; x_wconf 85' lang='lat' dir='ltr'><strong>eorum</strong></span> <span class='ocrx_word' id='word_1_322' title='bbox 1536 1485 1571 1545; x_wconf 92' lang='lat' dir='ltr'><strong>in</strong></span> <span class='ocrx_word' id='word_1_323' title='bbox 1584 1484 1718 1559; x_wconf 89' lang='lat' dir='ltr'><strong>scriptis</strong></span> 
     </span>
     <span class='ocr_line' id='line_1_63' title="bbox 923 1581 1716 1658; baseline -0.003 -16"><span class='ocrx_word' id='word_1_324' title='bbox 923 1582 1075 1644; x_wconf 86' lang='lat' dir='ltr'><strong>redactas</strong></span> <span class='ocrx_word' id='word_1_325' title='bbox 1086 1583 1147 1644; x_wconf 90' lang='lat' dir='ltr'><strong>sub</strong></span> <span class='ocrx_word' id='word_1_326' title='bbox 1160 1584 1230 1643; x_wconf 90' lang='lat' dir='ltr'><strong>suis</strong></span> <span class='ocrx_word' id='word_1_327' title='bbox 1245 1583 1365 1657; x_wconf 81' lang='lat' dir='ltr'><strong>sigillis</strong></span> <span class='ocrx_word' id='word_1_328' title='bbox 1380 1582 1421 1642; x_wconf 91' lang='lat' dir='ltr'><strong>ad</strong></span> <span class='ocrx_word' id='word_1_329' title='bbox 1434 1581 1633 1658; x_wconf 78' lang='lat' dir='ltr'><strong>apostolieae</strong></span> <span class='ocrx_word' id='word_1_330' title='bbox 1650 1583 1716 1641; x_wconf 86' lang='lat' dir='ltr'><strong>Se·-</strong></span> 
     </span>
     <span class='ocr_line' id='line_1_64' title="bbox 925 1678 1720 1750; baseline 0.001 -12"><span class='ocrx_word' id='word_1_331' title='bbox 925 1678 976 1739; x_wconf 86' lang='lat' dir='ltr'><strong>dis</strong></span> <span class='ocrx_word' id='word_1_332' title='bbox 999 1680 1145 1742; x_wconf 87' lang='lat' dir='ltr'><strong>remittat</strong></span> <span class='ocrx_word' id='word_1_333' title='bbox 1168 1694 1319 1741; x_wconf 82' lang='lat' dir='ltr'><strong>examen.</strong></span> <span class='ocrx_word' id='word_1_334' title='bbox 1356 1679 1480 1750; x_wconf 88' lang='lat' dir='ltr'><strong>Testes,</strong></span> <span class='ocrx_word' id='word_1_335' title='bbox 1512 1680 1574 1740; x_wconf 84' lang='lat' dir='ltr'><strong>etc.</strong></span> <span class='ocrx_word' id='word_1_336' title='bbox 1600 1679 1720 1741; x_wconf 86' lang='lat' dir='ltr'><strong>Datum</strong></span> 
     </span>
     <span class='ocr_line' id='line_1_65' title="bbox 924 1773 1720 1854; baseline 0.003 -19"><span class='ocrx_word' id='word_1_337' title='bbox 924 1777 1094 1847; x_wconf 86' lang='lat' dir='ltr'><strong>Laterani,</strong></span> <span class='ocrx_word' id='word_1_338' title='bbox 1107 1780 1181 1839; x_wconf 84' lang='lat' dir='ltr'><strong>le</strong></span> <span class='ocrx_word' id='word_1_339' title='bbox 1196 1777 1357 1839; x_wconf 84' lang='lat' dir='ltr'><strong>kalendas</strong></span> <span class='ocrx_word' id='word_1_340' title='bbox 1365 1776 1466 1854; x_wconf 85' lang='lat' dir='ltr'><strong>junii,</strong></span> <span class='ocrx_word' id='word_1_341' title='bbox 1484 1791 1572 1839; x_wconf 86' lang='lat' dir='ltr'><strong>enno</strong></span> <span class='ocrx_word' id='word_1_342' title='bbox 1584 1773 1720 1852; x_wconf 83' lang='lat' dir='ltr'><strong>ponun-</strong></span> 
     </span>
     <span class='ocr_line' id='line_1_66' title="bbox 924 1874 1300 1937; baseline -0.003 -1"><span class='ocrx_word' id='word_1_343' title='bbox 924 1879 1018 1937; x_wconf 88' lang='lat' dir='ltr'><strong>catus</strong></span> <span class='ocrx_word' id='word_1_344' title='bbox 1033 1875 1138 1937; x_wconf 88' lang='lat' dir='ltr'><strong>nostri</strong></span> <span class='ocrx_word' id='word_1_345' title='bbox 1162 1874 1300 1937; x_wconf 88' lang='lat' dir='ltr'><strong>decimo.</strong></span> 
     </span>
    </p>
   </div>
   <div class='ocr_carea' id='block_1_9' title="bbox 1235 2150 1410 2237">
    <p class='ocr_par' dir='ltr' id='par_1_12' title="bbox 1235 2150 1410 2237">
     <span class='ocr_line' id='line_1_67' title="bbox 1235 2150 1410 2237; baseline 0 -1"><span class='ocrx_word' id='word_1_346' title='bbox 1235 2150 1410 2237; x_wconf 84' lang='lat' dir='ltr'>CXLVII</span> 
     </span>
    </p>
   </div>
   <div class='ocr_carea' id='block_1_10' title="bbox 923 2298 1718 2471">
    <p class='ocr_par' dir='ltr' id='par_1_13' title="bbox 923 2298 1718 2471">
     <span class='ocr_line' id='line_1_68' title="bbox 923 2298 1718 2374; baseline -0.004 -13"><span class='ocrx_word' id='word_1_347' title='bbox 923 2303 975 2361; x_wconf 73' lang='lat' dir='ltr'><strong>Aet</strong></span> <span class='ocrx_word' id='word_1_348' title='bbox 990 2302 1232 2374; x_wconf 69' lang='lat' dir='ltr'><strong>palmae-cnam</strong></span> <span class='ocrx_word' id='word_1_349' title='bbox 1253 2304 1465 2362; x_wconf 64' lang='lat' dir='ltr'><strong>(tranensem</strong></span> <span class='ocrx_word' id='word_1_350' title='bbox 1479 2299 1513 2361; x_wconf 83' lang='lat' dir='ltr'><strong>ei</strong></span> <span class='ocrx_word' id='word_1_351' title='bbox 1530 2298 1718 2372; x_wconf 78' lang='lat' dir='ltr'><strong>capitulum</strong></span> 
     </span>
     <span class='ocr_line' id='line_1_69' title="bbox 1204 2398 1444 2471; baseline -0.017 -11"><span class='ocrx_word' id='word_1_352' title='bbox 1204 2398 1444 2471; x_wconf 73' lang='lat' dir='ltr'><strong>cantationem.</strong></span> 
     </span>
    </p>
   </div>
   <div class='ocr_carea' id='block_1_11' title="bbox 1110 2535 1531 2732">
    <p class='ocr_par' dir='ltr' id='par_1_14' title="bbox 1110 2535 1531 2732">
     <span class='ocr_line' id='line_1_70' title="bbox 1217 2535 1429 2595; baseline -0.019 0"><span class='ocrx_word' id='word_1_353' title='bbox 1217 2536 1254 2595; x_wconf 77' lang='lat'><strong>20</strong></span> <span class='ocrx_word' id='word_1_354' title='bbox 1266 2536 1335 2593; x_wconf 79' lang='lat' dir='ltr'><strong>ninii</strong></span> <span class='ocrx_word' id='word_1_355' title='bbox 1350 2535 1429 2593; x_wconf 75' lang='lat' dir='ltr'><strong>liin.</strong></span> 
     </span>
     <span class='ocr_line' id='line_1_71' title="bbox 1110 2667 1531 2732; baseline -0.002 -13"><span class='ocrx_word' id='word_1_356' title='bbox 1110 2668 1227 2732; x_wconf 70' lang='lat' dir='ltr'><strong>[Ughebli</strong></span> <span class='ocrx_word' id='word_1_357' title='bbox 1243 2668 1299 2719; x_wconf 85' lang='lat' dir='ltr'><strong>ital.</strong></span> <span class='ocrx_word' id='word_1_358' title='bbox 1310 2682 1390 2727; x_wconf 86' lang='lat' dir='ltr'><strong>sacra,</strong></span> <span class='ocrx_word' id='word_1_359' title='bbox 1404 2669 1435 2726; x_wconf 83' lang='lat' dir='ltr'><strong>v,</strong></span> <span class='ocrx_word' id='word_1_360' title='bbox 1450 2667 1531 2731; x_wconf 74' lang='lat' dir='ltr'><strong>laea]</strong></span> 
     </span>
    </p>
   </div>
   <div class='ocr_carea' id='block_1_12' title="bbox 924 2789 1715 2952">
    <p class='ocr_par' dir='ltr' id='par_1_15' title="bbox 924 2789 1715 2952">
     <span class='ocr_line' id='line_1_72' title="bbox 924 2789 1715 2863; baseline -0.004 -14"><span class='ocrx_word' id='word_1_361' title='bbox 924 2790 1040 2849; x_wconf 85' lang='lat' dir='ltr'><strong>Mandat</strong></span> <span class='ocrx_word' id='word_1_362' title='bbox 1053 2800 1083 2848; x_wconf 90' lang='lat' dir='ltr'><strong>ut</strong></span> <span class='ocrx_word' id='word_1_363' title='bbox 1100 2792 1190 2848; x_wconf 90' lang='lat' dir='ltr'><strong>vocati</strong></span> <span class='ocrx_word' id='word_1_364' title='bbox 1206 2791 1242 2848; x_wconf 89' lang='lat' dir='ltr'><strong>ad</strong></span> <span class='ocrx_word' id='word_1_365' title='bbox 1254 2792 1390 2863; x_wconf 85' lang='lat' dir='ltr'><strong>exequias</strong></span> <span class='ocrx_word' id='word_1_366' title='bbox 1403 2790 1540 2848; x_wconf 89' lang='lat' dir='ltr'><strong>accedant</strong></span> <span class='ocrx_word' id='word_1_367' title='bbox 1552 2789 1588 2847; x_wconf 86' lang='lat' dir='ltr'><strong>ad</strong></span> <span class='ocrx_word' id='word_1_368' title='bbox 1602 2804 1715 2847; x_wconf 87' lang='lat' dir='ltr'><strong>monae·</strong></span> 
     </span>
     <span class='ocr_line' id='line_1_73' title="bbox 951 2880 1683 2952; baseline 0.001 -18"><span class='ocrx_word' id='word_1_369' title='bbox 951 2880 1052 2936; x_wconf 89' lang='lat' dir='ltr'><strong>terium</strong></span> <span class='ocrx_word' id='word_1_370' title='bbox 1068 2880 1096 2937; x_wconf 86' lang='lat' dir='ltr'><strong>S.</strong></span> <span class='ocrx_word' id='word_1_371' title='bbox 1108 2880 1224 2952; x_wconf 85' lang='lat' dir='ltr'><strong>Georgii</strong></span> <span class='ocrx_word' id='word_1_372' title='bbox 1239 2888 1267 2936; x_wconf 87' lang='lat' dir='ltr'><strong>et</strong></span> <span class='ocrx_word' id='word_1_373' title='bbox 1280 2881 1342 2937; x_wconf 88' lang='lat' dir='ltr'><strong>aliis</strong></span> <span class='ocrx_word' id='word_1_374' title='bbox 1358 2880 1495 2937; x_wconf 87' lang='lat' dir='ltr'><strong>accedere</strong></span> <span class='ocrx_word' id='word_1_375' title='bbox 1510 2880 1683 2952; x_wconf 88' lang='lat' dir='ltr'><strong>permittant.</strong></span> 
     </span>
    </p>
   </div>
   <div class='ocr_carea' id='block_1_13' title="bbox 917 3015 1727 5418">
    <p class='ocr_par' dir='ltr' id='par_1_16' title="bbox 922 3015 1727 3383">
     <span class='ocr_line' id='line_1_74' title="bbox 962 3015 1713 3095; baseline -0.001 -19"><span class='ocrx_word' id='word_1_376' title='bbox 962 3015 1324 3095; x_wconf 86' lang='lat' dir='ltr'><strong>Honoriusepiscopus,</strong></span> <span class='ocrx_word' id='word_1_377' title='bbox 1335 3031 1452 3076; x_wconf 92' lang='lat' dir='ltr'><strong>servus</strong></span> <span class='ocrx_word' id='word_1_378' title='bbox 1462 3015 1713 3087; x_wconf 88' lang='lat' dir='ltr'><strong>servorumDei,</strong></span> 
     </span>
     <span class='ocr_line' id='line_1_75' title="bbox 923 3103 1727 3190; baseline -0.002 -15"><span class='ocrx_word' id='word_1_379' title='bbox 923 3112 1107 3175; x_wconf 85' lang='lat' dir='ltr'><strong>venerabili</strong></span> <span class='ocrx_word' id='word_1_380' title='bbox 1128 3113 1224 3174; x_wconf 84' lang='lat' dir='ltr'><strong>fratri</strong></span> <span class='ocrx_word' id='word_1_381' title='bbox 1253 3113 1452 3190; x_wconf 87' lang='lat' dir='ltr'><strong>patriarchae</strong></span> <span class='ocrx_word' id='word_1_382' title='bbox 1485 3112 1658 3184; x_wconf 81' lang='lat' dir='ltr'><strong>Gradensi,</strong></span> <span class='ocrx_word' id='word_1_383' title='bbox 1683 3103 1727 3175; x_wconf 85' lang='lat' dir='ltr'><strong>et‘</strong></span> 
     </span>
     <span class='ocr_line' id='line_1_76' title="bbox 923 3209 1714 3287; baseline 0 -19"><span class='ocrx_word' id='word_1_384' title='bbox 923 3210 1053 3272; x_wconf 88' lang='lat' dir='ltr'><strong>dilectis</strong></span> <span class='ocrx_word' id='word_1_385' title='bbox 1077 3210 1158 3270; x_wconf 84' lang='lat' dir='ltr'><strong>filiis</strong></span> <span class='ocrx_word' id='word_1_386' title='bbox 1178 3210 1323 3287; x_wconf 86' lang='lat' dir='ltr'><strong>capitulo</strong></span> <span class='ocrx_word' id='word_1_387' title='bbox 1347 3209 1547 3281; x_wconf 82' lang='lat' dir='ltr'><strong>castellane,</strong></span> <span class='ocrx_word' id='word_1_388' title='bbox 1573 3209 1714 3274; x_wconf 87' lang='lat' dir='ltr'><strong>salutem</strong></span> 
     </span>
     <span class='ocr_line' id='line_1_77' title="bbox 922 3306 1494 3383; baseline 0 -15"><span class='ocrx_word' id='word_1_389' title='bbox 922 3309 956 3368; x_wconf 90' lang='lat' dir='ltr'><strong>et</strong></span> <span class='ocrx_word' id='word_1_390' title='bbox 975 3307 1199 3383; x_wconf 87' lang='lat' dir='ltr'><strong>Apostolicam</strong></span> <span class='ocrx_word' id='word_1_391' title='bbox 1220 3306 1494 3370; x_wconf 89' lang='lat' dir='ltr'><strong>benedictionem.</strong></span> 
     </span>
    </p>

    <p class='ocr_par' dir='ltr' id='par_1_17' title="bbox 917 3404 1717 5418">
     <span class='ocr_line' id='line_1_78' title="bbox 960 3404 1716 3480; baseline 0 -15"><span class='ocrx_word' id='word_1_392' title='bbox 960 3404 1096 3466; x_wconf 88' lang='lat' dir='ltr'><strong>Debetis</strong></span> <span class='ocrx_word' id='word_1_393' title='bbox 1130 3404 1204 3466; x_wconf 87' lang='lat' dir='ltr'><strong>loca</strong></span> <span class='ocrx_word' id='word_1_394' title='bbox 1234 3405 1393 3480; x_wconf 83' lang='lat' dir='ltr'><strong>religiosa</strong></span> <span class='ocrx_word' id='word_1_395' title='bbox 1423 3406 1572 3480; x_wconf 83' lang='lat' dir='ltr'><strong>diligere,</strong></span> <span class='ocrx_word' id='word_1_396' title='bbox 1609 3404 1643 3465; x_wconf 91' lang='lat' dir='ltr'><strong>et</strong></span> <span class='ocrx_word' id='word_1_397' title='bbox 1676 3419 1716 3465; x_wconf 88' lang='lat' dir='ltr'><strong>ea</strong></span> 
     </span>
     <span class='ocr_line' id='line_1_79' title="bbox 922 3501 1717 3577; baseline 0.001 -17"><span class='ocrx_word' id='word_1_398' title='bbox 922 3502 1078 3573; x_wconf 86' lang='lat' dir='ltr'><strong>maxime,</strong></span> <span class='ocrx_word' id='word_1_399' title='bbox 1091 3517 1163 3577; x_wconf 82' lang='lat' dir='ltr'><strong>quae</strong></span> <span class='ocrx_word' id='word_1_400' title='bbox 1183 3501 1223 3561; x_wconf 89' lang='lat' dir='ltr'><strong>ad</strong></span> <span class='ocrx_word' id='word_1_401' title='bbox 1241 3504 1424 3562; x_wconf 88' lang='lat' dir='ltr'><strong>Romanam</strong></span> <span class='ocrx_word' id='word_1_402' title='bbox 1445 3502 1627 3562; x_wconf 81' lang='lat' dir='ltr'><strong>Ecclesiam</strong></span> <span class='ocrx_word' id='word_1_403' title='bbox 1642 3516 1717 3561; x_wconf 88' lang='lat' dir='ltr'><strong>nns-</strong></span> 
     </span>
     <span class='ocr_line' id='line_1_80' title="bbox 922 3598 1713 3676; baseline 0.003 -18"><span class='ocrx_word' id='word_1_404' title='bbox 922 3601 1041 3660; x_wconf 89' lang='lat' dir='ltr'><strong>cuntur</strong></span> <span class='ocrx_word' id='word_1_405' title='bbox 1069 3598 1259 3675; x_wconf 88' lang='lat' dir='ltr'><strong>specialiter</strong></span> <span class='ocrx_word' id='word_1_406' title='bbox 1285 3600 1462 3676; x_wconf 88' lang='lat' dir='ltr'><strong>pertinere.</strong></span> <span class='ocrx_word' id='word_1_407' title='bbox 1497 3601 1713 3674; x_wconf 78' lang='lat' dir='ltr'><strong>conqueren-</strong></span> 
     </span>
     <span class='ocr_line' id='line_1_81' title="bbox 921 3695 1716 3767; baseline 0 -12"><span class='ocrx_word' id='word_1_408' title='bbox 921 3696 1011 3756; x_wconf 88' lang='lat' dir='ltr'><strong>tibus</strong></span> <span class='ocrx_word' id='word_1_409' title='bbox 1026 3711 1107 3756; x_wconf 88' lang='lat' dir='ltr'><strong>sane</strong></span> <span class='ocrx_word' id='word_1_410' title='bbox 1120 3695 1249 3756; x_wconf 90' lang='lat' dir='ltr'><strong>dilectis</strong></span> <span class='ocrx_word' id='word_1_411' title='bbox 1265 3696 1343 3755; x_wconf 88' lang='lat' dir='ltr'><strong>liliis</strong></span> <span class='ocrx_word' id='word_1_412' title='bbox 1359 3695 1487 3767; x_wconf 86' lang='lat' dir='ltr'><strong>abbate,</strong></span> <span class='ocrx_word' id='word_1_413' title='bbox 1502 3698 1535 3757; x_wconf 88' lang='lat' dir='ltr'><strong>et</strong></span> <span class='ocrx_word' id='word_1_414' title='bbox 1550 3696 1716 3756; x_wconf 88' lang='lat' dir='ltr'><strong>conventu</strong></span> 
     </span>
     <span class='ocr_line' id='line_1_82' title="bbox 921 3789 1712 3866; baseline -0.004 -16"><span class='ocrx_word' id='word_1_415' title='bbox 921 3790 1116 3851; x_wconf 87' lang='lat' dir='ltr'><strong>monasterii</strong></span> <span class='ocrx_word' id='word_1_416' title='bbox 1132 3792 1166 3849; x_wconf 83' lang='lat' dir='ltr'><strong>S.</strong></span> <span class='ocrx_word' id='word_1_417' title='bbox 1187 3790 1320 3866; x_wconf 88' lang='lat' dir='ltr'><strong>Georgii</strong></span> <span class='ocrx_word' id='word_1_418' title='bbox 1342 3790 1479 3866; x_wconf 90' lang='lat' dir='ltr'><strong>majoris</strong></span> <span class='ocrx_word' id='word_1_419' title='bbox 1496 3790 1537 3851; x_wconf 92' lang='lat' dir='ltr'><strong>de</strong></span> <span class='ocrx_word' id='word_1_420' title='bbox 1551 3789 1712 3861; x_wconf 71' lang='lat' dir='ltr'><strong>venetiis</strong></span> 
     </span>
     <span class='ocr_line' id='line_1_83' title="bbox 921 3886 1712 3964; baseline 0.001 -18"><span class='ocrx_word' id='word_1_421' title='bbox 921 3886 1017 3948; x_wconf 90' lang='lat' dir='ltr'><strong>nobis</strong></span> <span class='ocrx_word' id='word_1_422' title='bbox 1040 3886 1203 3958; x_wconf 88' lang='lat' dir='ltr'><strong>innotuit,</strong></span> <span class='ocrx_word' id='word_1_423' title='bbox 1234 3887 1319 3963; x_wconf 90' lang='lat' dir='ltr'><strong>quod</strong></span> <span class='ocrx_word' id='word_1_424' title='bbox 1349 3903 1424 3948; x_wconf 86' lang='lat' dir='ltr'><strong>cum</strong></span> <span class='ocrx_word' id='word_1_425' title='bbox 1452 3903 1511 3948; x_wconf 88' lang='lat' dir='ltr'><strong>vos</strong></span> <span class='ocrx_word' id='word_1_426' title='bbox 1538 3903 1642 3964; x_wconf 91' lang='lat' dir='ltr'><strong>usque</strong></span> <span class='ocrx_word' id='word_1_427' title='bbox 1671 3886 1712 3947; x_wconf 91' lang='lat' dir='ltr'><strong>ad</strong></span> 
     </span>
     <span class='ocr_line' id='line_1_84' title="bbox 921 3984 1714 4061; baseline -0.001 -18"><span class='ocrx_word' id='word_1_428' title='bbox 921 3984 1071 4058; x_wconf 89' lang='lat' dir='ltr'><strong>tempus,</strong></span> <span class='ocrx_word' id='word_1_429' title='bbox 1102 4000 1166 4060; x_wconf 93' lang='lat' dir='ltr'><strong>quo</strong></span> <span class='ocrx_word' id='word_1_430' title='bbox 1195 3984 1399 4045; x_wconf 89' lang='lat' dir='ltr'><strong>declaratum</strong></span> <span class='ocrx_word' id='word_1_431' title='bbox 1434 3984 1496 4045; x_wconf 88' lang='lat' dir='ltr'><strong>luit</strong></span> <span class='ocrx_word' id='word_1_432' title='bbox 1520 3984 1714 4061; x_wconf 88' lang='lat' dir='ltr'><strong>praedictum</strong></span> 
     </span>
     <span class='ocr_line' id='line_1_85' title="bbox 921 4080 1715 4144; baseline 0.001 -5"><span class='ocrx_word' id='word_1_433' title='bbox 921 4081 1159 4141; x_wconf 87' lang='lat' dir='ltr'><strong>monasterium</strong></span> <span class='ocrx_word' id='word_1_434' title='bbox 1174 4082 1331 4144; x_wconf 78' lang='lat' dir='ltr'><strong>Ecclesiae</strong></span> <span class='ocrx_word' id='word_1_435' title='bbox 1352 4084 1510 4144; x_wconf 86' lang='lat' dir='ltr'><strong>Romanae</strong></span> <span class='ocrx_word' id='word_1_436' title='bbox 1524 4080 1715 4142; x_wconf 90' lang='lat' dir='ltr'><strong>immediate</strong></span> 
     </span>
     <span class='ocr_line' id='line_1_86' title="bbox 921 4176 1715 4253; baseline 0 -17"><span class='ocrx_word' id='word_1_437' title='bbox 921 4177 992 4238; x_wconf 90' lang='lat' dir='ltr'><strong>lore</strong></span> <span class='ocrx_word' id='word_1_438' title='bbox 1005 4176 1198 4253; x_wconf 87' lang='lat' dir='ltr'><strong>subjectum,</strong></span> <span class='ocrx_word' id='word_1_439' title='bbox 1214 4179 1454 4241; x_wconf 86' lang='lat' dir='ltr'><strong>consueveritis</strong></span> <span class='ocrx_word' id='word_1_440' title='bbox 1465 4179 1506 4239; x_wconf 91' lang='lat' dir='ltr'><strong>ad</strong></span> <span class='ocrx_word' id='word_1_441' title='bbox 1521 4177 1602 4237; x_wconf 90' lang='lat' dir='ltr'><strong>illud</strong></span> <span class='ocrx_word' id='word_1_442' title='bbox 1616 4192 1715 4236; x_wconf 90' lang='lat' dir='ltr'><strong>acca-</strong></span> 
     </span>
     <span class='ocr_line' id='line_1_87' title="bbox 921 4272 1713 4353; baseline -0.001 -19"><span class='ocrx_word' id='word_1_443' title='bbox 921 4274 1051 4346; x_wconf 89' lang='lat' dir='ltr'><strong>cedere,</strong></span> <span class='ocrx_word' id='word_1_444' title='bbox 1077 4275 1118 4335; x_wconf 91' lang='lat' dir='ltr'><strong>ad</strong></span> <span class='ocrx_word' id='word_1_445' title='bbox 1142 4275 1319 4353; x_wconf 75' lang='lat' dir='ltr'><strong>exsequias</strong></span> <span class='ocrx_word' id='word_1_446' title='bbox 1341 4276 1552 4337; x_wconf 89' lang='lat' dir='ltr'><strong>morientium</strong></span> <span class='ocrx_word' id='word_1_447' title='bbox 1580 4272 1713 4334; x_wconf 90' lang='lat' dir='ltr'><strong>invitati</strong></span> 
     </span>
     <span class='ocr_line' id='line_1_88' title="bbox 921 4370 1714 4448; baseline -0.004 -16"><span class='ocrx_word' id='word_1_448' title='bbox 921 4371 1127 4448; x_wconf 90' lang='lat' dir='ltr'><strong>postmodum</strong></span> <span class='ocrx_word' id='word_1_449' title='bbox 1154 4373 1250 4448; x_wconf 88' lang='lat' dir='ltr'><strong>quasi</strong></span> <span class='ocrx_word' id='word_1_450' title='bbox 1281 4388 1324 4432; x_wconf 88' lang='lat' dir='ltr'><strong>ex</strong></span> <span class='ocrx_word' id='word_1_451' title='bbox 1347 4372 1570 4432; x_wconf 86' lang='lat' dir='ltr'><strong>declaratione</strong></span> <span class='ocrx_word' id='word_1_452' title='bbox 1595 4370 1714 4447; x_wconf 84' lang='lat' dir='ltr'><strong>hujus-</strong></span> 
     </span>
     <span class='ocr_line' id='line_1_89' title="bbox 921 4468 1710 4546; baseline -0.001 -17"><span class='ocrx_word' id='word_1_453' title='bbox 921 4469 1009 4529; x_wconf 92' lang='lat' dir='ltr'><strong>modi</strong></span> <span class='ocrx_word' id='word_1_454' title='bbox 1023 4484 1197 4530; x_wconf 90' lang='lat' dir='ltr'><strong>rancorem</strong></span> <span class='ocrx_word' id='word_1_455' title='bbox 1222 4469 1439 4546; x_wconf 87' lang='lat' dir='ltr'><strong>conceperitis</strong></span> <span class='ocrx_word' id='word_1_456' title='bbox 1461 4485 1539 4544; x_wconf 86' lang='lat' dir='ltr'><strong>erga</strong></span> <span class='ocrx_word' id='word_1_457' title='bbox 1562 4484 1629 4539; x_wconf 89' lang='lat' dir='ltr'><strong>eos,</strong></span> <span class='ocrx_word' id='word_1_458' title='bbox 1655 4468 1710 4529; x_wconf 91' lang='lat' dir='ltr'><strong>vi-</strong></span> 
     </span>
     <span class='ocr_line' id='line_1_90' title="bbox 920 4552 1713 4642; baseline 0 -16"><span class='ocrx_word' id='word_1_459' title='bbox 920 4566 1041 4628; x_wconf 86' lang='lat' dir='ltr'><strong>delicet</strong></span> <span class='ocrx_word' id='word_1_460' title='bbox 1064 4552 1239 4642; x_wconf 76' lang='lat' dir='ltr'><strong>praelaium</strong></span> <span class='ocrx_word' id='word_1_461' title='bbox 1262 4567 1500 4629; x_wconf 88' lang='lat' dir='ltr'><strong>monasterium</strong></span> <span class='ocrx_word' id='word_1_462' title='bbox 1536 4565 1713 4628; x_wconf 89' lang='lat' dir='ltr'><strong>deterioris</strong></span> 
     </span>
     <span class='ocr_line' id='line_1_91' title="bbox 920 4664 1713 4742; baseline 0.001 -18"><span class='ocrx_word' id='word_1_463' title='bbox 920 4664 1120 4724; x_wconf 89' lang='lat' dir='ltr'><strong>conditionis</strong></span> <span class='ocrx_word' id='word_1_464' title='bbox 1145 4680 1218 4724; x_wconf 89' lang='lat' dir='ltr'><strong>esse</strong></span> <span class='ocrx_word' id='word_1_465' title='bbox 1243 4664 1372 4735; x_wconf 89' lang='lat' dir='ltr'><strong>debeat,</strong></span> <span class='ocrx_word' id='word_1_466' title='bbox 1393 4680 1452 4742; x_wconf 91' lang='lat' dir='ltr'><strong>pro</strong></span> <span class='ocrx_word' id='word_1_467' title='bbox 1476 4681 1527 4734; x_wconf 92' lang='lat' dir='ltr'><strong>eo,</strong></span> <span class='ocrx_word' id='word_1_468' title='bbox 1553 4664 1640 4741; x_wconf 90' lang='lat' dir='ltr'><strong>qnod</strong></span> <span class='ocrx_word' id='word_1_469' title='bbox 1662 4665 1713 4725; x_wconf 91' lang='lat' dir='ltr'><strong>est</strong></span> 
     </span>
     <span class='ocr_line' id='line_1_92' title="bbox 921 4761 1712 4839; baseline 0 -18"><span class='ocrx_word' id='word_1_470' title='bbox 921 4761 1229 4838; x_wconf 72' lang='lat' dir='ltr'><strong>sedisapostolicae</strong></span> <span class='ocrx_word' id='word_1_471' title='bbox 1252 4762 1408 4838; x_wconf 90' lang='lat' dir='ltr'><strong>speciale,</strong></span> <span class='ocrx_word' id='word_1_472' title='bbox 1424 4777 1530 4839; x_wconf 89' lang='lat' dir='ltr'><strong>neque</strong></span> <span class='ocrx_word' id='word_1_473' title='bbox 1549 4778 1609 4823; x_wconf 85' lang='lat' dir='ltr'><strong>vos</strong></span> <span class='ocrx_word' id='word_1_474' title='bbox 1631 4761 1712 4822; x_wconf 92' lang='lat' dir='ltr'><strong>illuc</strong></span> 
     </span>
     <span class='ocr_line' id='line_1_93' title="bbox 920 4856 1711 4932; baseline 0.001 -17"><span class='ocrx_word' id='word_1_475' title='bbox 920 4871 981 4932; x_wconf 87' lang='lat' dir='ltr'><strong>pro</strong></span> <span class='ocrx_word' id='word_1_476' title='bbox 1008 4857 1177 4932; x_wconf 87' lang='lat' dir='ltr'><strong>exsequiis</strong></span> <span class='ocrx_word' id='word_1_477' title='bbox 1204 4856 1434 4920; x_wconf 81' lang='lat' dir='ltr'><strong>detunctorum</strong></span> <span class='ocrx_word' id='word_1_478' title='bbox 1454 4858 1624 4928; x_wconf 63' lang='lat' dir='ltr'><strong>acceditis</strong></span> <span class='ocrx_word' id='word_1_479' title='bbox 1649 4872 1711 4916; x_wconf 88' lang='lat' dir='ltr'><strong>nec</strong></span> 
     </span>
     <span class='ocr_line' id='line_1_94' title="bbox 918 4953 1709 5015; baseline 0 -2"><span class='ocrx_word' id='word_1_480' title='bbox 918 4953 968 5014; x_wconf 88' lang='lat' dir='ltr'><strong>ire</strong></span> <span class='ocrx_word' id='word_1_481' title='bbox 992 4953 1079 5013; x_wconf 92' lang='lat' dir='ltr'><strong>alios</strong></span> <span class='ocrx_word' id='word_1_482' title='bbox 1106 4953 1280 5015; x_wconf 89' lang='lat' dir='ltr'><strong>sustinetis</strong></span> <span class='ocrx_word' id='word_1_483' title='bbox 1301 4954 1416 5014; x_wconf 91' lang='lat' dir='ltr'><strong>contra</strong></span> <span class='ocrx_word' id='word_1_484' title='bbox 1437 4954 1709 5015; x_wconf 90' lang='lat' dir='ltr'><strong>consuetudinem</strong></span> 
     </span>
     <span class='ocr_line' id='line_1_95' title="bbox 919 5050 1709 5127; baseline -0.001 -16"><span class='ocrx_word' id='word_1_485' title='bbox 919 5050 1112 5127; x_wconf 89' lang='lat' dir='ltr'><strong>antiquam,</strong></span> <span class='ocrx_word' id='word_1_486' title='bbox 1137 5051 1170 5111; x_wconf 90' lang='lat' dir='ltr'><strong>et</strong></span> <span class='ocrx_word' id='word_1_487' title='bbox 1191 5050 1401 5113; x_wconf 81' lang='lat' dir='ltr'><strong>observatam</strong></span> <span class='ocrx_word' id='word_1_488' title='bbox 1429 5052 1614 5122; x_wconf 88' lang='lat' dir='ltr'><strong>hactenus,</strong></span> <span class='ocrx_word' id='word_1_489' title='bbox 1650 5066 1709 5125; x_wconf 91' lang='lat' dir='ltr'><strong>pro</strong></span> 
     </span>
     <span class='ocr_line' id='line_1_96' title="bbox 917 5146 1708 5210; baseline -0.005 -2"><span class='ocrx_word' id='word_1_490' title='bbox 917 5150 1028 5208; x_wconf 91' lang='lat' dir='ltr'><strong>vestro</strong></span> <span class='ocrx_word' id='word_1_491' title='bbox 1053 5146 1192 5208; x_wconf 89' lang='lat' dir='ltr'><strong>arbitrio</strong></span> <span class='ocrx_word' id='word_1_492' title='bbox 1216 5148 1380 5209; x_wconf 91' lang='lat' dir='ltr'><strong>veniendo</strong></span> <span class='ocrx_word' id='word_1_493' title='bbox 1405 5149 1440 5209; x_wconf 90' lang='lat' dir='ltr'><strong>in</strong></span> <span class='ocrx_word' id='word_1_494' title='bbox 1464 5165 1530 5210; x_wconf 91' lang='lat' dir='ltr'><strong>non</strong></span> <span class='ocrx_word' id='word_1_495' title='bbox 1546 5146 1708 5207; x_wconf 89' lang='lat' dir='ltr'><strong>modicam</strong></span> 
     </span>
     <span class='ocr_line' id='line_1_97' title="bbox 919 5244 1709 5322; baseline 0.003 -18"><span class='ocrx_word' id='word_1_496' title='bbox 919 5245 1088 5322; x_wconf 90' lang='lat' dir='ltr'><strong>injuriam,</strong></span> <span class='ocrx_word' id='word_1_497' title='bbox 1106 5246 1139 5305; x_wconf 90' lang='lat' dir='ltr'><strong>et</strong></span> <span class='ocrx_word' id='word_1_498' title='bbox 1156 5261 1259 5320; x_wconf 87' lang='lat' dir='ltr'><strong>grava</strong></span> <span class='ocrx_word' id='word_1_499' title='bbox 1281 5246 1490 5322; x_wconf 83' lang='lat' dir='ltr'><strong>dispendium</strong></span> <span class='ocrx_word' id='word_1_500' title='bbox 1515 5244 1709 5306; x_wconf 88' lang='lat' dir='ltr'><strong>monasterii</strong></span> 
     </span>
     <span class='ocr_line' id='line_1_98' title="bbox 917 5333 1711 5418; baseline 0.003 -16"><span class='ocrx_word' id='word_1_501' title='bbox 917 5333 1103 5403; x_wconf 85' lang='lat' dir='ltr'><strong>memorati.</strong></span> <span class='ocrx_word' id='word_1_502' title='bbox 1117 5345 1197 5402; x_wconf 82' lang='lat' dir='ltr'><strong>Cum</strong></span> <span class='ocrx_word' id='word_1_503' title='bbox 1208 5344 1317 5404; x_wconf 90' lang='lat' dir='ltr'><strong>autem</strong></span> <span class='ocrx_word' id='word_1_504' title='bbox 1333 5345 1447 5404; x_wconf 88' lang='lat' dir='ltr'><strong>nostra</strong></span> <span class='ocrx_word' id='word_1_505' title='bbox 1462 5340 1593 5402; x_wconf 87' lang='lat' dir='ltr'><strong>intersit</strong></span> <span class='ocrx_word' id='word_1_506' title='bbox 1605 5341 1711 5418; x_wconf 91' lang='lat' dir='ltr'><strong>ipsius</strong></span> 
     </span>
    </p>
   </div>
   <div class='ocr_carea' id='block_1_14' title="bbox 78 5499 1712 5651">
    <p class='ocr_par' dir='ltr' id='par_1_18' title="bbox 78 5499 1712 5651">
     <span class='ocr_line' id='line_1_99' title="bbox 78 5499 1712 5640; baseline -0.007 -73"><span class='ocrx_word' id='word_1_507' title='bbox 78 5507 190 5639; x_wconf 46' lang='lat' dir='ltr'><strong>nubib?</strong></span> <span class='ocrx_word' id='word_1_508' title='bbox 203 5508 324 5640; x_wconf 44' lang='lat' dir='ltr'><strong>qu&#39;idgn3</strong></span> <span class='ocrx_word' id='word_1_509' title='bbox 344 5504 450 5564; x_wconf 87' lang='lat' dir='ltr'><strong>eodem</strong></span> <span class='ocrx_word' id='word_1_510' title='bbox 465 5502 502 5561; x_wconf 88' lang='lat' dir='ltr'><strong>de</strong></span> <span class='ocrx_word' id='word_1_511' title='bbox 518 5503 635 5577; x_wconf 56' lang='lat' dir='ltr'><strong>omullo</strong></span> <span class='ocrx_word' id='word_1_512' title='bbox 653 5509 748 5560; x_wconf 75' lang='lat' dir='ltr'><strong>naum</strong></span> <span class='ocrx_word' id='word_1_513' title='bbox 770 5500 822 5559; x_wconf 88' lang='lat' dir='ltr'><strong>luit</strong></span> <span class='ocrx_word' id='word_1_514' title='bbox 840 5501 911 5558; x_wconf 90' lang='lat' dir='ltr'><strong>alins</strong></span> <span class='ocrx_word' id='word_1_515' title='bbox 928 5500 957 5557; x_wconf 91' lang='lat' dir='ltr'><strong>in</strong></span> <span class='ocrx_word' id='word_1_516' title='bbox 974 5500 1103 5574; x_wconf 87' lang='lat' dir='ltr'><strong>epistolis</strong></span> <span class='ocrx_word' id='word_1_517' title='bbox 1123 5501 1185 5559; x_wconf 90' lang='lat' dir='ltr'><strong>libri</strong></span> <span class='ocrx_word' id='word_1_518' title='bbox 1201 5503 1276 5568; x_wconf 80' lang='lat' dir='ltr'><strong>vill,</strong></span> <span class='ocrx_word' id='word_1_519' title='bbox 1293 5501 1346 5558; x_wconf 90' lang='lat' dir='ltr'><strong>col.</strong></span> <span class='ocrx_word' id='word_1_520' title='bbox 1363 5500 1494 5568; x_wconf 72' lang='grc'>477478,</span> <span class='ocrx_word' id='word_1_521' title='bbox 1513 5507 1541 5557; x_wconf 90' lang='lat' dir='ltr'><strong>et</strong></span> <span class='ocrx_word' id='word_1_522' title='bbox 1555 5499 1712 5558; x_wconf 87' lang='lat' dir='ltr'><strong>novissimo</strong></span> 
     </span>
     <span class='ocr_line' id='line_1_100' title="bbox 181 5597 334 5651; baseline -0.026 -12"><span class='ocrx_word' id='word_1_523' title='bbox 181 5597 252 5651; x_wconf 84' lang='lat' dir='ltr'><strong>‚co.</strong></span> <span class='ocrx_word' id='word_1_524' title='bbox 326 5623 334 5635; x_wconf 86' lang='lat'><strong>.</strong></span> 
     </span>
    </p>
   </div>
   <div class='ocr_carea' id='block_1_15' title="bbox 0 0 1980 6199">
    <p class='ocr_par' dir='ltr' id='par_1_19' title="bbox 0 0 1980 6199">
     <span class='ocr_line' id='line_1_101' title="bbox 0 0 1980 6199; baseline 0 0"><span class='ocrx_word' id='word_1_525' title='bbox 0 0 1980 6199; x_wconf 95' lang='lat' dir='ltr'><strong> </strong></span> 
     </span>
    </p>
   </div>
  </div>
 </body>
</html>
