3950 6200
255 310 315 370 211
685 312 742 372 ab
762 312 901 372 OPERA
921 312 954 372 Β.
978 311 1199 401 FRhNGISCI
1219 316 1448 378 ASSISIATIS
1827 321 1877 382 212

255 469 399 531 tionemi
413 468 562 530 animum
573 483 642 546 prae
655 468 833 532 devotione
848 470 1052 548 liquescere?
1106 470 1224 535 relicto
1239 476 1445 553 autographo
1466 475 1535 536 lilio
1550 490 1611 536 suo
1628 475 1772 537 Antonio
1785 476 1878 538 Fran·

257 566 400 628 alienari
424 568 577 627 sensuml
603 567 637 627 et
663 568 753 628 vires
778 569 865 629 totas
895 567 1052 629 destituit
1106 569 1287 650 cisci,dato
1302 574 1363 632 Xll
1378 572 1539 633 kalendas
1551 569 1737 632 decembris
1750 573 1877 647 ejusdem

258 666 379 725 Omnes
394 667 502 725 autem
516 666 593 725 ante
603 680 771 726 recessum
784 682 801 725 e
813 665 886 726 loco
901 665 1051 726 osculum
1107 666 1197 736 enni,
1218 669 1416 729 transmisso
1431 685 1475 730 ex
1488 668 1624 729 archivo
1639 670 1768 729 Sanctae
1781 670 1877 731 Maria

258 760 406 822 dedimus
428 764 543 821 sancto
565 762 652 837 pedi,
674 778 854 839 omnesque
869 762 996 839 pariter
1011 761 1051 824 oh
1105 764 1307 839 Angelorum
1331 766 1418 841 apud
1444 766 1636 832 Assisiates,
1658 765 1744 841 quod
1763 782 1803 827 ex
1818 767 1877 827 vul-

258 857 392 918 odorem
414 857 592 919 refocillati
615 875 741 919 sumus.
771 862 835 921 Pes
863 874 942 920 vero
964 858 1051 920 alius
1105 861 1178 934 gari
1199 861 1315 922 Italico
1335 862 1460 937 placuit
1477 863 1632 923 Latinum
1652 861 1876 923 transmibere:

256 953 387 1014 fimbria
402 953 534 1017 habitus
554 955 768 1031 operiebatur
785 972 792 1016 :
808 972 870 1017 nec
889 955 985 1016 nobis
1000 956 1052 1017 vi·
1147 958 1214 1031 Ego
1229 956 1401 1019 Galeottus
1424 973 1445 1019 a
1473 959 1635 1020 Galeottis
1662 957 1703 1019 de
1716 958 1874 1030 Bistochio,

256 1066 329 1111 sum
354 1050 417 1112 tuit
440 1052 535 1112 illum
559 1052 724 1114 violenter
749 1054 910 1130 arripere.
931 1055 1051 1113 Manus
1106 1052 1176 1113 vidi
1187 1054 1433 1116 sanctissimum
1446 1071 1566 1132 corpus
1586 1055 1653 1116 mei
1673 1056 1774 1132 patris
1788 1058 1876 1116 sancti

256 1147 412 1210 similiter
435 1148 612 1225 perioretae
638 1152 674 1211 ut
692 1150 793 1227 pedes
817 1150 1048 1221 cernebantur,
1106 1150 1288 1222 Francisci,
1312 1151 1398 1228 quod
1425 1151 1534 1212 adhuc
1560 1152 1674 1213 vivum
1693 1154 1831 1227 apparet,
1852 1156 1877 1214 at

255 1246 423 1307 recentem
445 1247 643 1322 sanguinem
665 1247 888 1310 ostendentes.
908 1246 1052 1323 Oigitur
1107 1246 1350 1323 operimentum
1363 1250 1436 1324 ejus
1455 1247 1617 1309 intactum
1632 1249 1732 1324 atque
1747 1248 1878 1309 immacu

255 1344 418 1405 memoria
436 1343 598 1419 profunda
614 1346 738 1406 nostrae
761 1344 1000 1421 redemptionis
1015 1345 1051 1406 in
1105 1342 1219 1405 latum.
1237 1346 1280 1406 Ut
1297 1345 1419 1407 ostium
1442 1345 1574 1421 aperuit
1600 1347 1640 1406 R.
1664 1347 1701 1405 P.
1717 1347 1876 1416 custos,e1

255 1455 353 1501 servo
383 1441 521 1512 intueri,
548 1457 623 1518 quae
650 1441 683 1501 in
712 1441 932 1517 Redemptore
957 1441 1050 1518 prius
1105 1455 1201 1502 sacro
1228 1456 1368 1518 corpore
1393 1442 1471 1503 talis
1488 1457 1529 1503 ac
1553 1444 1647 1504 tanta
1672 1442 1877 1504 suaveolentia

254 1536 405 1598 lucranti
433 1538 584 1615 digitur
612 1554 709 1600 sacra
733 1538 874 1600 vulnera
900 1539 934 1599 et
960 1539 1047 1599 dulci
1105 1539 1269 1611 processit
1281 1539 1318 1600 ut
1328 1538 1562 1616 ampliusnihil
1579 1539 1690 1616 possit
1703 1538 1874 1613 desiderari

254 1633 462 1696 osculatione
477 1635 589 1710 digna.
606 1652 680 1711 quae
695 1636 769 1712 post
785 1635 968 1696 humanum
982 1634 1051 1711 lap·
1105 1633 1260 1709 stigmata
1274 1636 1353 1698 item
1363 1636 1447 1697 adeo
1459 1636 1607 1698 recentia
1620 1638 1655 1697 et
1666 1635 1838 1696 rubicunda
1849 1638 1876 1697 ut

255 1747 328 1792 sum
343 1731 377 1791 in
397 1732 579 1794 remedium
596 1732 672 1793 data
696 1735 791 1794 suntl
814 1733 853 1794 Et
876 1732 950 1809 quis
970 1748 1051 1793 nos-
1103 1729 1172 1791 vivi
1187 1733 1338 1807 corporis
1349 1732 1553 1794 viderentur.
1564 1733 1724 1794 Feliciter
1736 1732 1794 1793 hoc
1803 1749 1876 1793 cons·

254 1830 354 1901 trum,
371 1829 427 1906 qui
442 1828 564 1891 ibidem
578 1829 767 1904 aderamus
780 1846 884 1891 ausus
897 1828 960 1891 luit
972 1845 1049 1890 am·
1105 1829 1202 1902 pectu
1217 1828 1312 1904 potiti
1325 1845 1440 1890 sumus
1452 1829 1558 1890 tribus
1569 1829 1791 1890 subauroram
1803 1829 1875 1889 horis

254 1925 342 2002 plius
372 1942 491 2004 corpus
518 1943 649 1988 sacrum
676 1928 831 2003 tangere,
862 1926 929 1987 nisi
957 1926 1049 1987 solus
1104 1922 1158 1983 die
1173 1924 1301 1987 decimo
1316 1928 1433 1987 octavo
1447 1925 1651 1994 novembris,
1668 1926 1874 1988 comitantibus

122 2048 127 2057 ·
255 2037 403 2085 summus
424 2024 598 2086 Pontilenl
614 2028 687 2101 Ipse
710 2025 798 2086 enim
816 2016 1049 2085 manus·illins
1104 2023 1143 2083 R.
1156 2024 1192 2082 P.
1206 2021 1310 2084 fratre
1323 2024 1446 2086 Julioa
1465 2025 1584 2085 becclo
1607 2024 1699 2085 sacri
1719 2024 1874 2085 conventus

127 2184 133 2191 ,
254 2121 418 2197 pretiosas
438 2122 649 2183 devotissime
672 2122 842 2184 osculatus
862 2123 922 2193 est,
945 2138 1048 2184 oscu·
1104 2119 1251 2191 custode,
1278 2121 1312 2181 et
1334 2119 1439 2182 lratre
1460 2122 1654 2183 Justiniano
1678 2137 1697 2181 a
1724 2120 1874 2181 Collostate

253 2217 388 2295 lumque
401 2235 497 2281 sacro
512 2220 563 2280 ori
580 2219 682 2281 dedit.
696 2222 724 2280 rt
739 2220 854 2296 quinta
869 2234 950 2281 vero
965 2235 1049 2281 noc·
1105 2217 1262 2277 sacrista.
1279 2219 1348 2279 Nec
1363 2218 1486 2296 absque
1499 2219 1606 2295 pretio
1625 2218 1770 2291 choum,
1790 2216 1872 2277 dissi·

252 2314 296 2377 tis
311 2315 395 2377 hora
417 2332 521 2393 usque
543 2317 583 2378 ad
606 2316 815 2379 undecimam
833 2316 903 2377 illic
916 2317 1047 2377 mansi·
1103 2311 1258 2375 dentibus
1275 2316 1397 2376 etenim
1410 2316 1498 2377 inter
1519 2331 1555 2377 se
1569 2316 1625 2376 his
1639 2314 1795 2393 patribus,
1809 2328 1873 2374 cen·

252 2428 337 2485 mus,
355 2414 554 2476 suavissimo
570 2415 672 2476 odore
686 2414 817 2491 repleti.
835 2416 917 2474 Cum
931 2429 1049 2475 veroa
1104 2425 1238 2473 sensum
1257 2413 1383 2473 extorsi
1407 2413 1511 2474 multo
1536 2428 1673 2475 nummo
1701 2411 1874 2488 cooperante

254 2510 468 2573 narrantibus
503 2513 692 2573 nuntiatum
728 2510 792 2573 fult
827 2509 924 2572 nobis
960 2509 1048 2572 diem
1104 2508 1186 2569 meis
1200 2509 1370 2587 votisipso
1384 2511 1498 2571 sancto
1516 2510 1721 2588 patriarche.
1738 2506 1870 2577 Ecclesia,

253 2620 356 2681 prope
379 2621 464 2678 esse,
489 2605 595 2668 doluit
620 2623 718 2684 quam
747 2606 893 2668 manime
914 2605 1049 2667 :visum
1103 2605 1138 2665 in
1160 2622 1225 2681 qua
1253 2609 1406 2669 servatur
1430 2608 1595 2684 pretiosus
1625 2607 1682 2668 hic
1708 2606 1870 2672 thesaurus,

253 2701 342 2762 euim
358 2701 466 2764 iuerat
487 2702 582 2763 uobis
598 2719 657 2779 per
670 2704 787 2764 horam
801 2703 848 2764 ibi
861 2702 975 2765 luisse.
1104 2701 1254 2778 speciosa
1266 2706 1328 2775 est,
1339 2705 1479 2780 januam
1491 2702 1620 2765 habete
1634 2697 1870 2778 regionealtaris

293 2800 331 2859 In
341 2799 498 2861 illisvero
508 2799 652 2860 tribunis
663 2800 829 2861 sociorum
843 2799 933 2862 beati
943 2802 1050 2861 Fran·
1103 2798 1274 2874 praecipui,
1296 2799 1338 2859 ad
1359 2800 1446 2877 quod
1468 2815 1528 2876 per
1550 2800 1722 2876 egregium
1743 2794 1873 2875 perveni·

253 2895 335 2955 cisci
350 2911 490 2971 corpora
502 2897 666 2959 tumulata
674 2898 790 2973 jacent
801 2918 808 2957 :
819 2897 1049 2975 unusquisque
1103 2895 1158 2955 tur
1172 2894 1347 2969 ambitum;
1359 2895 1572 2959 descenditur
1581 2912 1664 2959 vero
1677 2897 1712 2957 in
1724 2892 1871 2958 ecclesian

253 2993 342 3054 enim
372 2993 482 3055 locum
503 3009 600 3055 suurn
625 2995 784 3072 possidet,
805 3010 892 3055 unus
912 2994 1002 3066 hinc,
1016 2997 1050 3057 et
1103 3007 1164 3068 per
1185 2992 1307 3068 gradrm
1333 2993 1585 3070 septemdecim,
1612 3009 1751 3071 quorum
1775 3004 1872 3051 unum·

253 3090 340 3152 alter
353 3090 462 3167 illinc;
478 3094 557 3154 ante
572 3092 693 3154 ostium
707 3109 786 3155 vero
798 3092 863 3154 loci
874 3094 967 3169 jacet
978 3108 1050 3154 cor·
1104 3105 1266 3168 quemque
1287 3107 1349 3152 nos
1371 3091 1407 3152 in
1431 3090 1594 3153 descensu
1612 3090 1809 3154 sacravimus
1821 3099 1871 3146 una

252 3204 315 3266 pus
333 3189 425 3250 illius
439 3190 594 3252 exstatici
609 3191 674 3253 viri
695 3191 754 3251 Dei
770 3189 884 3251 fratris
898 3189 1046 3265 AEgidii:
1103 3188 1255 3249 oratione
1269 3188 1442 3250 Dominica
1463 3189 1496 3250 et
1517 3189 1720 3251 salutatione
1731 3183 1869 3260 angelica.

252 3301 394 3365 quorum
416 3301 556 3364 corpora
575 3287 700 3365 absque
723 3286 943 3349 diminutione
965 3287 1046 3360 ulla,
1103 3283 1200 3346 Modo
1218 3286 1440 3362 experiemur,
1458 3286 1537 3362 quid
1555 3286 1636 3348 vitae
1651 3283 1797 3361 supersit.
1811 3276 1869 3340 Tibi

251 3383 382 3459 integra
414 3385 606 3456 cernuntur,
642 3384 879 3445 suavissimum
913 3382 1048 3446 odorem
1103 3382 1225 3451 autem,
1239 3384 1362 3444 Antoni
1391 3383 1568 3444 Francisce
1592 3382 1714 3444 dilecte
1732 3380 1786 3449 dli,
1801 3377 1869 3436 hanc

205 3549 212 3554 ,
251 3480 505 3544 redolentiahd
519 3484 704 3543 extremum
714 3483 826 3543 autem
838 3497 913 3543 oum
927 3497 1048 3557 magna
1102 3479 1254 3556 relinquo
1270 3480 1475 3550 memoriam,
1499 3483 1532 3541 et
1559 3479 1676 3542 hortor
1688 3471 1866 3555 quantumin

251 3578 356 3639 animi
370 3577 563 3640 fortitudine
580 3579 741 3647 roborati,
760 3594 876 3641 omues
891 3578 969 3640 inde
991 3593 1049 3639 re·
1102 3575 1260 3648 tefuerit,
1281 3578 1413 3638 coneris
1426 3577 1568 3638 similem
1590 3576 1724 3653 assequi
1736 3570 1864 3650 gratiam,

251 3675 424 3735 cessimus.
442 3675 630 3736 cardinalis
645 3692 724 3737 vero
738 3675 935 3751 Austergius
950 3692 1047 3753 quem
1103 3673 1244 3735 tirmiter
1266 3674 1432 3753 spondens
1457 3689 1622 3735 summam
1650 3676 1683 3735 te
1710 3688 1730 3732 3
1751 3666 1867 3731 Domino

252 3773 407 3847 superius
423 3773 693 3844 memoravimus,
710 3773 861 3849 quamvis
877 3774 912 3833 in
926 3788 1049 3834 memo·
1102 3771 1363 3833 consolationem
1371 3773 1613 3833 assecuturum.
1630 3769 1761 3832 Interim
1773 3763 1867 3825 sancto

251 3869 325 3928 rata
346 3867 539 3930 infirmitate
561 3868 803 3946 aliquantulum
823 3869 1049 3931 convaluisset
1102 3868 1189 3945 patri
1199 3868 1379 3929 Francisco
1389 3871 1422 3930 te
1433 3883 1475 3929 ex
1484 3867 1669 3930 visceribus
1689 3857 1864 3929 commendo.

251 3964 287 4025 in
302 3964 367 4035 die,
386 3967 532 4027 attamen
547 3968 644 4028 nocte
664 3966 816 4044 sequenti
840 3969 969 4027 naturae
989 3966 1050 4028 de-
1141 3965 1276 4027 Addidit
1295 3964 1376 4025 illud
1396 3965 1436 4027 de
1453 3965 1530 4026 vitae
1552 3962 1766 4027 diuturnioris
1783 3969 1866 4032 expe·

251 4059 357 4123 bitum
370 4062 480 4126 solvit.
498 4064 567 4124 Nec
580 4065 632 4125 est
643 4063 860 4126 dubitandum
876 4062 961 4139 quod
977 4065 1049 4124 tan·
1102 4062 1244 4124 rimento
1270 4064 1407 4139 propter
1432 4077 1641 4124 communem
1667 4057 1866 4123 assertionem

250 4159 305 4220 tus
327 4159 425 4221 horno
443 4175 462 4221 a
483 4176 547 4238 quo
561 4160 644 4232 haec,
660 4177 733 4237 quae
748 4159 971 4232 narravimus,
986 4175 1047 4222 ac·
1102 4158 1188 4236 quod
1203 4162 1270 4220 tam
1286 4175 1417 4220 sacrum
1437 4161 1470 4221 et
1484 4159 1680 4234 religiosum
1694 4146 1866 4219 11111)οωί-

250 4258 410 4335 cepimus,
423 4256 501 4320 dum
516 4258 557 4319 ad
571 4258 648 4320 vitae
658 4257 872 4335 pervenisset
884 4260 1045 4330 exhema,
1101 4271 1165 4315 nus
1180 4258 1331 4317 sanctum
1347 4272 1479 4332 corpus,
1491 4264 1528 4319 ut
1543 4272 1610 4318 non
1626 4255 1726 4318 liceat
1734 4254 1798 4328 ejus
1807 4247 1864 4306 ins-

251 4355 494 4434 composuisset
507 4354 729 4426 mendacium,
740 4354 889 4416 relerens
902 4354 962 4415 1113
973 4370 1047 4431 qnae
1102 4352 1290 4428 pectoribus
1304 4351 1386 4413 illud
1402 4353 1516 4414 videre
1530 4355 1564 4415 et
1582 4353 1696 4415 vivere
1709 4346 1864 4422 longiorem

251 4469 330 4516 vera
351 4470 417 4516 non
438 4455 559 4516 essent.
585 4452 782 4514 affirmabat
804 4467 935 4529 quoqne
950 4453 1048 4513 ante-
1101 4450 1215 4511 vitam.
1224 4450 1333 4513 Rebus
1344 4450 1507 4526 religione
1516 4449 1758 4512 etsacrameuto
1765 4436 1862 4520 plenis,

252 4566 349 4628 quam
372 4552 529 4628 spiritum
550 4550 635 4612 coelo
656 4549 820 4621 redderet,
837 4549 924 4626 quod
939 4549 1046 4610 Nico·
1102 4548 1149 4608 ita
1163 4546 1343 4624 aliquando
1358 4548 1608 4608 venerationem
1623 4550 1656 4609 et
1673 4536 1863 4607 reverentiam

250 4647 325 4708 laus
340 4648 505 4719 Pontifex,
522 4647 599 4707 dum
623 4663 641 4707 e
663 4648 735 4708 loco
756 4646 814 4708 illo
830 4660 927 4707 sacro
949 4662 1047 4707 rece·
1102 4644 1260 4705 Dominus
1271 4644 1503 4715 conciliatvel
1520 4645 1598 4721 quia
1611 4635 1863 4735 admysteriorufss

250 4744 354 4817 deret,
371 4744 578 4822 promisisset
596 4743 782 4817 guardiano
797 4745 831 4803 et
845 4743 975 4804 caeteris
991 4743 1047 4819 qui
1101 4756 1216 4802 eornm
1232 4742 1401 4818 aspectum
1416 4743 1640 4813 excaecantur,
1652 4742 1716 4801 imo
1726 4735 1756 4796 et
1766 4739 1863 4792 exam·

231 4910 232 4914 Ἰ
251 4841 351 4903 simul
366 4841 516 4911 aderant,
541 4839 624 4899 nulli
646 4838 838 4900 mortalium
860 4838 971 4914 palam
996 4838 1048 4899 la·
1101 4839 1235 4900 mantur
1253 4837 1378 4900 curiosi
1396 4838 1613 4914 inspectores,
1629 4835 1681 4898 vel
1695 4832 1766 4911 quia
1780 4824 1861 4887 vitam

251 4955 328 5001 cere
343 4936 570 5016 quaeviderat,
585 4935 1046 5011 domipseviveretquamvis
1101 4935 1172 5011 ipse
1200 4934 1359 4996 Dominus
1385 4934 1484 5004 tollit,
1511 4934 1662 5011 nequod
1689 4937 1816 4991 sacrum,
1835 4915 1861 4974 θ(

250 5053 317 5099 non
333 5033 590 5113 parvipenderet
604 5031 661 5092 illa
678 5031 854 5092 manifesta
870 5031 943 5091 fieri
958 5031 1046 5106 apud
1101 5032 1234 5093 silentio
1270 5031 1408 5107 dignum
1436 5034 1497 5101 est,
1522 5031 1674 5107 pluribus
1703 5011 1859 5115 propalant:

249 5135 401 5195 homines
416 5131 563 5200 devotos,
580 5130 615 5189 et
629 5127 750 5205 probos
765 5127 823 5205 qui
838 5144 906 5189 non
921 5143 1046 5189 secun·
1100 5128 1193 5189 Addo
1216 5128 1272 5190 hic
1293 5129 1373 5189 item
1395 5128 1578 5205 sepulchri,
1606 5128 1658 5189 vel
1688 5115 1861 5198 supparare

235 5230 329 5290 ‘dum
345 5243 480 5290 carnem
496 5225 680 5287 ambulant.
1101 5224 1222 5301 lapidis
1242 5225 1447 5301 epitaphium
1476 5226 1678 5301 exscriptum
1705 5235 1724 5280 a
1744 5207 1863 5291 quadan

288 5325 398 5387 Aliam
413 5323 497 5384 addo
513 5324 675 5384 rationem
691 5322 833 5385 illustris
846 5323 912 5384 viri
928 5325 965 5383 D.
979 5325 1048 5383 Ga·
1101 5321 1194 5382 ducis
1220 5321 1480 5382 Mediolanensis
1502 5320 1670 5384 Francisci
1687 5310 1804 5379 sortia
1820 5312 1862 5410 fil·

251 5422 344 5484 leotti
366 5438 386 5483 a
408 5421 568 5482 Galeottis
594 5419 634 5481 de
652 5420 833 5492 Bistochio,
859 5420 928 5504 qui,
958 5434 1046 5479 auno
1101 5418 1192 5490 mite,
1219 5418 1391 5480 delubrum
1416 5419 1479 5481 hoc
1502 5418 1722 5495 subiugi-esso,
1745 5424 1762 5469 a
1783 5407 1858 5473 01¹l¹¹³

250 5522 370 5592 MDIX,
398 5519 520 5581 meruit
543 5517 657 5579 videre
685 5518 792 5580 sancti
818 5517 882 5578 viri
912 5530 1044 5591 corpus,
1102 5515 1481 5592 posterisilludaceepi:

253 5620 348 5696 cujus
370 5615 471 5679 situm
495 5616 528 5678 et
553 5614 776 5678 conditionem
805 5614 860 5675 hic
888 5612 1047 5675 describit
