3950 6200
265 363 327 426 333
701 364 734 422 S.
758 360 979 424 FRANCISCI
1000 362 1229 427 nselsmle
1249 362 1490 427 Oroscopa

307 524 345 585 ln
359 522 490 585 Christo
506 520 615 583 enata
629 536 716 583 nova
731 523 898 595 creatura,

267 619 437 698 Spogliala
451 619 550 681 homo
566 618 714 692 vecchio,
731 634 750 681 e
765 617 833 682 laio
847 619 998 695 novello;

265 717 321 780 Ma
334 718 426 781 lanto
438 717 574 778 l'amore
585 717 697 779 monta
713 734 787 779 cum
803 717 938 788 ardura,

266 816 313 877 Lo
325 830 384 877 cor
397 830 458 892 par
470 815 578 876 chose
593 814 692 875 lenda
704 830 779 876 cum
795 815 939 888 coltellO,

265 914 377 976 Mente
391 928 465 974 cum
478 926 583 973 senno
604 911 685 973 tolle
698 911 746 974 tal
761 912 876 973 calana
891 934 899 974 ι

265 1010 397 1074 Christo
407 1025 444 1073 se
458 1025 511 1071 me
525 1011 578 1072 tra
595 1011 680 1072 inito
689 1012 783 1072 tanto
797 1009 898 1082 hello,

344 1107 472 1171 Abrazo
488 1122 540 1168 me
555 1122 630 1168 cum
643 1106 721 1176 ello,

344 1207 385 1269 nt
398 1221 458 1284 per
470 1220 565 1267 amor
580 1204 608 1265 si
619 1204 739 1275 clamo,

343 1307 446 1366 Amor
459 1303 522 1365 che
536 1304 630 1365 lanto
643 1301 770 1374 bromo,

344 1399 393 1464 ra
406 1416 459 1462 me
471 1401 576 1462 morir
590 1400 749 1462 d’amora.

305 1546 397 1608 Perti
407 1558 502 1606 amor
513 1559 566 1605 me
579 1557 740 1605 consumo
750 1540 929 1618 lagaendo,

265 1646 306 1706 et
319 1660 361 1706 vo
375 1643 546 1706 stridendo
562 1657 621 1718 ρον
631 1640 657 1702 ti
670 1640 849 1701 abrazane:

265 1741 403 1815 Quando
418 1740 450 1803 te
468 1740 567 1818 parti,
580 1739 609 1800 si
624 1753 718 1801 moro
730 1737 885 1809 vivendo,

266 1839 413 1917 Sospiro‚
431 1838 465 1899 el
474 1837 595 1915 plango
611 1850 671 1913 ρον
684 1835 897 1905 tiritrovare,

265 1937 305 1998 Et
320 1934 522 1998 retornando
537 1934 568 1995 el
583 1948 643 1996 cor
653 1948 689 1994 ee
699 1948 742 1995 va
752 1931 937 1995 siendendo

265 2033 334 2095 Che
343 2033 379 2094 ln
392 2033 419 2095 li
430 2031 459 2094 ei
470 2046 568 2109 possa
580 2032 665 2093 tulto
674 2030 938 2093 transformare:

344 2131 457 2192 Donca
472 2129 529 2207 pld
540 2144 608 2191 non
622 2128 769 2201 tardare,

342 2231 445 2290 Amor
459 2242 498 2289 ον
509 2242 564 2289 me
576 2225 706 2298 sorani,

343 2325 460 2402 Ligato
475 2324 505 2385 si
517 2340 571 2386 me
585 2324 687 2387 tiene.

342 2423 563 2486 consumame
576 2422 609 2484 lo
624 2436 713 2483 core.

303 2554 499 2632 Resguarda
513 2554 607 2616 dolce
623 2566 739 2614 amore
751 2550 784 2614 la
799 2550 978 2630 ponamin,

263 2654 370 2716 Tanto
382 2651 475 2714 calor
486 2667 553 2713 non
568 2666 666 2729 posse
681 2648 835 2712 soffnire:

266 2748 471 2812 L’amonm'a
485 2764 605 2825 praeeo,
619 2762 686 2809 non
699 2762 737 2808 ao
751 2762 771 2809 o
786 2747 819 2808 io
845 2761 897 2808 me
912 2746 977 2819 eia,

266 2848 335 2919 Que
349 2844 435 2913 laza,
451 2845 570 2919 edica,
582 2860 649 2906 non
664 2858 762 2922 poeso
780 2844 917 2916 sentire,

264 2936 365 3007 como
375 2943 514 3004 emerito
527 2942 556 3003 si
566 2957 608 3004 vo
620 2956 680 3019 ρον
692 2941 724 3002 1ο
744 2940 812 3014 via,

265 3042 385 3120 speeso
396 3042 589 3116 strangoeao
604 3054 664 3118 per
679 3038 762 3102 sorte
777 3038 945 3117 languine,

343 3139 418 3202 Non
432 3154 470 3201 so
480 3154 575 3200 como
587 3139 782 3215 soaiagnere

342 3239 448 3300 Poeea
459 3236 507 3298 tal
521 3236 699 3310 tormento,

342 3334 389 3395 Lo
400 3333 476 3411 qual
490 3348 564 3393 cum
575 3333 786 3408 passamenlo

341 3432 391 3492 Da
405 3446 459 3492 me
472 3429 547 3491 iura
561 3429 594 3491 lo
607 3445 697 3491 cone.

303 3565 367 3626 Cor
380 3580 433 3625 ma
446 3562 555 3624 furato
569 3577 636 3623 non
647 3573 746 3638 posse
759 3560 884 3623 redere

262 3665 333 3736 Que
347 3661 424 3723 diba
437 3661 545 3735 lare,e
560 3675 623 3738 que
638 3673 753 3737 speoso
768 3658 852 3729 iana,

262 3761 303 3822 nt
315 3758 371 3821 chi
383 3774 435 3819 me
450 3758 544 3832 rede,
555 3757 629 3818 dice
642 3756 696 3818 rol
711 3772 841 3833 sapere,

263 3858 306 3918 Se
316 3871 411 3917 amor
424 3869 523 3915 senza
538 3855 612 3916 acto
625 3853 681 3916 ati
696 3853 827 3914 Christo
842 3852 955 3930 plara:

264 3955 308 4016 Se
321 3968 388 4013 non
395 3953 429 4014 te
442 3951 547 4028 place,
559 3966 623 4028 que
636 3965 734 4027 poeso
747 3949 880 4011 valerei

262 4052 309 4114 De
322 4049 368 4113 tal
382 4063 539 4110 mensura
552 4047 584 4109 la
599 4049 709 4109 mente
725 4046 886 4108 malaccia
901 4069 909 4107 :

341 4146 475 4209 L’amor
486 4145 548 4207 che
563 4145 592 4206 si
603 4144 814 4218 m’ahraccia‚

342 4246 457 4309 Tolme
472 4244 648 4321 l’operare,

342 4343 457 4417 Voler,
472 4343 668 4419 etoperare,

341 4440 448 4502 Perdo
464 4441 547 4502 tutto
562 4440 708 4501 seniore.

303 4572 403 4650 sappi
419 4572 554 4651 parlare
567 4587 606 4633 ον
621 4587 684 4632 sun
703 4569 786 4633 salto
798 4570 912 4633 muto:

261 4668 406 4742 vedana,
418 4684 437 4729 ο
449 4684 502 4731 mo
513 4684 573 4729 son
584 4681 663 4730 caco
678 4668 874 4731 deventaioz

263 4768 298 4828 Si
309 4766 438 4843 grande
451 4764 562 4826 abisso
578 4779 645 4825 non
655 4763 690 4824 fd
704 4765 772 4826 mai
786 4765 918 4837 reduto,

261 4863 415 4927 'lacendo
431 4861 536 4940 parlo,
552 4859 676 4936 lugeat
690 4876 750 4922 son
765 4861 880 4937 ligato,

263 4958 457 5025 scandendo
472 4957 572 5033 lalgo,
583 4959 683 5033 lengo
698 4972 717 5019 ο
731 4972 793 5018 eon
807 4959 933 5025 tenuio,

262 5058 393 5122 Deiera
407 5072 471 5117 aun
492 5052 622 5127 dentre,
641 5052 754 5116 coccio
766 5055 799 5116 el
813 5068 875 5116 eon
886 5049 1052 5144 caccipto:

339 5158 442 5217 Amor
459 5154 645 5214 emesurato

341 5250 470 5314 Perclne
484 5250 530 5312 mi
545 5248 591 5311 iai
604 5248 793 5326 inpendire,

340 5351 381 5411 nt
395 5348 431 5408 in
448 5346 585 5410 fornace
600 5346 723 5407 morire

340 5449 389 5508 Ι)ο
402 5446 431 5507 ei
446 5445 530 5506 sone
544 5444 656 5507 calore
668 5442 811 5504 Christo.

304 5587 454 5650 ‘Ordena
470 5589 586 5665 questo
601 5601 725 5658 amore,
739 5584 775 5646 tu
787 5584 850 5646 che
864 5583 985 5656 m'ami,

263 5688 337 5748 Non
350 5685 467 5747 evirtd
483 5700 581 5746 senza
596 5683 719 5745 ordene
734 5683 877 5743 lrovala:

1117 523 1241 586 Polche
1252 527 1386 588 trovare
1399 520 1492 588 tanto
1506 534 1561 586 ma
1575 518 1693 595 brami.

1118 622 1175 684 Sia
1189 621 1222 683 la
1238 622 1437 684 maniacum
1449 622 1538 684 rlrln
1553 622 1724 693 renovata,

1115 718 1163 780 nd
1179 719 1223 779 ml
1239 735 1364 791 amare,
1379 719 1491 795 voglio
1504 719 1567 780 che
1581 721 1616 781 ln
1631 719 1762 791 chiami,

1116 819 1163 879 La
1177 817 1316 879 caritate
1331 816 1408 895 qual
1421 816 1472 878 aia
1481 817 1658 892 ordenala3

1194 913 1352 976 L'arbore
1366 915 1395 976 ai
1410 915 1590 991 eprovata,

1195 1014 1260 1074 Par
1272 1011 1418 1074 l’ordene
1432 1010 1610 1082 deliratio,

1193 1110 1240 1171 Lo
1255 1108 1331 1187 qual
1344 1109 1534 1171 demonstra
1544 1108 1642 1180 tutto,

1193 1204 1279 1269 Doni
1293 1221 1374 1269 cosa
1387 1206 1419 1268 el
1429 1205 1554 1268 valore.

1123 1348 1128 1357 ‘
1153 1349 1251 1411 Tulle
1262 1348 1294 1411 le
1309 1360 1387 1411 coeo
1400 1347 1463 1410 che
1477 1347 1532 1410 alo
1545 1350 1667 1422 create,

1115 1447 1184 1507 Son
1198 1445 1279 1509 latta
1293 1460 1358 1507 cun
1373 1458 1512 1508 numero
1527 1447 1739 1518 atinensem,

1114 1544 1193 1606 Elal
1207 1543 1259 1606 lor
1269 1543 1315 1605 dn
1327 1559 1387 1606 eon
1401 1545 1486 1606 tutte
1500 1540 1693 1617 ordonna·

1114 1644 1318 1703 Conservase
1333 1655 1393 1720 ρον
1406 1642 1509 1704 orden
1520 1641 1566 1704 tal
1580 1641 1711 1714 νοΙονο,

1114 1738 1254 1800 Emollo
1268 1738 1326 1816 pld
1340 1752 1464 1801 ancora
1478 1739 1631 1810 οονίῖοῑο,

1113 1839 1139 1898 E
1152 1835 1312 1898 ordenata
1327 1836 1362 1896 in
1378 1835 1410 1897 la
1421 1838 1481 1897 ena
1496 1838 1638 1898 natura:

1113 1936 1226 1995 Donca
1241 1947 1314 1995 com
1329 1948 1389 2011 ρον
1403 1932 1530 2006 caldra,

1191 2030 1311 2093 Anima
1320 2032 1357 2093 iu
1370 2046 1407 2092 οο
1421 2030 1615 2108 impazzital

1191 2129 1279 2191 Fora
1294 2122 1448 2190 d’ordene
1458 2130 1495 2190 lu
1509 2144 1547 2190 ae
1561 2130 1681 2191 necita.

1192 2226 1267 2288 Non
1279 2227 1313 2288 le
1324 2225 1458 2288 infreno
1471 2225 1503 2287 el
1517 2225 1660 2289 fervore.

1192 2322 1344 2386 Animae
1358 2325 1559 2386 Francesco.

1152 2454 1308 2519 'Chrlelo
1321 2452 1356 2519 lo
1365 2468 1424 2519 cor
1435 2458 1473 2519 iu
1485 2455 1586 2519 n’nal
1599 2455 1721 2530 malo,

1112 2556 1152 2616 Et
1164 2553 1304 2617 dicione
1321 2555 1479 2616 adamare
1493 2554 1590 2616 ordin
1604 2555 1637 2616 la
1652 2556 1773 2628 menie,

1113 2653 1212 2713 Come
1226 2650 1404 2728 capcione
1417 2651 1573 2712 inlisum
1584 2653 1722 2723 νοονοῑο,

1112 2750 1160 2810 Ι)ο
1176 2747 1221 2810 ml
1235 2763 1277 2826 ρο
1287 2760 1523 2810 aesarramaeo
1535 2749 1762 2811 concanonici

1114 2846 1149 2908 si
1164 2843 1371 2917 cometem,
1388 2844 1450 2907 che
1459 2846 1544 2907 tutto
1556 2844 1575 2907 e
1587 2844 1748 2920 inlocato,

1112 2943 1152 3004 Et
1163 2956 1242 3004 aere
1253 2941 1309 3004 dal
1323 2941 1373 3003 eol
1387 2940 1470 3004 letto
1482 2941 1665 3016 relucente,

1191 3041 1238 3102 De
1250 3039 1302 3102 lor
1311 3038 1419 3102 forma
1433 3039 1606 3117 perdente,

1193 3140 1260 3200 Son
1271 3153 1331 3215 ρον
1344 3137 1431 3200 altra
1443 3139 1564 3215 figura,

1191 3236 1267 3296 cosi
1279 3234 1313 3296 la
1327 3237 1438 3298 mente
1452 3251 1537 3313 pura

1191 3332 1274 3395 Deli
1289 3332 1441 3395 eveslila
1451 3348 1577 3396 amore.

1150 3463 1206 3526 Me
1216 3464 1258 3526 da
1268 3465 1331 3526 che
1345 3465 1447 3543 perde
1460 3465 1493 3527 la
1508 3479 1569 3527 ena
1581 3464 1752 3544 qualitate,

1112 3563 1185 3624 Non
1201 3578 1243 3640 po
1257 3562 1290 3623 la
1300 3578 1379 3625 cosa
1391 3564 1433 3624 da
1448 3563 1477 3624 si
1492 3573 1623 3641 ορνονο,

1112 3662 1212 3722 Come
1223 3659 1242 3722 e
1254 3659 1394 3722 formala
1410 3660 1439 3720 si
1454 3660 1498 3721 ha
1508 3661 1683 3738 poteritate,

1112 3761 1220 3835 Opera
1230 3774 1305 3820 cum
1320 3756 1422 3820 fruito
1437 3758 1466 3818 ei
1482 3759 1582 3836 pnole
1595 3757 1684 3821 lare:

1111 3857 1222 3917 Donca
1238 3855 1267 3916 ei
1282 3871 1301 3917 e
1314 3851 1550 3918 transformata
1562 3856 1599 3916 ln
1613 3857 1765 3929 veritate,

1112 3954 1148 4013 ln
1160 3954 1192 4015 le
1204 3951 1253 4013 sol
1270 3952 1403 4015 Christo
1418 3952 1480 4015 che
1495 3968 1531 4014 ee
1543 3952 1637 4015 dolce
1652 3969 1777 4027 amare,

1189 4051 1218 4111 A
1231 4050 1258 4111 ti
1273 4049 1302 4110 si
1317 4064 1358 4127 ρο
1371 4050 1547 4128 imputare,

1189 4146 1265 4208 Non
1280 4144 1299 4207 d
1314 4146 1372 4219 mi,
1384 4147 1460 4225 quel
1471 4147 1640 4212 ch'iolazo
1655 4170 1664 4210 ι

1189 4246 1276 4306 Ρονο
1287 4258 1344 4306 seo
1357 4260 1424 4306 non
1437 4246 1469 4307 te
1483 4245 1591 4322 plazo,

1190 4343 1239 4403 Tu
1253 4341 1307 4404 n’a
1320 4342 1353 4404 ia
1365 4357 1432 4404 non
1444 4342 1533 4420 placi
1547 4360 1673 4406 amore.

1150 4485 1186 4545 Io
1200 4498 1238 4545 so
1249 4482 1313 4545 ben
1328 4485 1445 4561 questo
1457 4483 1521 4546 che
1533 4497 1591 4546 reo
1602 4497 1677 4546 sum
1691 4481 1861 4563 impartile,

1109 4583 1158 4643 Tu
1171 4596 1299 4642 summa
1314 4582 1469 4664 sapienza
1482 4582 1558 4643 mel’
1570 4582 1627 4644 hai
1641 4583 1732 4657 salto,

1109 4680 1148 4741 El
1162 4679 1278 4756 questo
1294 4677 1328 4740 lo
1339 4678 1381 4740 da
1394 4679 1480 4741 cln’io
1500 4679 1562 4742 loll
1572 4679 1682 4753 sarilo,

1109 4778 1149 4838 et
1163 4776 1294 4854 quando
1309 4793 1384 4838 cum
1395 4777 1513 4839 l'amor
1527 4775 1590 4840 ieci
1605 4777 1751 4851 baronto,

1110 4873 1177 4935 Che
1192 4874 1237 4934 mi
1251 4874 1447 4951 spogliando
1462 4873 1511 4936 llll
1522 4876 1564 4938 da
1577 4877 1611 4938 ie
1625 4877 1756 4952 vestito,

1108 4971 1137 5031 A
1150 4984 1237 5054 nova
1251 4969 1320 5031 vita
1332 4985 1399 5032 non
1415 4986 1453 5033 so
1466 4987 1561 5034 como
1576 4972 1624 5034 lin
1635 4974 1748 5045 tratlo,

1190 5067 1296 5129 Demi
1310 5068 1396 5130 tutio
1412 5066 1562 5143 dislatt03

1188 5166 1234 5225 Ον
1244 5179 1307 5225 sun
1320 5179 1380 5241 per
1391 5179 1487 5226 amor
1500 5164 1598 5240 sorte,

1188 5260 1285 5322 Rolte
1298 5275 1358 5322 eon
1369 5259 1401 5321 le
1416 5262 1522 5338 porte,

1188 5359 1229 5419 [ll
1243 5357 1316 5419 iazo
1331 5359 1405 5420 leco
1415 5372 1540 5420 amore.

1147 5490 1175 5549 A
1189 5488 1236 5550 tal
1251 5488 1387 5551 fornace
1397 5490 1520 5567 perche
1532 5503 1584 5552 nie
1595 5493 1739 5562 nenavl,

1109 5587 1152 5647 Se
1163 5590 1198 5647 tu
1211 5586 1319 5649 rolevi
1334 5586 1397 5648 che
1411 5586 1552 5649 Ινονοοοο
1564 5589 1782 5664 temporariae,

1108 5683 1247 5757 Quando
1260 5684 1290 5746 si
1301 5687 1487 5748 smesnnalo
1502 5697 1554 5747 me
1568 5687 1601 5748 le
1611 5685 1700 5757 davi,
