3950 6200
259 313 322 377 535
732 314 787 374 Ab
815 313 954 375 OPERA
980 314 1014 374 S.
1037 314 1213 377 ANTONII
1241 314 1430 377 PADUANI
1827 316 1872 379 iio

260 470 449 549 conscripta
468 470 631 533 miracula
649 473 935 536 examinarentur.
958 475 1056 536 Gom·
1110 474 1237 538 honore
1250 490 1412 537 coronare
1426 474 1461 535 in
1473 472 1578 534 coelis.
1598 471 1691 533 Sicut
1708 473 1791 534 enim
1803 475 1877 540 veri·

261 571 365 631 missa
378 569 545 645 praecipua
555 569 606 629 rei
621 584 702 632 cura
715 571 838 632 loanni
848 570 889 631 de
898 570 1055 634 abbatis·
1109 573 1171 634 tati
1185 570 1422 633 miraculorum
1442 571 1584 646 cognitae
1604 569 1701 630 fldem
1720 586 1784 631 666
1804 572 1878 631 adhi-

246 656 342 727 'villa
363 665 517 727 dioecesis
545 665 780 728 Ambianensis
803 668 909 740 Gallo,
935 683 1055 729 mona·
1110 669 1201 742 bere,
1222 670 1362 747 perfidia
1382 670 1434 730 est
1456 690 1463 728 :
1488 667 1537 728 sic
1559 667 1688 728 meritis
1711 670 1877 729 sanctorum

261 762 326 824 cho
348 762 573 837 Cluniaceusi,
596 779 640 824 ex
659 763 778 826 abbate
799 766 996 830 monasterii
1020 768 1053 827 S.
1110 767 1242 829 laudern
1258 782 1394 842 negare,
1409 781 1516 842 genum
1531 766 1582 826 est
1596 764 1797 826 1661666116.

262 860 354 921 Ρ6161
376 858 417 920 66
440 859 670 929 abbatisvilla,
701 878 779 923 mox
805 862 1056 940 archiepiscopo
1150 864 1434 926 concordantibus
1448 864 1561 939 itaque
1576 861 1730 924 omnibus
1747 863 1879 924 cardina-

261 957 450 1031 Bisuntiuo,
467 959 623 1035 episcopo
645 959 809 1020 cardinali
829 959 964 1022 Sabino.
980 962 1056 1023 Non
1110 961 1198 1022 libus
1220 962 1379 1024 statuitur
1399 959 1668 1022 canonizationis
1692 958 1764 1019 dies
1783 960 1879 1036 penul·

262 1054 535 1132 protraxithicin
544 1057 679 1133 longum
690 1072 843 1132 examen,
855 1058 912 1119 sed
923 1060 1055 1121 166166-
1111 1059 1211 1122 timus
1221 1059 1303 1119 Maii
1315 1058 1377 1119 sub
1388 1058 1460 1135 ipso
1473 1057 1556 1118 16616
1567 1056 1879 1134 Ρ6616666166,16666

262 1151 350 1214 tibus
365 1152 544 1229 diligenter
564 1153 754 1216 oratoribus
775 1155 948 1217 Patavinis
973 1155 1055 1217 bre·
1112 1156 1237 1233 Spoleti
1257 1155 1471 1218 concurrenti
1492 1170 1535 1216 66
1553 1153 1669 1215 multis
1692 1156 1822 1229 Europae
1838 1170 1879 1215 66-

261 1250 337 1310 6166
351 1250 530 1326 expedivit.
1111 1253 1464 1329 61661666166661666
1485 1251 1656 1312 homiuum
1679 1250 1878 1324 multitudine,

302 1347 505 1409 Confirmata
515 1363 576 1423 per
585 1347 673 1409 hunc
683 1363 861 1425 processus
871 1350 1055 1425 validitate,
1111 1350 1198 1412 lecta
1223 1350 1301 1411 suut
1327 1365 1371 1411 ex
1398 1350 1466 1411 alto
1492 1349 1650 1423 suggesto
1677 1362 1788 1408 coram
1809 1348 1879 1408 omui

263 1443 539 1506 etmiraculorum
546 1445 699 1516 veritate,
712 1445 796 1505 nihil
801 1449 871 1524 jam
880 1459 1058 1524 superesse
1112 1448 1233 1524 populo
1243 1447 1327 1520 haec,
1341 1461 1415 1523 quae
1428 1445 1489 1506 sub
1500 1444 1698 1521 compendio
1709 1448 1878 1521 sequuntur,

261 1541 448 1612 videbatur,
460 1541 540 1618 quin
550 1542 592 1603 ad
603 1543 654 1603 rei
668 1543 793 1605 exitum
807 1545 1055 1621 procederetur,
1112 1546 1145 1606 et
1159 1560 1220 1605 uos
1231 1560 1275 1605 ex
1291 1546 1360 1605 MS.
1377 1543 1491 1604 codice
1505 1543 1709 1604 ,1666611661
1722 1543 1880 1603 conventus

263 1638 331 1699 nisi
350 1638 484 1715 quidam
506 1654 550 1700 ex
569 1641 764 1716 purpuratis
786 1641 936 1718 patribus
955 1643 1057 1703 tantae
1112 1642 1247 1703 Petrum
1272 1641 1440 1702 Minorum
1461 1639 1734 1702 conventualium
1753 1639 1881 1714 exscrip-

263 1735 532 1798 canonizationis
560 1737 797 1799 accelerationi
821 1741 927 1801 semet
949 1755 1056 1816 oppo-
1112 1739 1217 1799 simus
1229 1737 1403 1799 miracula.
1416 1740 1490 1813 Ipso
1503 1736 1557 1798 die
1572 1752 1637 1813 quo
1649 1739 1683 1797 S.
1697 1736 1770 1797 Viri
1783 1751 1881 1812 corpus

262 1834 393 1896 nerent
409 1835 484 1894 Prae
509 1834 639 1895 caeteris
661 1850 747 1895 unus
764 1835 935 1897 ardentius
955 1838 1057 1898 tautae
1111 1839 1210 1897 terrae
1225 1835 1419 1897 mandatum
1430 1836 1481 1896 est
1494 1834 1528 1895 in
1544 1834 1695 1895 Ecclesia
1708 1835 1823 1894 sanctae
1835 1831 1881 1894 liei

262 1929 468 1992 festinationi
484 1931 732 2009 obloquebatur,
746 1933 851 1994 66666
863 1949 923 2010 per
934 1933 1056 2010 huius·
1113 1933 1291 1995 (ienitricis
1311 1932 1433 1993 mulier
1452 1931 1603 2008 quaedam
1622 1932 1747 1992 Cuuiza
1769 1930 1880 1991 nomine

262 2027 352 2089 modi
366 2029 530 2090 somnium
543 2029 578 2088 iu
593 2030 733 2092 alteram
749 2030 831 2091 abiit
843 2031 1055 2091 sententiam.
1112 2030 1509 2104 monstruosecontracta,
1519 2017 1648 2090 ettoede
1657 2027 1792 2104 gibbosa
1802 2029 1881 2103 atque

263 2125 363 2186 Visus
375 2126 426 2188 est
437 2125 500 2186 sibi
512 2126 614 2200 61666,
627 2127 660 2187 61
670 2127 711 2188 66
727 2128 922 2204 mysterium
933 2128 1057 2188 vidisse
1112 2128 1286 2189 incurvata
1299 2126 1483 2204 paululum,
1500 2126 1541 2187 ad
1559 2128 1728 2188 recentem
1742 2125 1881 2188 tumulum

262 2222 458 2304 Pontificem
473 2223 647 2284 basilicam
664 2225 829 2301 quandam
851 2240 1056 2286 666666666-
1112 2242 1214 2287 66666
1227 2226 1337 2286 666616
1350 2225 1488 2301 6666616
1500 2223 1632 2285 66111611
1644 2224 1733 2294 laeta,
1750 2221 1882 2298 66616616

261 2320 341 2392 tem,
360 2319 568 2381 adstantibus
580 2321 615 2381 in
629 2322 736 2382 sacris
751 2320 898 2383 vestibus
911 2323 951 2383 ad
965 2339 1058 2400 mys·
1112 2321 1590 2384 sanitatirestituta.lneadem
1599 2320 1734 2382 civitate
1742 2319 1883 2380 Patavina
1930 2323 1931 2328 ’

261 2416 404 2479 teriosos
417 2417 501 2478 ritus
517 2418 755 2490 cardinalibus,
770 2419 869 2496 atque
884 2419 924 2480 ad
941 2419 1057 2481 altaris
1112 2420 1190 2492 alia,
1213 2419 1381 2482 Richarda
1399 2418 1534 2480 nomine
1555 2417 1677 2493 viginti
1699 2417 1795 2478 annis
1816 2415 1884 2477 adeo

262 2515 559 2587 consecrationem,
582 2531 641 2591 pro
656 2531 759 2588 more,
783 2516 819 2576 iu
838 2516 953 2578 eodem
971 2533 1056 2579 con·
1112 2516 1320 2595 conglobata,
1340 2518 1375 2578 61
1389 2517 1516 2578 6611666
1530 2514 1674 2592 quadam
1694 2514 1883 2591 copulatione

262 2610 389 2673 dendas
415 2627 530 2672 sacras
551 2613 713 2689 reliquias
733 2613 869 2690 petiisse
892 2634 901 2674 ε
927 2616 1057 2676 etcum
1111 2630 1221 2692 genua
1236 2614 1374 2691 pectori,
1395 2615 1429 2675 et
1447 2613 1548 2689 pedes
1569 2611 1703 2674 natibus
1725 2611 1882 2678 haererent,

262 2708 366 2770 nullae
394 2709 570 2780 adessent,
600 2710 791 2785 respexisse
826 2711 868 2771 66
892 2712 1057 2787 quoddam
1111 2713 1209 2773 ducta
1226 2712 1261 2773 16
1277 2711 1362 2773 66116
1377 2710 1559 2787 gestatoria
1579 2709 1634 2770 vel
1653 2709 1831 2786 plaustrulo
1850 2707 1882 2767 ad

263 2803 375 2878 16666,
404 2820 464 2865 666
490 2820 608 2867 666666
634 2805 778 2868 6666666
803 2806 840 2867 16
867 2808 1056 2884 pavimento
1112 2811 1200 2872 16666
1211 2809 1338 2886 templi,
1357 2811 1394 2871 ut
1408 2824 1482 2869 cum
1498 2807 1629 2869 caeteris
1642 2806 1837 2883 pauperibus
1851 2803 1883 2864 ab

263 2901 339 2964 6616
352 2901 529 2974 obtectum,
549 2903 648 2979 61666
663 2903 808 2979 jussisse
829 2907 865 2965 61
879 2920 922 2965 66
936 2920 975 2966 66
993 2906 1056 2967 6116
1111 2905 1358 2969 introeuntibus
1376 2904 1601 2978 mendicaret;
1622 2903 1700 2964 dum
1720 2903 1884 2965 orationem

263 2997 458 3061 afferentur.
475 2999 565 3071 Quod
581 3016 657 3060 cum
673 3000 862 3062 cardinales
881 3001 1058 3065 horrerent
1112 3004 1340 3081 praemisisset,
1369 3004 1406 3064 ut
1430 3017 1490 3079 666
1514 3001 1623 3063 666611
1648 3002 1768 3062 merita
1794 3015 1814 3061 a
1836 3012 1885 3058 suo

264 3095 466 3174 pertingere,
489 3097 642 3160 verentes
660 3097 834 3160 horridum
850 3100 883 3162 61
901 3100 1056 3177 obriges·
1112 3103 1199 3164 malo
1223 3102 1434 3172 liberaretur,
1455 3102 1490 3162 et
1505 3099 1678 3177 paululum
1699 3097 1884 3167 dormitaret,

262 3209 343 3257 cens
374 3194 518 3257 cadaver
544 3196 710 3271 aspicere,
737 3195 845 3258 denuo
878 3197 1057 3274 imperavit
1112 3198 1241 3260 audivit
1252 3198 1344 3259 clara
1353 3212 1436 3259 voce
1447 3195 1512 3257 sibi
1520 3195 1686 3263 inculcari
1698 3194 1770 3256 hoec
1781 3193 1885 3254 verba:

262 3290 429 3365 Pontifex,
455 3296 492 3354 ut
515 3292 722 3355 accederent.
751 3294 1054 3371 Discooperierunt,
1111 3299 1159 3359 ba
1179 3296 1305 3372 gratias
1319 3298 1401 3367 Deo,
1424 3293 1502 3370 quia
1526 3308 1586 3369 per
1604 3292 1695 3353 servi
1715 3292 1767 3353 sui
1785 3291 1885 3351 merita

263 3388 495 3461 attrectarunt,
508 3405 645 3453 suavem
658 3390 794 3452 odorem
807 3391 904 3453 avide
919 3408 1058 3470 excepe·
1111 3392 1326 3464 liberaberis,
1354 3393 1388 3453 61
1412 3389 1647 3467 expergefacta
1675 3390 1717 3450 66
1745 3387 1886 3451 tumultus

261 3488 352 3559 runt,
377 3488 514 3550 Antonii
540 3504 661 3565 corpus
688 3503 762 3549 esse
786 3489 1054 3566 comprobarunt,
1111 3492 1290 3553 multorum
1304 3486 1886 3560 circumstantium,comitantiumque

246 3584 368 3647 ‘totum
398 3584 432 3645 in
460 3584 623 3662 reliquias
653 3585 812 3647 universa
840 3585 961 3648 cohors
986 3587 1057 3649 dis-
1111 3588 1269 3664 puellam,
1288 3603 1361 3663 quae
1377 3584 1633 3662 priusgibbosa,
1657 3599 1773 3647 sanae
1789 3580 1887 3659 66661-

262 3681 399 3758 6666611,
418 3682 575 3744 66166666
592 3683 693 3744 etiam
708 3684 889 3745 Antonium
904 3685 1056 3746 sanctum
1111 3686 1192 3747 chro
1204 3684 1267 3746 viri
1279 3683 1387 3745 sancti
1397 3683 1475 3744 laeta
1486 3681 1627 3753 redibat,
1638 3681 1747 3744 induit
1757 3681 1886 3742 animum

248 3778 501 3856 proclamante.
532 3779 793 3856 Expergefactus
825 3780 953 3842 intimis
986 3782 1056 3842 suis
1112 3784 1158 3853 ut,
1184 3797 1248 3859 quo
1270 3782 1382 3858 posset
1406 3779 1515 3850 modo,
1539 3794 1599 3856 per
1621 3780 1747 3840 terram
1768 3779 1887 3854 reptans

159 3952 163 3959 ¹
261 3874 426 3935 visionem
447 3876 607 3947 narravit,
629 3876 770 3953 ideoque
787 3876 851 3937 sibi
872 3878 1056 3940 immissam
1110 3879 1262 3942 tenderet
1282 3878 1324 3939 ad
1348 3877 1577 3954 sepulchrum,
1601 3877 1787 3953 additaeque
1806 3875 1885 3937 vires

262 3971 299 4035 ut
307 3971 705 4048 iutelligerethntonium,
714 3975 911 4035 Sanctorum
920 3975 1056 4052 dignum
1110 3992 1170 4054 per
1182 3977 1368 4053 speciosum
1383 3973 1558 4052 quemdam
1569 3977 1728 4051 juvenem
1740 3975 1775 4034 in
1786 3972 1885 4032 limim

262 4067 404 4144 honore;
419 4084 523 4146 quare
534 4070 574 4130 66
586 4070 664 4131 66111
675 4070 785 4131 limem
795 4073 932 4134 exeunti
939 4088 1057 4135 occur·
1110 4074 1225 4151 templi
1248 4075 1451 4150 praeeuntem
1470 4072 1559 4134 etad
1574 4073 1739 4134 tumulum
1757 4071 1887 4131 invitan-

261 4166 414 4228 rentibus
449 4166 639 4228 oratoribus
672 4167 857 4241 Peduanis,
893 4170 951 4247 qui
983 4173 1056 4247 ejus
1111 4175 1188 4245 tem,
1214 4170 1271 4233 sed
1300 4169 1459 4231 statimiu
1478 4169 1548 4230 ictu
1561 4168 1650 4230 oculi
1667 4168 1885 4245 disponentem.

193 4336 199 4347 ⁸
263 4264 561 4327 contradictionem
580 4263 734 4340 frangere
755 4266 809 4328 vel
828 4266 978 4328 emollire
997 4283 1058 4329 cu·
1113 4271 1156 4331 Ut
1168 4268 1310 4331 accessit
1324 4268 1357 4328 et
1368 4266 1487 4338 oravit,
1504 4265 1648 4342 66616616
1663 4282 1746 4327 saue
1754 4262 1886 4327 recessit

261 4362 417 4441 piebaut;
443 4362 552 4440 iuquit
572 4378 615 4424 ex
634 4364 782 4439 tempore
805 4385 813 4424 ε
834 4365 909 4426 Non
928 4364 979 4426 est
998 4380 1058 4425 cur
1111 4368 1186 4428 Alia
1194 4364 1367 4435 Patavina,
1384 4364 1492 4425 Maria
1506 4366 1711 4440 nuncupata,
1720 4363 1761 4425 66
1772 4362 1890 4423 hortum

261 4459 375 4521 multis
390 4476 518 4521 mecum
532 4461 651 4537 agatis,
673 4460 761 4522 alius
779 4463 848 4538 jam
864 4461 970 4532 evasi,
984 4465 1056 4523 Au·
1112 4465 1286 4541 paternum
1297 4463 1395 4539 juxta
1406 4461 1662 4523 Brentaflumen
1674 4476 1696 4522 a
1708 4461 1849 4523 daemoue
1860 4457 1890 4515 16

261 4557 390 4619 touium
410 4560 561 4619 sanctum
583 4574 657 4620 esse
677 4559 787 4631 66666,
810 4561 843 4621 61
864 4559 1000 4636 dignum
1022 4562 1059 4622 ut
1111 4564 1235 4624 terram
1261 4562 1309 4622 ita
1333 4560 1415 4621 6666
1445 4560 1573 4631 6611166,
1602 4561 1639 4621 61
1678 4558 1834 4623 vertebra
1855 4570 1891 4615 ex

263 4653 408 4716 caelitum
423 4654 634 4716 adscribatur
648 4671 805 4731 uumer03
824 4672 891 4718 non
914 4657 1057 4734 amplius
1112 4658 1295 4721 coxendice
1332 4656 1611 4731 dissolverentur,
1641 4658 1786 4733 quinque
1805 4652 1892 4716 annis

262 4751 469 4824 dissentiam,
484 4751 542 4812 sed
557 4753 763 4815 consentiam
783 4755 856 4830 ejus
871 4754 1056 4815 canoniza—
1112 4755 1261 4831 graviter
1284 4753 1411 4826 dolens,
1438 4753 1480 4814 ad
1502 4755 1573 4829 ejus
1589 4753 1801 4828 sepulchrum
1819 4765 1892 4812 cou-

262 4850 360 4923 tioni,
374 4849 473 4926 atque
493 4849 540 4910 ita
554 4850 721 4925 praestitit,
738 4866 846 4927 66666
865 4852 954 4912 enim
969 4851 1057 4912 ullus
1111 4852 1229 4914 valuit.
1251 4851 1463 4912 Marcoaldus
1477 4850 1568 4911 ruris
1591 4851 1746 4911 Patavini
1758 4850 1806 4910 vir
1819 4861 1894 4906 uxo·

262 4947 433 5010 efficacius
444 4961 514 5008 rem
530 4963 661 5008 omnem
676 4948 852 5024 promovit,
865 4948 956 5010 solus
968 4948 1057 5010 enim
1113 4965 1184 5011 rem
1202 4948 1327 5010 Gislam
1348 4949 1552 5010 contractam
1562 4963 1605 5008 66
1617 4947 1783 5009 desiccato
1796 4958 1893 5011 crure.

262 5046 406 5108 aliorum
434 5044 655 5105 cardinalium
683 5045 812 5106 animos
841 5043 1055 5118 6666116611,
1113 5048 1146 5109 61
1158 5046 1271 5107 nervis
1283 5045 1447 5106 restrictis
1461 5061 1547 5122 equo
1560 5046 1751 5121 impositam
1763 5044 1802 5105 66
1816 5042 1894 5103 1666

262 5144 301 5204 ut
318 5143 354 5203 16
369 5141 501 5218 6661166
521 5157 682 5202 66666666
696 5141 961 5203 canonizationis
983 5142 1059 5203 166-
1113 5144 1209 5205 66611
1231 5142 1455 5220 sepulchrum,
1473 5142 1530 5204 sed
1552 5142 1697 5218 peditem
1713 5157 1825 5203 sanam
1847 5155 1895 5198 re-

262 5239 393 5302 toribus
422 5238 643 5309 accesserint,
674 5238 707 5299 61
734 5237 822 5300 16166
847 5240 966 5301 caetera
993 5240 1058 5316 ipsi
1113 5241 1218 5303 duxit.
1248 5244 1358 5316 Agnes
1384 5240 1495 5316 puella
1514 5240 1640 5301 trienni
1660 5241 1786 5302 vomitu
1811 5235 1895 5298 labo-

263 5334 411 5398 dixerint
427 5335 583 5396 Pontifici
599 5356 607 5394 ε
622 5333 799 5410 Indignum
814 5334 910 5396 valde
927 5338 979 5398 est
997 5352 1058 5398 nos
1113 5354 1208 5414 rans;
1222 5352 1330 5414 neque
1351 5337 1386 5398 in
1402 5336 1582 5400 ventriculi
1596 5337 1712 5413 spacio
1732 5336 1894 5413 quicquam

262 5432 448 5494 beatissimi
474 5432 585 5494 Patris
608 5431 743 5494 Antonii
763 5433 890 5494 meritis
911 5449 1058 5495 venera·
1113 5436 1229 5499 valeus
1255 5435 1422 5509 retinere,
1449 5435 1585 5496 omnino
1611 5435 1792 5511 syntectica
1822 5443 1896 5509 pene

263 5529 390 5593 1166666
405 5528 548 5591 debitam
569 5529 606 5590 16
619 5530 720 5592 terris
734 5528 941 5603 subtrahere,
961 5547 1059 5609 quem
1114 5532 1298 5605 deficiebat,
1315 5532 1497 5595 intercluso
1507 5534 1577 5609 jam
1591 5533 1726 5607 guttura
1740 5530 1796 5593 vix
1810 5526 1897 5605 quid-

264 5624 424 5688 Dominus
446 5627 634 5704 majestatis
651 5627 807 5703 dignatus
827 5630 878 5691 est
900 5628 1008 5706 gloria
1027 5631 1068 5701 et¹
1115 5646 1213 5709 quam
1230 5629 1282 5693 661
1303 5628 1439 5691 sorbere
1459 5626 1773 5707 6616661,6666666
1793 5621 1897 5702 sepul·
