<?xml version="1.0" encoding="UTF-8"?>
<!DOCTYPE html PUBLIC "-//W3C//DTD XHTML 1.0 Transitional//EN"
    "http://www.w3.org/TR/xhtml1/DTD/xhtml1-transitional.dtd">
<html xmlns="http://www.w3.org/1999/xhtml" xml:lang="en" lang="en">
 <head>
  <title>
</title>
<meta http-equiv="Content-Type" content="text/html;charset=utf-8" />
  <meta name='ocr-system' content='tesseract 3.04.00' />
  <meta name='ocr-capabilities' content='ocr_page ocr_carea ocr_par ocr_line ocrx_word'/>
</head>
<body>
  <div class='ocr_page' id='page_1' title='image "./mediiaevibiblio09bottgoog_0454.png"; bbox 0 0 3950 6200; ppageno 0'>
   <div class='ocr_carea' id='block_1_1' title="bbox 299 217 1872 320">
    <p class='ocr_par' dir='ltr' id='par_1_1' title="bbox 299 217 1872 320">
     <span class='ocr_line' id='line_1_1' title="bbox 299 217 1872 320; baseline -0.002 -14"><span class='ocrx_word' id='word_1_1' title='bbox 299 217 359 306; x_wconf 78' lang='lat' dir='ltr'>cat</span> <span class='ocrx_word' id='word_1_2' title='bbox 724 243 758 303; x_wconf 90' lang='lat' dir='ltr'>s.</span> <span class='ocrx_word' id='word_1_3' title='bbox 786 240 961 302; x_wconf 75' lang='lat' dir='ltr'>urrann</span> <span class='ocrx_word' id='word_1_4' title='bbox 990 240 1177 304; x_wconf 75' lang='lat' dir='ltr'>rancun</span> <span class='ocrx_word' id='word_1_5' title='bbox 1205 241 1343 303; x_wconf 74' lang='lat' dir='ltr'>oreas</span> <span class='ocrx_word' id='word_1_6' title='bbox 1371 242 1519 304; x_wconf 78' lang='lat' dir='ltr'>onum.</span> <span class='ocrx_word' id='word_1_7' title='bbox 1830 258 1872 320; x_wconf 60' lang='lat' dir='ltr'>a,</span> 
     </span>
    </p>
   </div>
   <div class='ocr_carea' id='block_1_2' title="bbox 298 399 1876 970">
    <p class='ocr_par' dir='ltr' id='par_1_2' title="bbox 298 399 1875 775">
     <span class='ocr_line' id='line_1_2' title="bbox 298 399 1875 484; baseline 0.006 -19"><span class='ocrx_word' id='word_1_8' title='bbox 298 418 395 468; x_wconf 89' lang='lat' dir='ltr'>suam</span> <span class='ocrx_word' id='word_1_9' title='bbox 420 402 580 479; x_wconf 80' lang='lat' dir='ltr'>expleant</span> <span class='ocrx_word' id='word_1_10' title='bbox 606 400 823 472; x_wconf 87' lang='lat' dir='ltr'>voluntatem,</span> <span class='ocrx_word' id='word_1_11' title='bbox 857 399 986 462; x_wconf 88' lang='lat' dir='ltr'>similes</span> <span class='ocrx_word' id='word_1_12' title='bbox 1016 400 1094 462; x_wconf 88' lang='lat' dir='ltr'>sunt</span> <span class='ocrx_word' id='word_1_13' title='bbox 1148 402 1249 473; x_wconf 87' lang='lat' dir='ltr'>retra,</span> <span class='ocrx_word' id='word_1_14' title='bbox 1266 399 1453 464; x_wconf 79' lang='lat' dir='ltr'>vibrabitur</span> <span class='ocrx_word' id='word_1_15' title='bbox 1467 399 1515 481; x_wconf 87' lang='lat'>(3)</span> <span class='ocrx_word' id='word_1_16' title='bbox 1531 402 1634 476; x_wconf 86' lang='lat' dir='ltr'>hasta,</span> <span class='ocrx_word' id='word_1_17' title='bbox 1647 405 1875 484; x_wconf 65' lang='lat' dir='ltr'>stuppeurer-</span> 
     </span>
     <span class='ocr_line' id='line_1_3' title="bbox 298 497 1875 579; baseline 0.004 -18"><span class='ocrx_word' id='word_1_18' title='bbox 298 500 494 570; x_wconf 89' lang='lat' dir='ltr'>scribarum,</span> <span class='ocrx_word' id='word_1_19' title='bbox 523 499 555 560; x_wconf 88' lang='lat' dir='ltr'>et</span> <span class='ocrx_word' id='word_1_20' title='bbox 580 497 835 576; x_wconf 86' lang='lat' dir='ltr'>pharisaeorum,</span> <span class='ocrx_word' id='word_1_21' title='bbox 861 497 1093 560; x_wconf 77' lang='lat' dir='ltr'>redimentium</span> <span class='ocrx_word' id='word_1_22' title='bbox 1148 513 1232 559; x_wconf 83' lang='lat' dir='ltr'>vens</span> <span class='ocrx_word' id='word_1_23' title='bbox 1247 497 1360 562; x_wconf 83' lang='lat' dir='ltr'>sorbet</span> <span class='ocrx_word' id='word_1_24' title='bbox 1377 501 1512 570; x_wconf 90' lang='lat' dir='ltr'>terram,</span> <span class='ocrx_word' id='word_1_25' title='bbox 1534 516 1594 562; x_wconf 89' lang='lat' dir='ltr'>nec</span> <span class='ocrx_word' id='word_1_26' title='bbox 1616 505 1735 579; x_wconf 89' lang='lat' dir='ltr'>reputat</span> <span class='ocrx_word' id='word_1_27' title='bbox 1753 505 1823 568; x_wconf 81' lang='lat' dir='ltr'>tuba</span> <span class='ocrx_word' id='word_1_28' title='bbox 1838 526 1875 572; x_wconf 75' lang='lat' dir='ltr'>so</span> 
     </span>
     <span class='ocr_line' id='line_1_4' title="bbox 299 594 1874 677; baseline 0.004 -19"><span class='ocrx_word' id='word_1_29' title='bbox 299 596 519 665; x_wconf 83' lang='lat' dir='ltr'>mendacium,</span> <span class='ocrx_word' id='word_1_30' title='bbox 543 597 576 657; x_wconf 90' lang='lat' dir='ltr'>et</span> <span class='ocrx_word' id='word_1_31' title='bbox 597 595 793 671; x_wconf 79' lang='lat' dir='ltr'>sanguinem</span> <span class='ocrx_word' id='word_1_32' title='bbox 816 594 1012 657; x_wconf 82' lang='lat' dir='ltr'>salvatoris.</span> <span class='ocrx_word' id='word_1_33' title='bbox 1148 610 1230 655; x_wconf 89' lang='lat' dir='ltr'>nare</span> <span class='ocrx_word' id='word_1_34' title='bbox 1245 595 1448 672; x_wconf 79' lang='lat' dir='ltr'>clangorem.</span> <span class='ocrx_word' id='word_1_35' title='bbox 1470 598 1513 658; x_wconf 89' lang='lat' dir='ltr'>Ut</span> <span class='ocrx_word' id='word_1_36' title='bbox 1525 595 1572 676; x_wconf 79' lang='lat' dir='ltr'>(l)</span> <span class='ocrx_word' id='word_1_37' title='bbox 1589 599 1723 662; x_wconf 89' lang='lat' dir='ltr'>audierit</span> <span class='ocrx_word' id='word_1_38' title='bbox 1734 601 1874 677; x_wconf 79' lang='lat' dir='ltr'>buconem,</span> 
     </span>
     <span class='ocr_line' id='line_1_5' title="bbox 1148 691 1875 775; baseline 0.018 -24"><span class='ocrx_word' id='word_1_39' title='bbox 1148 691 1256 754; x_wconf 90' lang='lat' dir='ltr'>dicit:</span> <span class='ocrx_word' id='word_1_40' title='bbox 1279 693 1399 753; x_wconf 82' lang='lat' dir='ltr'>Vah.»</span> <span class='ocrx_word' id='word_1_41' title='bbox 1420 696 1458 755; x_wconf 89' lang='lat' dir='ltr'>In</span> <span class='ocrx_word' id='word_1_42' title='bbox 1480 709 1602 771; x_wconf 90' lang='lat' dir='ltr'>pavore</span> <span class='ocrx_word' id='word_1_43' title='bbox 1624 695 1726 758; x_wconf 88' lang='lat' dir='ltr'>lutura</span> <span class='ocrx_word' id='word_1_44' title='bbox 1747 715 1838 775; x_wconf 79' lang='lat' dir='ltr'>pena:</span> <span class='ocrx_word' id='word_1_45' title='bbox 1851 704 1875 764; x_wconf 88' lang='lat' dir='ltr'>in</span> 
     </span>
    </p>

    <p class='ocr_par' dir='ltr' id='par_1_3' title="bbox 1147 787 1876 867">
     <span class='ocr_line' id='line_1_6' title="bbox 1147 787 1876 867; baseline 0.016 -20"><span class='ocrx_word' id='word_1_46' title='bbox 1147 787 1259 864; x_wconf 81' lang='lat' dir='ltr'>gladio</span> <span class='ocrx_word' id='word_1_47' title='bbox 1285 805 1364 851; x_wconf 85' lang='lat' dir='ltr'>vero</span> <span class='ocrx_word' id='word_1_48' title='bbox 1390 806 1489 867; x_wconf 87' lang='lat' dir='ltr'>poena</span> <span class='ocrx_word' id='word_1_49' title='bbox 1517 806 1661 867; x_wconf 79' lang='lat' dir='ltr'>praesens</span> <span class='ocrx_word' id='word_1_50' title='bbox 1691 797 1811 856; x_wconf 89' lang='lat' dir='ltr'>notatur.</span> <span class='ocrx_word' id='word_1_51' title='bbox 1831 802 1876 860; x_wconf 82' lang='lat' dir='ltr'>lias</span> 
     </span>
    </p>

    <p class='ocr_par' dir='ltr' id='par_1_4' title="bbox 557 882 1876 970">
     <span class='ocr_line' id='line_1_7' title="bbox 557 882 1876 970; baseline 0.008 -28"><span class='ocrx_word' id='word_1_52' title='bbox 557 899 700 960; x_wconf 71' lang='lat' dir='ltr'>SERMO</span> <span class='ocrx_word' id='word_1_53' title='bbox 721 899 837 959; x_wconf 71' lang='lat' dir='ltr'>mv,</span> <span class='ocrx_word' id='word_1_54' title='bbox 1148 882 1231 945; x_wconf 92' lang='lat' dir='ltr'>duas</span> <span class='ocrx_word' id='word_1_55' title='bbox 1256 884 1374 946; x_wconf 88' lang='lat' dir='ltr'>boatus</span> <span class='ocrx_word' id='word_1_56' title='bbox 1400 886 1600 948; x_wconf 83' lang='lat' dir='ltr'>Laurentius</span> <span class='ocrx_word' id='word_1_57' title='bbox 1626 903 1688 948; x_wconf 92' lang='lat' dir='ltr'>non</span> <span class='ocrx_word' id='word_1_58' title='bbox 1707 889 1876 970; x_wconf 75' lang='lat' dir='ltr'>timuitque</span> 
     </span>
    </p>
   </div>
   <div class='ocr_carea' id='block_1_3' title="bbox 297 982 1876 1160">
    <p class='ocr_par' dir='ltr' id='par_1_5' title="bbox 297 982 1876 1160">
     <span class='ocr_line' id='line_1_8' title="bbox 1147 982 1876 1058; baseline 0.012 -17"><span class='ocrx_word' id='word_1_59' title='bbox 1147 996 1210 1042; x_wconf 88' lang='lat' dir='ltr'>nec</span> <span class='ocrx_word' id='word_1_60' title='bbox 1228 982 1539 1057; x_wconf 88' lang='lat' dir='ltr'>supervenientibus</span> <span class='ocrx_word' id='word_1_61' title='bbox 1557 984 1689 1046; x_wconf 88' lang='lat' dir='ltr'>territus</span> <span class='ocrx_word' id='word_1_62' title='bbox 1706 988 1758 1058; x_wconf 88' lang='lat' dir='ltr'>est,</span> <span class='ocrx_word' id='word_1_63' title='bbox 1775 1004 1821 1049; x_wconf 88' lang='lat' dir='ltr'>nec</span> <span class='ocrx_word' id='word_1_64' title='bbox 1835 991 1876 1050; x_wconf 89' lang='lat' dir='ltr'>in·</span> 
     </span>
     <span class='ocr_line' id='line_1_9' title="bbox 297 1052 1876 1160; baseline 0.022 -46"><span class='ocrx_word' id='word_1_65' title='bbox 297 1057 339 1114; x_wconf 85' lang='lat' dir='ltr'>De</span> <span class='ocrx_word' id='word_1_66' title='bbox 353 1061 453 1114; x_wconf 85' lang='lat' dir='ltr'>saneto</span> <span class='ocrx_word' id='word_1_67' title='bbox 470 1054 634 1125; x_wconf 85' lang='lat' dir='ltr'>Laurentio,</span> <span class='ocrx_word' id='word_1_68' title='bbox 651 1054 697 1114; x_wconf 86' lang='lat' dir='ltr'>vel</span> <span class='ocrx_word' id='word_1_69' title='bbox 712 1061 846 1129; x_wconf 78' lang='lat' dir='ltr'>martyre.</span> <span class='ocrx_word' id='word_1_70' title='bbox 866 1056 908 1112; x_wconf 84' lang='lat' dir='ltr'>be</span> <span class='ocrx_word' id='word_1_71' title='bbox 926 1052 1094 1127; x_wconf 84' lang='lat' dir='ltr'>probatione</span> <span class='ocrx_word' id='word_1_72' title='bbox 1148 1078 1288 1140; x_wconf 63' lang='lat' dir='ltr'>,uiuenti</span> <span class='ocrx_word' id='word_1_73' title='bbox 1303 1078 1415 1155; x_wconf 65' lang='lat' dir='ltr'>gladio</span> <span class='ocrx_word' id='word_1_74' title='bbox 1430 1080 1544 1142; x_wconf 67' lang='lat' dir='ltr'>cessit</span> <span class='ocrx_word' id='word_1_75' title='bbox 1560 1097 1579 1140; x_wconf 70' lang='lat' dir='ltr'>a</span> <span class='ocrx_word' id='word_1_76' title='bbox 1594 1084 1696 1159; x_wconf 88' lang='lat' dir='ltr'>super</span> <span class='ocrx_word' id='word_1_77' title='bbox 1712 1083 1801 1160; x_wconf 86' lang='lat' dir='ltr'>ipsun</span> <span class='ocrx_word' id='word_1_78' title='bbox 1809 1101 1876 1147; x_wconf 90' lang='lat' dir='ltr'>sona-</span> 
     </span>
    </p>
   </div>
   <div class='ocr_carea' id='block_1_4' title="bbox 332 1142 1876 1257">
    <p class='ocr_par' dir='ltr' id='par_1_6' title="bbox 332 1142 1876 1257">
     <span class='ocr_line' id='line_1_10' title="bbox 332 1142 1876 1257; baseline -0.005 -55"><span class='ocrx_word' id='word_1_79' title='bbox 332 1143 437 1202; x_wconf 86' lang='lat' dir='ltr'>cordis.</span> <span class='ocrx_word' id='word_1_80' title='bbox 455 1145 498 1201; x_wconf 89' lang='lat' dir='ltr'>De</span> <span class='ocrx_word' id='word_1_81' title='bbox 514 1143 686 1217; x_wconf 79' lang='lat' dir='ltr'>purgatione</span> <span class='ocrx_word' id='word_1_82' title='bbox 707 1142 859 1216; x_wconf 70' lang='lat' dir='ltr'>iustorum.</span> <span class='ocrx_word' id='word_1_83' title='bbox 880 1144 922 1200; x_wconf 83' lang='lat' dir='ltr'>De</span> <span class='ocrx_word' id='word_1_84' title='bbox 943 1143 1094 1216; x_wconf 84' lang='lat' dir='ltr'>iniquitate</span> <span class='ocrx_word' id='word_1_85' title='bbox 1147 1175 1195 1237; x_wconf 64' lang='lat' dir='ltr'>bit</span> <span class='ocrx_word' id='word_1_86' title='bbox 1209 1176 1414 1252; x_wconf 32' lang='lat' dir='ltr'>pharetra„</span> <span class='ocrx_word' id='word_1_87' title='bbox 1434 1180 1500 1239; x_wconf 64' lang='lat' dir='ltr'>per</span> <span class='ocrx_word' id='word_1_88' title='bbox 1520 1176 1717 1253; x_wconf 51' lang='lat' dir='ltr'>pharetram,</span> <span class='ocrx_word' id='word_1_89' title='bbox 1736 1182 1766 1241; x_wconf 65' lang='lat' dir='ltr'>in</span> <span class='ocrx_word' id='word_1_90' title='bbox 1781 1198 1829 1257; x_wconf 61' lang='lat' dir='ltr'>qm</span> <span class='ocrx_word' id='word_1_91' title='bbox 1842 1184 1876 1244; x_wconf 49' lang='lat' dir='ltr'>h·</span> 
     </span>
    </p>
   </div>
   <div class='ocr_carea' id='block_1_5' title="bbox 332 1230 1877 1350">
    <p class='ocr_par' dir='ltr' id='par_1_7' title="bbox 332 1230 1877 1350">
     <span class='ocr_line' id='line_1_11' title="bbox 332 1230 1877 1350; baseline 0.023 -45"><span class='ocrx_word' id='word_1_92' title='bbox 332 1230 507 1290; x_wconf 83' lang='lat' dir='ltr'>divitiarum.</span> <span class='ocrx_word' id='word_1_93' title='bbox 1147 1273 1221 1335; x_wconf 92' lang='lat' dir='ltr'>tent</span> <span class='ocrx_word' id='word_1_94' title='bbox 1248 1274 1395 1350; x_wconf 77' lang='lat' dir='ltr'>sagitta,</span> <span class='ocrx_word' id='word_1_95' title='bbox 1433 1275 1699 1337; x_wconf 86' lang='lat' dir='ltr'>adversariorum</span> <span class='ocrx_word' id='word_1_96' title='bbox 1729 1278 1877 1341; x_wconf 79' lang='lat' dir='ltr'>matinata</span> 
     </span>
    </p>
   </div>
   <div class='ocr_carea' id='block_1_6' title="bbox 298 1369 1877 1466">
    <p class='ocr_par' dir='ltr' id='par_1_8' title="bbox 298 1369 1877 1466">
     <span class='ocr_line' id='line_1_12' title="bbox 298 1369 1877 1466; baseline -0.001 -29"><span class='ocrx_word' id='word_1_97' title='bbox 298 1394 460 1456; x_wconf 62' lang='lat' dir='ltr'>probam</span> <span class='ocrx_word' id='word_1_98' title='bbox 485 1408 547 1456; x_wconf 68' lang='lat'>007·</span> <span class='ocrx_word' id='word_1_99' title='bbox 570 1407 698 1466; x_wconf 63' lang='lat' dir='ltr'>mum,</span> <span class='ocrx_word' id='word_1_100' title='bbox 726 1394 758 1454; x_wconf 66' lang='lat' dir='ltr'>eg</span> <span class='ocrx_word' id='word_1_101' title='bbox 789 1393 942 1455; x_wconf 53' lang='lat' dir='ltr'>vedasti</span> <span class='ocrx_word' id='word_1_102' title='bbox 969 1395 1093 1456; x_wconf 37' lang='grc' dir='ltr'>ΜΘ..</span> <span class='ocrx_word' id='word_1_103' title='bbox 1148 1370 1279 1433; x_wconf 87' lang='lat' dir='ltr'>occulta</span> <span class='ocrx_word' id='word_1_104' title='bbox 1292 1369 1509 1448; x_wconf 82' lang='lat' dir='ltr'>designatur:</span> <span class='ocrx_word' id='word_1_105' title='bbox 1527 1375 1564 1433; x_wconf 85' lang='lat' dir='ltr'>In</span> <span class='ocrx_word' id='word_1_106' title='bbox 1585 1372 1679 1434; x_wconf 89' lang='lat' dir='ltr'>hasta</span> <span class='ocrx_word' id='word_1_107' title='bbox 1692 1389 1763 1435; x_wconf 89' lang='lat' dir='ltr'>vero</span> <span class='ocrx_word' id='word_1_108' title='bbox 1779 1375 1877 1448; x_wconf 78' lang='lat' dir='ltr'>uibrau,</span> 
     </span>
    </p>
   </div>
   <div class='ocr_carea' id='block_1_7' title="bbox 336 1468 1878 1666">
    <p class='ocr_par' dir='ltr' id='par_1_9' title="bbox 336 1468 1878 1666">
     <span class='ocr_line' id='line_1_13' title="bbox 336 1468 1816 1567; baseline -0.007 -25"><span class='ocrx_word' id='word_1_109' title='bbox 336 1494 417 1567; x_wconf 65' lang='lat' dir='ltr'>rane</span> <span class='ocrx_word' id='word_1_110' title='bbox 428 1497 486 1552; x_wconf 69' lang='lat' dir='ltr'>me</span> <span class='ocrx_word' id='word_1_111' title='bbox 500 1491 727 1563; x_wconf 55' lang='lat' dir='ltr'>mammasti,</span> <span class='ocrx_word' id='word_1_112' title='bbox 747 1490 781 1552; x_wconf 63' lang='lat' dir='ltr'>et</span> <span class='ocrx_word' id='word_1_113' title='bbox 796 1505 866 1552; x_wconf 81' lang='lat' dir='ltr'>nott</span> <span class='ocrx_word' id='word_1_114' title='bbox 880 1491 932 1552; x_wconf 55' lang='grc' dir='ltr'>ω)</span> <span class='ocrx_word' id='word_1_115' title='bbox 948 1493 1094 1553; x_wconf 61' lang='lat' dir='ltr'>mmm</span> <span class='ocrx_word' id='word_1_116' title='bbox 1147 1469 1264 1543; x_wconf 81' lang='lat' dir='ltr'>aperta</span> <span class='ocrx_word' id='word_1_117' title='bbox 1279 1468 1460 1530; x_wconf 85' lang='lat' dir='ltr'>violentia:</span> <span class='ocrx_word' id='word_1_118' title='bbox 1476 1470 1512 1530; x_wconf 93' lang='lat' dir='ltr'>in</span> <span class='ocrx_word' id='word_1_119' title='bbox 1525 1469 1640 1547; x_wconf 73' lang='lat' dir='ltr'>clypeo</span> <span class='ocrx_word' id='word_1_120' title='bbox 1655 1470 1816 1533; x_wconf 84' lang='lat' dir='ltr'>obstinatio.</span> 
     </span>
     <span class='ocr_line' id='line_1_14' title="bbox 336 1563 1878 1666; baseline -0.006 -28"><span class='ocrx_word' id='word_1_121' title='bbox 336 1590 375 1649; x_wconf 74' lang='lat' dir='ltr'>tn</span> <span class='ocrx_word' id='word_1_122' title='bbox 388 1602 444 1649; x_wconf 71' lang='lat' dir='ltr'>me</span> <span class='ocrx_word' id='word_1_123' title='bbox 458 1589 634 1661; x_wconf 53' lang='lat' dir='ltr'>imquitas,</span> <span class='ocrx_word' id='word_1_124' title='bbox 650 1585 755 1666; x_wconf 65' lang='lat' dir='ltr'>(psal,</span> <span class='ocrx_word' id='word_1_125' title='bbox 770 1591 819 1659; x_wconf 62' lang='lat'>16,</span> <span class='ocrx_word' id='word_1_126' title='bbox 833 1586 882 1666; x_wconf 69' lang='grc'>3,)</span> <span class='ocrx_word' id='word_1_127' title='bbox 1187 1563 1355 1625; x_wconf 81' lang='lat' dir='ltr'>Adversus</span> <span class='ocrx_word' id='word_1_128' title='bbox 1373 1564 1506 1630; x_wconf 86' lang='lat' dir='ltr'>beatum</span> <span class='ocrx_word' id='word_1_129' title='bbox 1524 1567 1731 1629; x_wconf 86' lang='lat' dir='ltr'>Laurentium</span> <span class='ocrx_word' id='word_1_130' title='bbox 1743 1584 1796 1629; x_wconf 90' lang='lat' dir='ltr'>non</span> <span class='ocrx_word' id='word_1_131' title='bbox 1806 1569 1878 1629; x_wconf 84' lang='lat' dir='ltr'>latam</span> 
     </span>
    </p>
   </div>
   <div class='ocr_carea' id='block_1_8' title="bbox 295 1657 1889 4657">
    <p class='ocr_par' dir='ltr' id='par_1_10' title="bbox 295 1657 1889 4657">
     <span class='ocr_line' id='line_1_15' title="bbox 1148 1657 1879 1742; baseline 0.007 -20"><span class='ocrx_word' id='word_1_132' title='bbox 1148 1657 1351 1723; x_wconf 85' lang='lat' dir='ltr'>machinatio</span> <span class='ocrx_word' id='word_1_133' title='bbox 1364 1661 1520 1725; x_wconf 87' lang='lat' dir='ltr'>lictorum</span> <span class='ocrx_word' id='word_1_134' title='bbox 1533 1663 1649 1736; x_wconf 88' lang='lat' dir='ltr'>valuit,</span> <span class='ocrx_word' id='word_1_135' title='bbox 1665 1680 1722 1726; x_wconf 87' lang='lat' dir='ltr'>nec</span> <span class='ocrx_word' id='word_1_136' title='bbox 1734 1666 1879 1742; x_wconf 72' lang='lat' dir='ltr'>opertorio·</span> 
     </span>
     <span class='ocr_line' id='line_1_16' title="bbox 338 1758 1879 1838; baseline -0.001 -14"><span class='ocrx_word' id='word_1_137' title='bbox 338 1763 424 1825; x_wconf 92' lang='lat' dir='ltr'>Illud</span> <span class='ocrx_word' id='word_1_138' title='bbox 436 1763 591 1825; x_wconf 84' lang='lat' dir='ltr'>cantatur</span> <span class='ocrx_word' id='word_1_139' title='bbox 603 1763 645 1827; x_wconf 91' lang='lat' dir='ltr'>de</span> <span class='ocrx_word' id='word_1_140' title='bbox 658 1763 756 1826; x_wconf 89' lang='lat' dir='ltr'>beato</span> <span class='ocrx_word' id='word_1_141' title='bbox 772 1763 971 1838; x_wconf 80' lang='lat' dir='ltr'>Laurenti03</span> <span class='ocrx_word' id='word_1_142' title='bbox 987 1766 1021 1825; x_wconf 89' lang='lat' dir='ltr'>et</span> <span class='ocrx_word' id='word_1_143' title='bbox 1038 1762 1093 1823; x_wconf 88' lang='lat' dir='ltr'>di·</span> <span class='ocrx_word' id='word_1_144' title='bbox 1148 1758 1256 1821; x_wconf 84' lang='lat' dir='ltr'>lentia</span> <span class='ocrx_word' id='word_1_145' title='bbox 1266 1759 1452 1822; x_wconf 86' lang='lat' dir='ltr'>adversarii</span> <span class='ocrx_word' id='word_1_146' title='bbox 1467 1761 1584 1837; x_wconf 90' lang='lat' dir='ltr'>potuit,</span> <span class='ocrx_word' id='word_1_147' title='bbox 1608 1777 1668 1823; x_wconf 86' lang='lat' dir='ltr'>nec</span> <span class='ocrx_word' id='word_1_148' title='bbox 1687 1761 1879 1824; x_wconf 86' lang='lat' dir='ltr'>obstinatiseo·</span> 
     </span>
     <span class='ocr_line' id='line_1_17' title="bbox 298 1857 1880 1938; baseline -0.001 -18"><span class='ocrx_word' id='word_1_149' title='bbox 298 1862 421 1922; x_wconf 88' lang='lat' dir='ltr'>cuntur</span> <span class='ocrx_word' id='word_1_150' title='bbox 444 1861 521 1933; x_wconf 87' lang='lat' dir='ltr'>tria,</span> <span class='ocrx_word' id='word_1_151' title='bbox 548 1861 688 1932; x_wconf 89' lang='lat' dir='ltr'>scilicet,</span> <span class='ocrx_word' id='word_1_152' title='bbox 717 1860 803 1938; x_wconf 87' lang='lat' dir='ltr'>quod</span> <span class='ocrx_word' id='word_1_153' title='bbox 830 1859 984 1938; x_wconf 90' lang='lat' dir='ltr'>probavit</span> <span class='ocrx_word' id='word_1_154' title='bbox 1006 1862 1094 1922; x_wconf 88' lang='lat' dir='ltr'>Deus</span> <span class='ocrx_word' id='word_1_155' title='bbox 1149 1871 1223 1916; x_wconf 90' lang='lat' dir='ltr'>rum</span> <span class='ocrx_word' id='word_1_156' title='bbox 1236 1857 1388 1917; x_wconf 87' lang='lat' dir='ltr'>consiliis</span> <span class='ocrx_word' id='word_1_157' title='bbox 1403 1859 1531 1934; x_wconf 69' lang='lat' dir='ltr'>Martpr</span> <span class='ocrx_word' id='word_1_158' title='bbox 1543 1857 1707 1934; x_wconf 77' lang='lat' dir='ltr'>gloriosus</span> <span class='ocrx_word' id='word_1_159' title='bbox 1720 1859 1809 1919; x_wconf 81' lang='lat' dir='ltr'>audet</span> <span class='ocrx_word' id='word_1_160' title='bbox 1818 1874 1880 1919; x_wconf 76' lang='lat' dir='ltr'>cons</span> 
     </span>
     <span class='ocr_line' id='line_1_18' title="bbox 298 1953 1879 2036; baseline -0.002 -17"><span class='ocrx_word' id='word_1_161' title='bbox 298 1972 357 2019; x_wconf 86' lang='lat' dir='ltr'>eor</span> <span class='ocrx_word' id='word_1_162' title='bbox 371 1960 460 2035; x_wconf 88' lang='lat' dir='ltr'>ejus;</span> <span class='ocrx_word' id='word_1_163' title='bbox 482 1956 633 2019; x_wconf 84' lang='lat' dir='ltr'>visitavit</span> <span class='ocrx_word' id='word_1_164' title='bbox 648 1959 761 2032; x_wconf 83' lang='lat' dir='ltr'>nocte;</span> <span class='ocrx_word' id='word_1_165' title='bbox 782 1958 859 2034; x_wconf 78' lang='lat' dir='ltr'>igne</span> <span class='ocrx_word' id='word_1_166' title='bbox 875 1957 1092 2030; x_wconf 85' lang='lat' dir='ltr'>examinavit,</span> <span class='ocrx_word' id='word_1_167' title='bbox 1148 1953 1256 2014; x_wconf 86' lang='lat' dir='ltr'>tantia</span> <span class='ocrx_word' id='word_1_168' title='bbox 1271 1953 1451 2036; x_wconf 87' lang='lat' dir='ltr'>declinavit</span> <span class='ocrx_word' id='word_1_169' title='bbox 1466 1955 1553 2017; x_wconf 90' lang='lat' dir='ltr'>:imo</span> <span class='ocrx_word' id='word_1_170' title='bbox 1566 1955 1696 2018; x_wconf 84' lang='lat' dir='ltr'>fervens</span> <span class='ocrx_word' id='word_1_171' title='bbox 1707 1957 1809 2017; x_wconf 83' lang='lat' dir='ltr'>caelesti</span> <span class='ocrx_word' id='word_1_172' title='bbox 1819 1956 1879 2016; x_wconf 79' lang='lat' dir='ltr'>desi·</span> 
     </span>
     <span class='ocr_line' id='line_1_19' title="bbox 298 2048 1879 2131; baseline -0.003 -15"><span class='ocrx_word' id='word_1_173' title='bbox 298 2055 333 2116; x_wconf 89' lang='lat' dir='ltr'>et</span> <span class='ocrx_word' id='word_1_174' title='bbox 355 2069 423 2115; x_wconf 93' lang='lat' dir='ltr'>non</span> <span class='ocrx_word' id='word_1_175' title='bbox 447 2054 499 2115; x_wconf 91' lang='lat' dir='ltr'>est</span> <span class='ocrx_word' id='word_1_176' title='bbox 522 2055 658 2116; x_wconf 86' lang='lat' dir='ltr'>inventa</span> <span class='ocrx_word' id='word_1_177' title='bbox 684 2054 720 2114; x_wconf 91' lang='lat' dir='ltr'>in</span> <span class='ocrx_word' id='word_1_178' title='bbox 744 2069 784 2115; x_wconf 88' lang='lat' dir='ltr'>eo</span> <span class='ocrx_word' id='word_1_179' title='bbox 808 2054 984 2131; x_wconf 85' lang='lat' dir='ltr'>iniquitas.</span> <span class='ocrx_word' id='word_1_180' title='bbox 1008 2054 1095 2116; x_wconf 83' lang='lat' dir='ltr'>Dicit</span> <span class='ocrx_word' id='word_1_181' title='bbox 1149 2048 1879 2130; x_wconf 73' lang='lat' dir='ltr'>derioterramabsorbuit,quandoHippolptun,</span> 
     </span>
     <span class='ocr_line' id='line_1_20' title="bbox 297 2147 1880 2231; baseline -0.002 -19"><span class='ocrx_word' id='word_1_182' title='bbox 297 2165 379 2231; x_wconf 77' lang='lat' dir='ltr'>engo</span> <span class='ocrx_word' id='word_1_183' title='bbox 389 2151 506 2212; x_wconf 87' lang='lat' dir='ltr'>beatus</span> <span class='ocrx_word' id='word_1_184' title='bbox 517 2150 718 2212; x_wconf 84' lang='lat' dir='ltr'>Laurentius</span> <span class='ocrx_word' id='word_1_185' title='bbox 726 2151 927 2228; x_wconf 88' lang='lat' dir='ltr'>specialiter,</span> <span class='ocrx_word' id='word_1_186' title='bbox 940 2149 993 2212; x_wconf 87' lang='lat' dir='ltr'>vel</span> <span class='ocrx_word' id='word_1_187' title='bbox 1004 2150 1093 2212; x_wconf 93' lang='lat' dir='ltr'>alius</span> <span class='ocrx_word' id='word_1_188' title='bbox 1148 2147 1182 2208; x_wconf 85' lang='lat' dir='ltr'>et</span> <span class='ocrx_word' id='word_1_189' title='bbox 1197 2149 1383 2210; x_wconf 87' lang='lat' dir='ltr'>Romanum</span> <span class='ocrx_word' id='word_1_190' title='bbox 1408 2149 1566 2212; x_wconf 75' lang='lat' dir='ltr'>Ecclesia</span> <span class='ocrx_word' id='word_1_191' title='bbox 1600 2151 1809 2227; x_wconf 74' lang='lat' dir='ltr'>incorporavit</span> <span class='ocrx_word' id='word_1_192' title='bbox 1828 2151 1880 2209; x_wconf 81' lang='lat' dir='ltr'>len</span> 
     </span>
     <span class='ocr_line' id='line_1_21' title="bbox 297 2243 1881 2325; baseline -0.004 -17"><span class='ocrx_word' id='word_1_193' title='bbox 297 2248 447 2325; x_wconf 86' lang='lat' dir='ltr'>martyr:</span> <span class='ocrx_word' id='word_1_194' title='bbox 470 2248 634 2310; x_wconf 72' lang='lat' dir='ltr'>Producit</span> <span class='ocrx_word' id='word_1_195' title='bbox 646 2262 709 2309; x_wconf 86' lang='lat' dir='ltr'>cor</span> <span class='ocrx_word' id='word_1_196' title='bbox 726 2263 859 2321; x_wconf 62' lang='lat' dir='ltr'>meum</span> <span class='ocrx_word' id='word_1_197' title='bbox 879 2249 966 2313; x_wconf 88' lang='lat' dir='ltr'>idest</span> <span class='ocrx_word' id='word_1_198' title='bbox 982 2249 1094 2310; x_wconf 86' lang='lat' dir='ltr'>cordis</span> <span class='ocrx_word' id='word_1_199' title='bbox 1149 2243 1296 2321; x_wconf 87' lang='lat' dir='ltr'>probasti</span> <span class='ocrx_word' id='word_1_200' title='bbox 1323 2246 1438 2307; x_wconf 87' lang='lat' dir='ltr'>cordis</span> <span class='ocrx_word' id='word_1_201' title='bbox 1457 2245 1694 2319; x_wconf 84' lang='lat' dir='ltr'>tortitudinem,</span> <span class='ocrx_word' id='word_1_202' title='bbox 1713 2249 1745 2307; x_wconf 90' lang='lat' dir='ltr'>ut</span> <span class='ocrx_word' id='word_1_203' title='bbox 1761 2248 1789 2308; x_wconf 86' lang='lat' dir='ltr'>in</span> <span class='ocrx_word' id='word_1_204' title='bbox 1804 2244 1881 2306; x_wconf 83' lang='lat' dir='ltr'>eodan</span> 
     </span>
     <span class='ocr_line' id='line_1_22' title="bbox 296 2342 1882 2422; baseline -0.003 -16"><span class='ocrx_word' id='word_1_205' title='bbox 296 2345 536 2422; x_wconf 80' lang='lat' dir='ltr'>integritatem,</span> <span class='ocrx_word' id='word_1_206' title='bbox 552 2345 662 2407; x_wconf 87' lang='lat' dir='ltr'>cordis</span> <span class='ocrx_word' id='word_1_207' title='bbox 679 2345 915 2420; x_wconf 85' lang='lat' dir='ltr'>constantiam,</span> <span class='ocrx_word' id='word_1_208' title='bbox 931 2346 965 2407; x_wconf 91' lang='lat' dir='ltr'>et</span> <span class='ocrx_word' id='word_1_209' title='bbox 982 2346 1094 2408; x_wconf 87' lang='lat' dir='ltr'>cordis</span> <span class='ocrx_word' id='word_1_210' title='bbox 1148 2342 1299 2419; x_wconf 87' lang='lat' dir='ltr'>sequitur</span> <span class='ocrx_word' id='word_1_211' title='bbox 1312 2364 1319 2402; x_wconf 92' lang='lat'><strong>:</strong></span> <span class='ocrx_word' id='word_1_212' title='bbox 1331 2359 1355 2404; x_wconf 63' lang='grc' dir='ltr'>,α</span> <span class='ocrx_word' id='word_1_213' title='bbox 1376 2344 1446 2403; x_wconf 86' lang='lat' dir='ltr'>Nec</span> <span class='ocrx_word' id='word_1_214' title='bbox 1458 2346 1593 2421; x_wconf 84' lang='lat' dir='ltr'>reputat</span> <span class='ocrx_word' id='word_1_215' title='bbox 1606 2344 1690 2407; x_wconf 76' lang='lat' dir='ltr'>tuba</span> <span class='ocrx_word' id='word_1_216' title='bbox 1708 2359 1808 2405; x_wconf 88' lang='lat' dir='ltr'>sonare</span> <span class='ocrx_word' id='word_1_217' title='bbox 1819 2342 1882 2402; x_wconf 80' lang='lat' dir='ltr'>ebn-</span> 
     </span>
     <span class='ocr_line' id='line_1_23' title="bbox 297 2440 1881 2519; baseline -0.004 -17"><span class='ocrx_word' id='word_1_218' title='bbox 297 2440 535 2505; x_wconf 84' lang='lat' dir='ltr'>lortitndinem.</span> <span class='ocrx_word' id='word_1_219' title='bbox 546 2442 661 2502; x_wconf 81' lang='lat' dir='ltr'>cordis</span> <span class='ocrx_word' id='word_1_220' title='bbox 669 2442 994 2519; x_wconf 71' lang='lat' dir='ltr'>integritatemmon</span> <span class='ocrx_word' id='word_1_221' title='bbox 1004 2444 1094 2505; x_wconf 88' lang='lat' dir='ltr'>enim</span> <span class='ocrx_word' id='word_1_222' title='bbox 1147 2453 1275 2516; x_wconf 78' lang='lat' dir='ltr'>goram.</span> <span class='ocrx_word' id='word_1_223' title='bbox 1294 2441 1336 2501; x_wconf 90' lang='lat' dir='ltr'>Ut</span> <span class='ocrx_word' id='word_1_224' title='bbox 1350 2440 1688 2511; x_wconf 82' lang='lat' dir='ltr'>audieritbuccinam,</span> <span class='ocrx_word' id='word_1_225' title='bbox 1703 2441 1789 2502; x_wconf 86' lang='lat' dir='ltr'>dicit:</span> <span class='ocrx_word' id='word_1_226' title='bbox 1806 2442 1881 2500; x_wconf 79' lang='lat' dir='ltr'>Vnt»</span> 
     </span>
     <span class='ocr_line' id='line_1_24' title="bbox 298 2535 1880 2615; baseline -0.004 -16"><span class='ocrx_word' id='word_1_227' title='bbox 298 2538 403 2600; x_wconf 88' lang='lat' dir='ltr'>habui</span> <span class='ocrx_word' id='word_1_228' title='bbox 417 2554 475 2601; x_wconf 90' lang='lat' dir='ltr'>cor</span> <span class='ocrx_word' id='word_1_229' title='bbox 495 2540 686 2615; x_wconf 88' lang='lat' dir='ltr'>separatum</span> <span class='ocrx_word' id='word_1_230' title='bbox 705 2555 726 2601; x_wconf 88' lang='lat' dir='ltr'>a</span> <span class='ocrx_word' id='word_1_231' title='bbox 748 2541 793 2614; x_wconf 90' lang='lat' dir='ltr'>te,</span> <span class='ocrx_word' id='word_1_232' title='bbox 815 2539 869 2601; x_wconf 90' lang='lat' dir='ltr'>vel</span> <span class='ocrx_word' id='word_1_233' title='bbox 891 2539 1036 2602; x_wconf 90' lang='lat' dir='ltr'>divisum</span> <span class='ocrx_word' id='word_1_234' title='bbox 1052 2540 1093 2602; x_wconf 89' lang='lat' dir='ltr'>ad</span> <span class='ocrx_word' id='word_1_235' title='bbox 1148 2537 1187 2596; x_wconf 91' lang='lat' dir='ltr'>In</span> <span class='ocrx_word' id='word_1_236' title='bbox 1206 2535 1297 2608; x_wconf 88' lang='lat' dir='ltr'>tuba,</span> <span class='ocrx_word' id='word_1_237' title='bbox 1310 2538 1420 2598; x_wconf 91' lang='lat' dir='ltr'>terror</span> <span class='ocrx_word' id='word_1_238' title='bbox 1443 2538 1476 2602; x_wconf 87' lang='lat' dir='ltr'>et</span> <span class='ocrx_word' id='word_1_239' title='bbox 1499 2539 1688 2615; x_wconf 86' lang='lat' dir='ltr'>persecutio</span> <span class='ocrx_word' id='word_1_240' title='bbox 1700 2535 1880 2599; x_wconf 66' lang='lat' dir='ltr'>nmorando</span> 
     </span>
     <span class='ocr_line' id='line_1_25' title="bbox 299 2632 1881 2715; baseline -0.004 -20"><span class='ocrx_word' id='word_1_241' title='bbox 299 2635 407 2712; x_wconf 91' lang='lat' dir='ltr'>plura.</span> <span class='ocrx_word' id='word_1_242' title='bbox 424 2637 525 2713; x_wconf 73' lang='lat' dir='ltr'>Citius</span> <span class='ocrx_word' id='word_1_243' title='bbox 538 2637 627 2697; x_wconf 89' lang='lat' dir='ltr'>enim</span> <span class='ocrx_word' id='word_1_244' title='bbox 639 2635 851 2698; x_wconf 88' lang='lat' dir='ltr'>cordivisum</span> <span class='ocrx_word' id='word_1_245' title='bbox 864 2638 916 2698; x_wconf 90' lang='lat' dir='ltr'>est</span> <span class='ocrx_word' id='word_1_246' title='bbox 929 2637 969 2698; x_wconf 93' lang='lat' dir='ltr'>ad</span> <span class='ocrx_word' id='word_1_247' title='bbox 985 2637 1093 2715; x_wconf 90' lang='lat' dir='ltr'>plura,</span> <span class='ocrx_word' id='word_1_248' title='bbox 1148 2632 1300 2705; x_wconf 87' lang='lat' dir='ltr'>buccina,</span> <span class='ocrx_word' id='word_1_249' title='bbox 1316 2634 1428 2702; x_wconf 86' lang='lat' dir='ltr'>minae,</span> <span class='ocrx_word' id='word_1_250' title='bbox 1439 2636 1473 2696; x_wconf 91' lang='lat' dir='ltr'>et</span> <span class='ocrx_word' id='word_1_251' title='bbox 1490 2636 1652 2697; x_wconf 88' lang='lat' dir='ltr'>instantia</span> <span class='ocrx_word' id='word_1_252' title='bbox 1672 2633 1881 2701; x_wconf 74' lang='lat' dir='ltr'>minarumdna</span> 
     </span>
     <span class='ocr_line' id='line_1_26' title="bbox 297 2728 1881 2810; baseline -0.003 -18"><span class='ocrx_word' id='word_1_253' title='bbox 297 2731 442 2792; x_wconf 89' lang='lat' dir='ltr'>divisum</span> <span class='ocrx_word' id='word_1_254' title='bbox 463 2733 525 2806; x_wconf 90' lang='lat' dir='ltr'>est,</span> <span class='ocrx_word' id='word_1_255' title='bbox 550 2733 582 2793; x_wconf 90' lang='lat' dir='ltr'>et</span> <span class='ocrx_word' id='word_1_256' title='bbox 605 2734 795 2810; x_wconf 88' lang='lat' dir='ltr'>separatum</span> <span class='ocrx_word' id='word_1_257' title='bbox 816 2749 837 2794; x_wconf 88' lang='lat' dir='ltr'>a</span> <span class='ocrx_word' id='word_1_258' title='bbox 860 2733 1013 2810; x_wconf 78' lang='lat' dir='ltr'>singtdis</span> <span class='ocrx_word' id='word_1_259' title='bbox 1040 2735 1095 2796; x_wconf 88' lang='lat' dir='ltr'>Sic</span> <span class='ocrx_word' id='word_1_260' title='bbox 1149 2728 1214 2791; x_wconf 91' lang='lat' dir='ltr'>duo</span> <span class='ocrx_word' id='word_1_261' title='bbox 1229 2729 1346 2792; x_wconf 89' lang='lat' dir='ltr'>beatus</span> <span class='ocrx_word' id='word_1_262' title='bbox 1371 2732 1571 2794; x_wconf 88' lang='lat' dir='ltr'>Laurentius</span> <span class='ocrx_word' id='word_1_263' title='bbox 1592 2750 1659 2795; x_wconf 92' lang='lat' dir='ltr'>non</span> <span class='ocrx_word' id='word_1_264' title='bbox 1679 2728 1881 2809; x_wconf 73' lang='lat' dir='ltr'>reputavitim</span> 
     </span>
     <span class='ocr_line' id='line_1_27' title="bbox 297 2824 1885 2908; baseline -0.002 -19"><span class='ocrx_word' id='word_1_265' title='bbox 297 2828 387 2890; x_wconf 91' lang='lat' dir='ltr'>enim</span> <span class='ocrx_word' id='word_1_266' title='bbox 411 2828 556 2890; x_wconf 89' lang='lat' dir='ltr'>divisum</span> <span class='ocrx_word' id='word_1_267' title='bbox 575 2844 642 2890; x_wconf 89' lang='lat' dir='ltr'>non</span> <span class='ocrx_word' id='word_1_268' title='bbox 662 2831 735 2891; x_wconf 91' lang='lat' dir='ltr'>erat</span> <span class='ocrx_word' id='word_1_269' title='bbox 757 2845 815 2892; x_wconf 87' lang='lat' dir='ltr'>cor</span> <span class='ocrx_word' id='word_1_270' title='bbox 834 2831 996 2908; x_wconf 82' lang='lat' dir='ltr'>Apostoli,</span> <span class='ocrx_word' id='word_1_271' title='bbox 1019 2848 1093 2893; x_wconf 87' lang='lat' dir='ltr'>cum</span> <span class='ocrx_word' id='word_1_272' title='bbox 1148 2826 1189 2888; x_wconf 86' lang='lat' dir='ltr'>ad</span> <span class='ocrx_word' id='word_1_273' title='bbox 1201 2828 1520 2890; x_wconf 88' lang='lat' dir='ltr'>eoruminstantiam</span> <span class='ocrx_word' id='word_1_274' title='bbox 1529 2831 1702 2892; x_wconf 82' lang='lat' dir='ltr'>exultavit</span> <span class='ocrx_word' id='word_1_275' title='bbox 1719 2824 1885 2898; x_wconf 76' lang='lat' dir='ltr'>Undedictl:</span> 
     </span>
     <span class='ocr_line' id='line_1_28' title="bbox 299 2924 1882 3009; baseline -0.001 -24"><span class='ocrx_word' id='word_1_276' title='bbox 299 2924 431 2987; x_wconf 88' lang='lat' dir='ltr'>dicebat</span> <span class='ocrx_word' id='word_1_277' title='bbox 450 2924 491 2986; x_wconf 87' lang='lat' dir='ltr'>ad</span> <span class='ocrx_word' id='word_1_278' title='bbox 514 2927 681 2987; x_wconf 86' lang='lat' dir='ltr'>Romanos</span> <span class='ocrx_word' id='word_1_279' title='bbox 697 2925 741 3006; x_wconf 86' lang='lat'>(8,</span> <span class='ocrx_word' id='word_1_280' title='bbox 756 2925 809 3006; x_wconf 85' lang='lat'>35)</span> <span class='ocrx_word' id='word_1_281' title='bbox 825 2944 832 2988; x_wconf 92' lang='lat'>:</span> <span class='ocrx_word' id='word_1_282' title='bbox 847 2943 866 2986; x_wconf 74' lang='lat' dir='ltr'>c</span> <span class='ocrx_word' id='word_1_283' title='bbox 879 2927 959 2999; x_wconf 88' lang='lat' dir='ltr'>Quis</span> <span class='ocrx_word' id='word_1_284' title='bbox 977 2943 1031 2990; x_wconf 93' lang='lat' dir='ltr'>me</span> <span class='ocrx_word' id='word_1_285' title='bbox 1046 2927 1094 3009; x_wconf 90' lang='lat'>(1)</span> <span class='ocrx_word' id='word_1_286' title='bbox 1154 2927 1245 2997; x_wconf 59' lang='lat' dir='ltr'>Velm</span> <span class='ocrx_word' id='word_1_287' title='bbox 1264 2941 1337 3002; x_wconf 84' lang='lat' dir='ltr'>quae</span> <span class='ocrx_word' id='word_1_288' title='bbox 1358 2941 1426 2987; x_wconf 72' lang='lat' dir='ltr'>vox</span> <span class='ocrx_word' id='word_1_289' title='bbox 1444 2928 1496 2988; x_wconf 90' lang='lat' dir='ltr'>est</span> <span class='ocrx_word' id='word_1_290' title='bbox 1518 2928 1741 2990; x_wconf 80' lang='lat' dir='ltr'>exultationis</span> <span class='ocrx_word' id='word_1_291' title='bbox 1758 2927 1790 2987; x_wconf 82' lang='lat' dir='ltr'>Et</span> <span class='ocrx_word' id='word_1_292' title='bbox 1801 2924 1882 2984; x_wconf 75' lang='lat' dir='ltr'>iterun</span> 
     </span>
     <span class='ocr_line' id='line_1_29' title="bbox 298 3015 1883 3107; baseline -0.003 -24"><span class='ocrx_word' id='word_1_293' title='bbox 298 3020 470 3101; x_wconf 89' lang='lat' dir='ltr'>separabit</span> <span class='ocrx_word' id='word_1_294' title='bbox 483 3038 503 3084; x_wconf 93' lang='lat' dir='ltr'>a</span> <span class='ocrx_word' id='word_1_295' title='bbox 518 3022 658 3086; x_wconf 86' lang='lat' dir='ltr'>caritate</span> <span class='ocrx_word' id='word_1_296' title='bbox 672 3023 816 3107; x_wconf 79' lang='lat' dir='ltr'>Christit</span> <span class='ocrx_word' id='word_1_297' title='bbox 830 3024 1034 3087; x_wconf 83' lang='lat' dir='ltr'>Tribulatiol</span> <span class='ocrx_word' id='word_1_298' title='bbox 1048 3041 1092 3088; x_wconf 91' lang='lat' dir='ltr'>an</span> <span class='ocrx_word' id='word_1_299' title='bbox 1147 3021 1183 3081; x_wconf 92' lang='lat' dir='ltr'>in</span> <span class='ocrx_word' id='word_1_300' title='bbox 1204 3021 1323 3084; x_wconf 86' lang='lat' dir='ltr'>eodem</span> <span class='ocrx_word' id='word_1_301' title='bbox 1347 3022 1417 3103; x_wconf 79' lang='lat'>(39,</span> <span class='ocrx_word' id='word_1_302' title='bbox 1434 3022 1489 3102; x_wconf 81' lang='lat'>20)</span> <span class='ocrx_word' id='word_1_303' title='bbox 1516 3045 1525 3084; x_wconf 74' lang='grc' dir='ltr'>ι</span> <span class='ocrx_word' id='word_1_304' title='bbox 1549 3023 1734 3102; x_wconf 78' lang='lat' dir='ltr'>‹Nunquid</span> <span class='ocrx_word' id='word_1_305' title='bbox 1756 3015 1883 3082; x_wconf 77' lang='lat' dir='ltr'>suscinbis</span> 
     </span>
     <span class='ocr_line' id='line_1_30' title="bbox 298 3115 1881 3200; baseline -0.007 -17"><span class='ocrx_word' id='word_1_306' title='bbox 298 3121 473 3196; x_wconf 78' lang='lat' dir='ltr'>angustiat</span> <span class='ocrx_word' id='word_1_307' title='bbox 493 3136 539 3182; x_wconf 93' lang='lat' dir='ltr'>an</span> <span class='ocrx_word' id='word_1_308' title='bbox 562 3120 688 3183; x_wconf 82' lang='lat' dir='ltr'>tamesi</span> <span class='ocrx_word' id='word_1_309' title='bbox 711 3138 756 3183; x_wconf 92' lang='lat' dir='ltr'>an</span> <span class='ocrx_word' id='word_1_310' title='bbox 779 3121 932 3185; x_wconf 87' lang='lat' dir='ltr'>nuditasl</span> <span class='ocrx_word' id='word_1_311' title='bbox 958 3139 1001 3185; x_wconf 91' lang='lat' dir='ltr'>an</span> <span class='ocrx_word' id='word_1_312' title='bbox 1029 3139 1093 3200; x_wconf 82' lang='lat' dir='ltr'>pe·</span> <span class='ocrx_word' id='word_1_313' title='bbox 1149 3135 1225 3181; x_wconf 93' lang='lat' dir='ltr'>eum</span> <span class='ocrx_word' id='word_1_314' title='bbox 1240 3120 1336 3197; x_wconf 86' lang='lat' dir='ltr'>quasi</span> <span class='ocrx_word' id='word_1_315' title='bbox 1351 3120 1517 3184; x_wconf 84' lang='lat' dir='ltr'>locustasl</span> <span class='ocrx_word' id='word_1_316' title='bbox 1534 3124 1707 3184; x_wconf 81' lang='lat' dir='ltr'>»Locusta</span> <span class='ocrx_word' id='word_1_317' title='bbox 1724 3115 1881 3181; x_wconf 83' lang='lat' dir='ltr'>innatatim</span> 
     </span>
     <span class='ocr_line' id='line_1_31' title="bbox 297 3214 1882 3296; baseline -0.004 -19"><span class='ocrx_word' id='word_1_318' title='bbox 297 3216 459 3279; x_wconf 87' lang='lat' dir='ltr'>riculuml</span> <span class='ocrx_word' id='word_1_319' title='bbox 472 3234 516 3280; x_wconf 88' lang='lat' dir='ltr'>an</span> <span class='ocrx_word' id='word_1_320' title='bbox 531 3219 737 3296; x_wconf 87' lang='lat' dir='ltr'>persecutiol</span> <span class='ocrx_word' id='word_1_321' title='bbox 753 3234 798 3280; x_wconf 93' lang='lat' dir='ltr'>an</span> <span class='ocrx_word' id='word_1_322' title='bbox 812 3219 963 3296; x_wconf 79' lang='lat' dir='ltr'>gladiust</span> <span class='ocrx_word' id='word_1_323' title='bbox 976 3222 1017 3282; x_wconf 87' lang='lat' dir='ltr'>Et</span> <span class='ocrx_word' id='word_1_324' title='bbox 1030 3221 1095 3283; x_wconf 88' lang='lat' dir='ltr'>ite-</span> <span class='ocrx_word' id='word_1_325' title='bbox 1148 3215 1232 3279; x_wconf 88' lang='lat' dir='ltr'>hora</span> <span class='ocrx_word' id='word_1_326' title='bbox 1250 3217 1310 3280; x_wconf 86' lang='lat' dir='ltr'>vix</span> <span class='ocrx_word' id='word_1_327' title='bbox 1323 3232 1360 3279; x_wconf 90' lang='lat' dir='ltr'>se</span> <span class='ocrx_word' id='word_1_328' title='bbox 1374 3219 1492 3279; x_wconf 87' lang='lat' dir='ltr'>aterra</span> <span class='ocrx_word' id='word_1_329' title='bbox 1507 3218 1670 3291; x_wconf 89' lang='lat' dir='ltr'>sublevat,</span> <span class='ocrx_word' id='word_1_330' title='bbox 1683 3219 1735 3280; x_wconf 86' lang='lat' dir='ltr'>sed</span> <span class='ocrx_word' id='word_1_331' title='bbox 1746 3231 1806 3278; x_wconf 89' lang='lat' dir='ltr'>cun</span> <span class='ocrx_word' id='word_1_332' title='bbox 1817 3214 1882 3273; x_wconf 78' lang='lat' dir='ltr'>estu</span> 
     </span>
     <span class='ocr_line' id='line_1_32' title="bbox 296 3310 1886 3396; baseline -0.007 -20"><span class='ocrx_word' id='word_1_333' title='bbox 296 3328 372 3391; x_wconf 88' lang='lat' dir='ltr'>rum</span> <span class='ocrx_word' id='word_1_334' title='bbox 387 3312 433 3394; x_wconf 82' lang='lat' dir='ltr'>(r.</span> <span class='ocrx_word' id='word_1_335' title='bbox 450 3315 536 3377; x_wconf 80' lang='lat' dir='ltr'>eset</span> <span class='ocrx_word' id='word_1_336' title='bbox 550 3314 626 3395; x_wconf 81' lang='lat'>39):</span> <span class='ocrx_word' id='word_1_337' title='bbox 642 3316 759 3378; x_wconf 80' lang='lat' dir='ltr'>Certus</span> <span class='ocrx_word' id='word_1_338' title='bbox 778 3333 865 3393; x_wconf 89' lang='lat' dir='ltr'>sum,</span> <span class='ocrx_word' id='word_1_339' title='bbox 884 3319 964 3395; x_wconf 86' lang='lat' dir='ltr'>quia</span> <span class='ocrx_word' id='word_1_340' title='bbox 984 3334 1095 3396; x_wconf 88' lang='lat' dir='ltr'>neque</span> <span class='ocrx_word' id='word_1_341' title='bbox 1151 3313 1238 3375; x_wconf 88' lang='lat' dir='ltr'>Solis</span> <span class='ocrx_word' id='word_1_342' title='bbox 1272 3314 1450 3387; x_wconf 84' lang='lat' dir='ltr'>exarserit,</span> <span class='ocrx_word' id='word_1_343' title='bbox 1475 3315 1578 3377; x_wconf 88' lang='lat' dir='ltr'>altius</span> <span class='ocrx_word' id='word_1_344' title='bbox 1614 3317 1711 3379; x_wconf 87' lang='lat' dir='ltr'>volat.</span> <span class='ocrx_word' id='word_1_345' title='bbox 1736 3315 1783 3377; x_wconf 84' lang='lat' dir='ltr'>Sic</span> <span class='ocrx_word' id='word_1_346' title='bbox 1804 3310 1886 3370; x_wconf 81' lang='lat' dir='ltr'>beatu</span> 
     </span>
     <span class='ocr_line' id='line_1_33' title="bbox 297 3404 1885 3492; baseline -0.006 -19"><span class='ocrx_word' id='word_1_347' title='bbox 297 3427 400 3485; x_wconf 87' lang='lat' dir='ltr'>mors,</span> <span class='ocrx_word' id='word_1_348' title='bbox 435 3426 544 3490; x_wconf 84' lang='lat' dir='ltr'>neque</span> <span class='ocrx_word' id='word_1_349' title='bbox 572 3413 654 3486; x_wconf 87' lang='lat' dir='ltr'>vita,</span> <span class='ocrx_word' id='word_1_350' title='bbox 693 3428 802 3491; x_wconf 84' lang='lat' dir='ltr'>neque</span> <span class='ocrx_word' id='word_1_351' title='bbox 832 3415 953 3492; x_wconf 72' lang='lat' dir='ltr'>angeli</span> <span class='ocrx_word' id='word_1_352' title='bbox 986 3430 1094 3492; x_wconf 85' lang='lat' dir='ltr'>neque</span> <span class='ocrx_word' id='word_1_353' title='bbox 1149 3411 1351 3473; x_wconf 83' lang='lat' dir='ltr'>Laurentius</span> <span class='ocrx_word' id='word_1_354' title='bbox 1369 3412 1406 3472; x_wconf 93' lang='lat' dir='ltr'>in</span> <span class='ocrx_word' id='word_1_355' title='bbox 1420 3411 1517 3474; x_wconf 90' lang='lat' dir='ltr'>initio</span> <span class='ocrx_word' id='word_1_356' title='bbox 1532 3412 1764 3490; x_wconf 86' lang='lat' dir='ltr'>persecutionis</span> <span class='ocrx_word' id='word_1_357' title='bbox 1775 3423 1829 3468; x_wconf 84' lang='lat' dir='ltr'>sna</span> <span class='ocrx_word' id='word_1_358' title='bbox 1844 3404 1885 3463; x_wconf 76' lang='lat' dir='ltr'>iu</span> 
     </span>
     <span class='ocr_line' id='line_1_34' title="bbox 298 3499 1884 3589; baseline 0.001 -20"><span class='ocrx_word' id='word_1_359' title='bbox 298 3508 517 3588; x_wconf 89' lang='lat' dir='ltr'>principatus,</span> <span class='ocrx_word' id='word_1_360' title='bbox 549 3525 657 3589; x_wconf 84' lang='lat' dir='ltr'>neque</span> <span class='ocrx_word' id='word_1_361' title='bbox 693 3511 846 3583; x_wconf 86' lang='lat' dir='ltr'>virtutes,</span> <span class='ocrx_word' id='word_1_362' title='bbox 884 3527 993 3589; x_wconf 89' lang='lat' dir='ltr'>neque</span> <span class='ocrx_word' id='word_1_363' title='bbox 1017 3512 1093 3573; x_wconf 93' lang='lat' dir='ltr'>ins·</span> <span class='ocrx_word' id='word_1_364' title='bbox 1149 3508 1274 3570; x_wconf 90' lang='lat' dir='ltr'>militer</span> <span class='ocrx_word' id='word_1_365' title='bbox 1295 3523 1332 3569; x_wconf 88' lang='lat' dir='ltr'>se</span> <span class='ocrx_word' id='word_1_366' title='bbox 1353 3507 1481 3581; x_wconf 85' lang='lat' dir='ltr'>habuit,</span> <span class='ocrx_word' id='word_1_367' title='bbox 1509 3509 1568 3572; x_wconf 89' lang='lat' dir='ltr'>sed</span> <span class='ocrx_word' id='word_1_368' title='bbox 1604 3510 1743 3572; x_wconf 86' lang='lat' dir='ltr'>instante</span> <span class='ocrx_word' id='word_1_369' title='bbox 1767 3499 1884 3582; x_wconf 63' lang='lat' dir='ltr'>gmtilrss</span> 
     </span>
     <span class='ocr_line' id='line_1_35' title="bbox 298 3600 1885 3686; baseline -0.004 -18"><span class='ocrx_word' id='word_1_370' title='bbox 298 3606 417 3681; x_wconf 89' lang='lat' dir='ltr'>tantia,</span> <span class='ocrx_word' id='word_1_371' title='bbox 459 3622 570 3684; x_wconf 87' lang='lat' dir='ltr'>neque</span> <span class='ocrx_word' id='word_1_372' title='bbox 605 3606 730 3681; x_wconf 86' lang='lat' dir='ltr'>lutura,</span> <span class='ocrx_word' id='word_1_373' title='bbox 772 3623 882 3686; x_wconf 86' lang='lat' dir='ltr'>neque</span> <span class='ocrx_word' id='word_1_374' title='bbox 922 3607 1093 3683; x_wconf 78' lang='lat' dir='ltr'>tortitudo,</span> <span class='ocrx_word' id='word_1_375' title='bbox 1149 3605 1394 3682; x_wconf 87' lang='lat' dir='ltr'>persecutionis</span> <span class='ocrx_word' id='word_1_376' title='bbox 1415 3605 1557 3678; x_wconf 83' lang='lat' dir='ltr'>terrore,</span> <span class='ocrx_word' id='word_1_377' title='bbox 1584 3600 1885 3669; x_wconf 74' lang='lat' dir='ltr'>excrescentium</span> 
     </span>
     <span class='ocr_line' id='line_1_36' title="bbox 297 3700 1884 3784; baseline -0.004 -19"><span class='ocrx_word' id='word_1_378' title='bbox 297 3719 406 3781; x_wconf 85' lang='lat' dir='ltr'>neque</span> <span class='ocrx_word' id='word_1_379' title='bbox 436 3704 589 3776; x_wconf 87' lang='lat' dir='ltr'>altitudo,</span> <span class='ocrx_word' id='word_1_380' title='bbox 616 3719 726 3782; x_wconf 88' lang='lat' dir='ltr'>neque</span> <span class='ocrx_word' id='word_1_381' title='bbox 745 3703 958 3782; x_wconf 83' lang='lat' dir='ltr'>protundum,</span> <span class='ocrx_word' id='word_1_382' title='bbox 986 3720 1094 3784; x_wconf 84' lang='lat' dir='ltr'>neque</span> <span class='ocrx_word' id='word_1_383' title='bbox 1151 3703 1283 3775; x_wconf 81' lang='lat' dir='ltr'>mentis,</span> <span class='ocrx_word' id='word_1_384' title='bbox 1293 3703 1327 3764; x_wconf 92' lang='lat' dir='ltr'>et</span> <span class='ocrx_word' id='word_1_385' title='bbox 1335 3718 1521 3780; x_wconf 81' lang='lat' dir='ltr'>prunarum</span> <span class='ocrx_word' id='word_1_386' title='bbox 1530 3704 1718 3768; x_wconf 88' lang='lat' dir='ltr'>ardentium</span> <span class='ocrx_word' id='word_1_387' title='bbox 1730 3700 1820 3764; x_wconf 86' lang='lat' dir='ltr'>calore</span> <span class='ocrx_word' id='word_1_388' title='bbox 1828 3706 1884 3755; x_wconf 75' lang='lat' dir='ltr'>tom·</span> 
     </span>
     <span class='ocr_line' id='line_1_37' title="bbox 297 3788 1883 3880; baseline -0.001 -19"><span class='ocrx_word' id='word_1_389' title='bbox 297 3801 453 3862; x_wconf 88' lang='lat' dir='ltr'>creatura</span> <span class='ocrx_word' id='word_1_390' title='bbox 479 3801 548 3865; x_wconf 87' lang='lat' dir='ltr'>alia</span> <span class='ocrx_word' id='word_1_391' title='bbox 570 3802 726 3879; x_wconf 87' lang='lat' dir='ltr'>poterunt</span> <span class='ocrx_word' id='word_1_392' title='bbox 747 3818 800 3864; x_wconf 89' lang='lat' dir='ltr'>me</span> <span class='ocrx_word' id='word_1_393' title='bbox 814 3799 861 3880; x_wconf 83' lang='lat'>(2)</span> <span class='ocrx_word' id='word_1_394' title='bbox 887 3817 1046 3880; x_wconf 88' lang='lat' dir='ltr'>separare</span> <span class='ocrx_word' id='word_1_395' title='bbox 1073 3819 1095 3865; x_wconf 86' lang='lat' dir='ltr'>a</span> <span class='ocrx_word' id='word_1_396' title='bbox 1148 3801 1272 3871; x_wconf 87' lang='lat' dir='ltr'>motus,</span> <span class='ocrx_word' id='word_1_397' title='bbox 1286 3801 1421 3877; x_wconf 81' lang='lat' dir='ltr'>quantae</span> <span class='ocrx_word' id='word_1_398' title='bbox 1445 3800 1662 3875; x_wconf 83' lang='lat' dir='ltr'>tortitudinis,</span> <span class='ocrx_word' id='word_1_399' title='bbox 1675 3804 1710 3865; x_wconf 88' lang='lat' dir='ltr'>et</span> <span class='ocrx_word' id='word_1_400' title='bbox 1724 3788 1883 3860; x_wconf 70' lang='lat' dir='ltr'>subintulit</span> 
     </span>
     <span class='ocr_line' id='line_1_38' title="bbox 298 3883 1883 3981; baseline 0.002 -25"><span class='ocrx_word' id='word_1_401' title='bbox 298 3896 440 3958; x_wconf 85' lang='lat' dir='ltr'>caritate</span> <span class='ocrx_word' id='word_1_402' title='bbox 466 3898 539 3970; x_wconf 82' lang='lat' dir='ltr'>Ilei,</span> <span class='ocrx_word' id='word_1_403' title='bbox 572 3914 646 3975; x_wconf 86' lang='lat' dir='ltr'>quae</span> <span class='ocrx_word' id='word_1_404' title='bbox 672 3900 723 3960; x_wconf 87' lang='lat' dir='ltr'>est</span> <span class='ocrx_word' id='word_1_405' title='bbox 750 3899 785 3959; x_wconf 91' lang='lat' dir='ltr'>in</span> <span class='ocrx_word' id='word_1_406' title='bbox 810 3899 1094 3963; x_wconf 69' lang='lat' dir='ltr'>christetem.»</span> <span class='ocrx_word' id='word_1_407' title='bbox 1146 3896 1260 3970; x_wconf 81' lang='lat' dir='ltr'>luerit,</span> <span class='ocrx_word' id='word_1_408' title='bbox 1292 3898 1439 3981; x_wconf 73' lang='lat' dir='ltr'>ostendit</span> <span class='ocrx_word' id='word_1_409' title='bbox 1470 3898 1586 3961; x_wconf 87' lang='lat' dir='ltr'>dicens</span> <span class='ocrx_word' id='word_1_410' title='bbox 1612 3898 1789 3962; x_wconf 71' lang='lat' dir='ltr'>:assatae</span> <span class='ocrx_word' id='word_1_411' title='bbox 1802 3891 1839 3954; x_wconf 71' lang='lat' dir='ltr'>eal</span> <span class='ocrx_word' id='word_1_412' title='bbox 1852 3883 1883 3961; x_wconf 78' lang='lat'>(5)</span> 
     </span>
     <span class='ocr_line' id='line_1_39' title="bbox 297 3993 1595 4075; baseline 0.003 -22"><span class='ocrx_word' id='word_1_413' title='bbox 297 3995 394 4066; x_wconf 83' lang='lat' dir='ltr'>Ecce,</span> <span class='ocrx_word' id='word_1_414' title='bbox 409 3994 497 4070; x_wconf 82' lang='lat' dir='ltr'>quod</span> <span class='ocrx_word' id='word_1_415' title='bbox 510 3993 682 4070; x_wconf 89' lang='lat' dir='ltr'>probatum</span> <span class='ocrx_word' id='word_1_416' title='bbox 700 3997 773 4057; x_wconf 90' lang='lat' dir='ltr'>erat</span> <span class='ocrx_word' id='word_1_417' title='bbox 784 4011 843 4058; x_wconf 87' lang='lat' dir='ltr'>cor</span> <span class='ocrx_word' id='word_1_418' title='bbox 855 3996 951 4059; x_wconf 90' lang='lat' dir='ltr'>istius</span> <span class='ocrx_word' id='word_1_419' title='bbox 965 4013 1026 4075; x_wconf 85' lang='lat' dir='ltr'>per</span> <span class='ocrx_word' id='word_1_420' title='bbox 1040 3998 1095 4058; x_wconf 90' lang='lat' dir='ltr'>in·</span> <span class='ocrx_word' id='word_1_421' title='bbox 1141 3997 1220 4067; x_wconf 81' lang='lat' dir='ltr'>jam</span> <span class='ocrx_word' id='word_1_422' title='bbox 1230 4008 1346 4069; x_wconf 77' lang='lat' dir='ltr'>verra,</span> <span class='ocrx_word' id='word_1_423' title='bbox 1360 3996 1393 4057; x_wconf 82' lang='lat' dir='ltr'>et</span> <span class='ocrx_word' id='word_1_424' title='bbox 1412 3999 1595 4057; x_wconf 72' lang='lat' dir='ltr'>murmura.</span> 
     </span>
     <span class='ocr_line' id='line_1_40' title="bbox 298 4078 1887 4172; baseline -0.001 -21"><span class='ocrx_word' id='word_1_425' title='bbox 298 4090 499 4167; x_wconf 83' lang='lat' dir='ltr'>tegritatem,</span> <span class='ocrx_word' id='word_1_426' title='bbox 530 4091 763 4167; x_wconf 84' lang='lat' dir='ltr'>non-divisum</span> <span class='ocrx_word' id='word_1_427' title='bbox 793 4094 829 4155; x_wconf 93' lang='lat' dir='ltr'>in</span> <span class='ocrx_word' id='word_1_428' title='bbox 855 4092 1093 4172; x_wconf 85' lang='lat' dir='ltr'>pluralitatem,</span> <span class='ocrx_word' id='word_1_429' title='bbox 1187 4093 1400 4153; x_wconf 81' lang='lat' dir='ltr'>Etot&#39;sitastt‘</span> <span class='ocrx_word' id='word_1_430' title='bbox 1415 4078 1887 4168; x_wconf 73' lang='lat' dir='ltr'>noctacniluxsuppliciunet</span> 
     </span>
     <span class='ocr_line' id='line_1_41' title="bbox 298 4174 1887 4266; baseline 0.002 -17"><span class='ocrx_word' id='word_1_431' title='bbox 298 4187 387 4251; x_wconf 90' lang='lat' dir='ltr'>sicut</span> <span class='ocrx_word' id='word_1_432' title='bbox 401 4190 434 4250; x_wconf 91' lang='lat' dir='ltr'>et</span> <span class='ocrx_word' id='word_1_433' title='bbox 448 4204 507 4250; x_wconf 90' lang='lat' dir='ltr'>cor</span> <span class='ocrx_word' id='word_1_434' title='bbox 519 4188 609 4250; x_wconf 89' lang='lat' dir='ltr'>beati</span> <span class='ocrx_word' id='word_1_435' title='bbox 625 4190 810 4264; x_wconf 87' lang='lat' dir='ltr'>Laurentii,</span> <span class='ocrx_word' id='word_1_436' title='bbox 825 4189 912 4252; x_wconf 92' lang='lat' dir='ltr'>unde</span> <span class='ocrx_word' id='word_1_437' title='bbox 927 4206 946 4252; x_wconf 88' lang='lat' dir='ltr'>a</span> <span class='ocrx_word' id='word_1_438' title='bbox 963 4192 1095 4255; x_wconf 84' lang='lat' dir='ltr'>Christo</span> <span class='ocrx_word' id='word_1_439' title='bbox 1147 4186 1235 4250; x_wconf 89' lang='lat' dir='ltr'>idest</span> <span class='ocrx_word' id='word_1_440' title='bbox 1248 4189 1468 4266; x_wconf 87' lang='lat' dir='ltr'>prosperitas,</span> <span class='ocrx_word' id='word_1_441' title='bbox 1484 4190 1518 4251; x_wconf 91' lang='lat' dir='ltr'>et</span> <span class='ocrx_word' id='word_1_442' title='bbox 1532 4205 1601 4250; x_wconf 94' lang='lat' dir='ltr'>nox</span> <span class='ocrx_word' id='word_1_443' title='bbox 1621 4188 1760 4251; x_wconf 87' lang='lat' dir='ltr'>visitatio</span> <span class='ocrx_word' id='word_1_444' title='bbox 1772 4185 1820 4252; x_wconf 78' lang='lat' dir='ltr'>est</span> <span class='ocrx_word' id='word_1_445' title='bbox 1831 4174 1887 4238; x_wconf 83' lang='lat' dir='ltr'>idat</span> 
     </span>
     <span class='ocr_line' id='line_1_42' title="bbox 298 4272 1887 4376; baseline 0 -29"><span class='ocrx_word' id='word_1_446' title='bbox 298 4302 366 4348; x_wconf 92' lang='lat' dir='ltr'>non</span> <span class='ocrx_word' id='word_1_447' title='bbox 397 4287 505 4364; x_wconf 90' lang='lat' dir='ltr'>potuit</span> <span class='ocrx_word' id='word_1_448' title='bbox 537 4287 699 4364; x_wconf 86' lang='lat' dir='ltr'>separari.</span> <span class='ocrx_word' id='word_1_449' title='bbox 734 4289 816 4349; x_wconf 92' lang='lat' dir='ltr'>Item</span> <span class='ocrx_word' id='word_1_450' title='bbox 846 4290 1002 4362; x_wconf 75' lang='lat' dir='ltr'>probasti</span> <span class='ocrx_word' id='word_1_451' title='bbox 1034 4304 1095 4352; x_wconf 80' lang='lat' dir='ltr'>cor</span> <span class='ocrx_word' id='word_1_452' title='bbox 1148 4284 1345 4348; x_wconf 86' lang='lat' dir='ltr'>adversitas.</span> <span class='ocrx_word' id='word_1_453' title='bbox 1363 4285 1444 4347; x_wconf 88' lang='lat' dir='ltr'>Inde</span> <span class='ocrx_word' id='word_1_454' title='bbox 1465 4288 1516 4349; x_wconf 88' lang='lat' dir='ltr'>est</span> <span class='ocrx_word' id='word_1_455' title='bbox 1535 4288 1623 4364; x_wconf 89' lang='lat' dir='ltr'>quod</span> <span class='ocrx_word' id='word_1_456' title='bbox 1637 4286 1697 4349; x_wconf 82' lang='lat' dir='ltr'>lob</span> <span class='ocrx_word' id='word_1_457' title='bbox 1708 4283 1779 4345; x_wconf 88' lang='lat' dir='ltr'>dicit</span> <span class='ocrx_word' id='word_1_458' title='bbox 1789 4280 1824 4358; x_wconf 82' lang='lat'>(3,</span> <span class='ocrx_word' id='word_1_459' title='bbox 1834 4272 1887 4376; x_wconf 52' lang='lat' dir='ltr'>itt}</span> 
     </span>
     <span class='ocr_line' id='line_1_43' title="bbox 296 4374 1886 4463; baseline 0 -18"><span class='ocrx_word' id='word_1_460' title='bbox 296 4399 424 4453; x_wconf 68' lang='lat' dir='ltr'>mum,</span> <span class='ocrx_word' id='word_1_461' title='bbox 450 4385 537 4446; x_wconf 88' lang='lat' dir='ltr'>idest</span> <span class='ocrx_word' id='word_1_462' title='bbox 565 4384 676 4444; x_wconf 85' lang='lat' dir='ltr'>cordis</span> <span class='ocrx_word' id='word_1_463' title='bbox 703 4384 938 4458; x_wconf 86' lang='lat' dir='ltr'>constantiam,</span> <span class='ocrx_word' id='word_1_464' title='bbox 966 4385 1007 4447; x_wconf 90' lang='lat' dir='ltr'>de</span> <span class='ocrx_word' id='word_1_465' title='bbox 1030 4402 1094 4463; x_wconf 86' lang='lat' dir='ltr'>qua</span> <span class='ocrx_word' id='word_1_466' title='bbox 1148 4383 1379 4454; x_wconf 78' lang='lat' dir='ltr'>‹Quaredata</span> <span class='ocrx_word' id='word_1_467' title='bbox 1393 4385 1444 4445; x_wconf 94' lang='lat' dir='ltr'>est</span> <span class='ocrx_word' id='word_1_468' title='bbox 1458 4384 1582 4446; x_wconf 90' lang='lat' dir='ltr'>misero</span> <span class='ocrx_word' id='word_1_469' title='bbox 1597 4385 1667 4456; x_wconf 84' lang='lat' dir='ltr'>lux,</span> <span class='ocrx_word' id='word_1_470' title='bbox 1689 4384 1721 4444; x_wconf 89' lang='lat' dir='ltr'>et</span> <span class='ocrx_word' id='word_1_471' title='bbox 1731 4374 1886 4445; x_wconf 76' lang='lat' dir='ltr'>ritaiiielm</span> 
     </span>
     <span class='ocr_line' id='line_1_44' title="bbox 295 4479 1889 4559; baseline 0.001 -17"><span class='ocrx_word' id='word_1_472' title='bbox 295 4480 358 4542; x_wconf 80' lang='lat' dir='ltr'>lob</span> <span class='ocrx_word' id='word_1_473' title='bbox 380 4479 444 4559; x_wconf 79' lang='lat'>(39,</span> <span class='ocrx_word' id='word_1_474' title='bbox 459 4483 500 4541; x_wconf 74' lang='lat'>22</span> <span class='ocrx_word' id='word_1_475' title='bbox 517 4480 558 4541; x_wconf 88' lang='lat' dir='ltr'>ad</span> <span class='ocrx_word' id='word_1_476' title='bbox 577 4480 632 4559; x_wconf 81' lang='lat'>25)</span> <span class='ocrx_word' id='word_1_477' title='bbox 650 4503 657 4541; x_wconf 91' lang='lat'>:</span> <span class='ocrx_word' id='word_1_478' title='bbox 678 4481 901 4543; x_wconf 79' lang='lat' dir='ltr'>‹Contemnit</span> <span class='ocrx_word' id='word_1_479' title='bbox 919 4498 1092 4559; x_wconf 88' lang='lat' dir='ltr'>pavorem,</span> <span class='ocrx_word' id='word_1_480' title='bbox 1148 4481 1185 4541; x_wconf 91' lang='lat' dir='ltr'>in</span> <span class='ocrx_word' id='word_1_481' title='bbox 1199 4481 1422 4542; x_wconf 86' lang='lat' dir='ltr'>amaritudine</span> <span class='ocrx_word' id='word_1_482' title='bbox 1440 4482 1667 4545; x_wconf 79' lang='lat' dir='ltr'>animaesnntl</span> <span class='ocrx_word' id='word_1_483' title='bbox 1679 4499 1697 4541; x_wconf 75' lang='lat' dir='ltr'>t</span> <span class='ocrx_word' id='word_1_484' title='bbox 1711 4480 1778 4541; x_wconf 85' lang='lat' dir='ltr'>ideo</span> <span class='ocrx_word' id='word_1_485' title='bbox 1790 4480 1889 4544; x_wconf 60' lang='lat' dir='ltr'>molit</span> 
     </span>
     <span class='ocr_line' id='line_1_45' title="bbox 298 4574 1888 4657; baseline 0.001 -20"><span class='ocrx_word' id='word_1_486' title='bbox 298 4590 360 4637; x_wconf 91' lang='lat' dir='ltr'>nec</span> <span class='ocrx_word' id='word_1_487' title='bbox 375 4575 463 4637; x_wconf 88' lang='lat' dir='ltr'>cedit</span> <span class='ocrx_word' id='word_1_488' title='bbox 475 4575 600 4652; x_wconf 76' lang='lat' dir='ltr'>gladio.</span> <span class='ocrx_word' id='word_1_489' title='bbox 617 4579 725 4656; x_wconf 87' lang='lat' dir='ltr'>Super</span> <span class='ocrx_word' id='word_1_490' title='bbox 738 4577 847 4655; x_wconf 88' lang='lat' dir='ltr'>ipsum</span> <span class='ocrx_word' id='word_1_491' title='bbox 869 4579 1002 4657; x_wconf 84' lang='lat' dir='ltr'>sonabit</span> <span class='ocrx_word' id='word_1_492' title='bbox 1017 4580 1096 4657; x_wconf 86' lang='lat' dir='ltr'>plta-</span> <span class='ocrx_word' id='word_1_493' title='bbox 1148 4578 1236 4641; x_wconf 89' lang='lat' dir='ltr'>ritur</span> <span class='ocrx_word' id='word_1_494' title='bbox 1251 4578 1291 4640; x_wconf 95' lang='lat' dir='ltr'>de</span> <span class='ocrx_word' id='word_1_495' title='bbox 1304 4578 1378 4640; x_wconf 91' lang='lat' dir='ltr'>luce</span> <span class='ocrx_word' id='word_1_496' title='bbox 1390 4578 1456 4640; x_wconf 92' lang='lat' dir='ltr'>sibi</span> <span class='ocrx_word' id='word_1_497' title='bbox 1472 4579 1562 4652; x_wconf 87' lang='lat' dir='ltr'>data,</span> <span class='ocrx_word' id='word_1_498' title='bbox 1577 4581 1657 4657; x_wconf 83' lang='lat' dir='ltr'>quia</span> <span class='ocrx_word' id='word_1_499' title='bbox 1677 4580 1712 4641; x_wconf 88' lang='lat' dir='ltr'>nt</span> <span class='ocrx_word' id='word_1_500' title='bbox 1721 4574 1791 4638; x_wconf 87' lang='lat' dir='ltr'>dicit</span> <span class='ocrx_word' id='word_1_501' title='bbox 1800 4574 1888 4639; x_wconf 71' lang='lat' dir='ltr'>propo</span> 
     </span>
    </p>
   </div>
   <div class='ocr_carea' id='block_1_9' title="bbox 295 4759 1891 5623">
    <p class='ocr_par' dir='ltr' id='par_1_11' title="bbox 295 4759 1891 5623">
     <span class='ocr_line' id='line_1_46' title="bbox 333 4759 1886 4845; baseline -0.007 -17"><span class='ocrx_word' id='word_1_502' title='bbox 333 4773 362 4843; x_wconf 89' lang='lat' dir='ltr'>(l</span> <span class='ocrx_word' id='word_1_503' title='bbox 396 4771 501 4845; x_wconf 53' lang='lat' dir='ltr'>vulga</span> <span class='ocrx_word' id='word_1_504' title='bbox 519 4787 582 4831; x_wconf 91' lang='lat' dir='ltr'>nos.</span> <span class='ocrx_word' id='word_1_505' title='bbox 1149 4772 1223 4829; x_wconf 84' lang='lat' dir='ltr'>vius.</span> <span class='ocrx_word' id='word_1_506' title='bbox 1246 4792 1257 4823; x_wconf 76' lang='lat' dir='ltr'>r</span> <span class='ocrx_word' id='word_1_507' title='bbox 1275 4773 1346 4831; x_wconf 86' lang='lat' dir='ltr'>EtS.</span> <span class='ocrx_word' id='word_1_508' title='bbox 1360 4772 1549 4845; x_wconf 75' lang='lat' dir='ltr'>Augttetinus,</span> <span class='ocrx_word' id='word_1_509' title='bbox 1560 4781 1628 4830; x_wconf 88' lang='lat' dir='ltr'>tom.</span> <span class='ocrx_word' id='word_1_510' title='bbox 1639 4773 1673 4842; x_wconf 87' lang='lat' dir='ltr'>V,</span> <span class='ocrx_word' id='word_1_511' title='bbox 1686 4769 1747 4827; x_wconf 85' lang='lat' dir='ltr'>odit</span> <span class='ocrx_word' id='word_1_512' title='bbox 1759 4768 1831 4824; x_wconf 85' lang='lat' dir='ltr'>llaur.</span> <span class='ocrx_word' id='word_1_513' title='bbox 1841 4759 1886 4835; x_wconf 68' lang='lat' dir='ltr'>illl·</span> 
     </span>
     <span class='ocr_line' id='line_1_47' title="bbox 346 4835 1886 4917; baseline -0.014 -18"><span class='ocrx_word' id='word_1_514' title='bbox 346 4844 363 4899; x_wconf 76' lang='lat' dir='ltr'>i</span> <span class='ocrx_word' id='word_1_515' title='bbox 395 4844 503 4916; x_wconf 83' lang='lat' dir='ltr'>Vulg.:</span> <span class='ocrx_word' id='word_1_516' title='bbox 520 4844 622 4916; x_wconf 87' lang='lat' dir='ltr'>poterit</span> <span class='ocrx_word' id='word_1_517' title='bbox 633 4857 696 4901; x_wconf 89' lang='lat' dir='ltr'>nos.</span> <span class='ocrx_word' id='word_1_518' title='bbox 1149 4857 1232 4910; x_wconf 74' lang='lat' dir='ltr'>wer,</span> <span class='ocrx_word' id='word_1_519' title='bbox 1249 4845 1324 4901; x_wconf 87' lang='lat' dir='ltr'>Part.</span> <span class='ocrx_word' id='word_1_520' title='bbox 1341 4846 1363 4911; x_wconf 91' lang='lat' dir='ltr'>l,</span> <span class='ocrx_word' id='word_1_521' title='bbox 1380 4859 1467 4900; x_wconf 86' lang='lat' dir='ltr'>serm.</span> <span class='ocrx_word' id='word_1_522' title='bbox 1483 4845 1546 4910; x_wconf 84' lang='lat'>303,</span> <span class='ocrx_word' id='word_1_523' title='bbox 1562 4846 1611 4917; x_wconf 84' lang='lat' dir='ltr'>qui</span> <span class='ocrx_word' id='word_1_524' title='bbox 1629 4850 1671 4900; x_wconf 88' lang='lat' dir='ltr'>eet</span> <span class='ocrx_word' id='word_1_525' title='bbox 1687 4841 1720 4898; x_wconf 85' lang='lat' dir='ltr'>de</span> <span class='ocrx_word' id='word_1_526' title='bbox 1734 4841 1758 4897; x_wconf 88' lang='lat' dir='ltr'>S.</span> <span class='ocrx_word' id='word_1_527' title='bbox 1771 4835 1886 4910; x_wconf 65' lang='lat' dir='ltr'>benarno,</span> 
     </span>
     <span class='ocr_line' id='line_1_48' title="bbox 346 4902 1885 4987; baseline -0.008 -16"><span class='ocrx_word' id='word_1_528' title='bbox 346 4914 363 4971; x_wconf 79' lang='grc'><strong>3</strong></span> <span class='ocrx_word' id='word_1_529' title='bbox 394 4914 481 4987; x_wconf 76' lang='lat' dir='ltr'>vulg.</span> <span class='ocrx_word' id='word_1_530' title='bbox 496 4930 503 4971; x_wconf 80' lang='lat' dir='ltr'><strong><em>z</em></strong></span> <span class='ocrx_word' id='word_1_531' title='bbox 516 4912 649 4971; x_wconf 85' lang='lat' dir='ltr'>vibrabit.</span> <span class='ocrx_word' id='word_1_532' title='bbox 1148 4915 1203 4971; x_wconf 89' lang='lat' dir='ltr'>col.</span> <span class='ocrx_word' id='word_1_533' title='bbox 1215 4915 1277 4977; x_wconf 82' lang='lat'>860,</span> <span class='ocrx_word' id='word_1_534' title='bbox 1294 4928 1373 4971; x_wconf 90' lang='lat' dir='ltr'>num.</span> <span class='ocrx_word' id='word_1_535' title='bbox 1391 4914 1404 4970; x_wconf 91' lang='lat' dir='ltr'>l</span> <span class='ocrx_word' id='word_1_536' title='bbox 1419 4915 1473 4971; x_wconf 90' lang='lat' dir='ltr'>ait:</span> <span class='ocrx_word' id='word_1_537' title='bbox 1490 4916 1582 4973; x_wconf 77' lang='lat' dir='ltr'>«Cum</span> <span class='ocrx_word' id='word_1_538' title='bbox 1595 4930 1630 4971; x_wconf 88' lang='lat' dir='ltr'>ex</span> <span class='ocrx_word' id='word_1_539' title='bbox 1642 4928 1698 4970; x_wconf 90' lang='lat' dir='ltr'>uno</span> <span class='ocrx_word' id='word_1_540' title='bbox 1709 4902 1885 4968; x_wconf 68' lang='lat' dir='ltr'>lateranense</span> 
     </span>
     <span class='ocr_line' id='line_1_49' title="bbox 333 4975 1885 5057; baseline -0.004 -14"><span class='ocrx_word' id='word_1_541' title='bbox 333 4987 364 5057; x_wconf 79' lang='lat' dir='ltr'>(l</span> <span class='ocrx_word' id='word_1_542' title='bbox 397 4985 503 5057; x_wconf 50' lang='lat' dir='ltr'>vulga</span> <span class='ocrx_word' id='word_1_543' title='bbox 521 4985 587 5045; x_wconf 86' lang='lat' dir='ltr'>Ubi.</span> <span class='ocrx_word' id='word_1_544' title='bbox 1149 4984 1250 5042; x_wconf 79' lang='lat' dir='ltr'>dicitm</span> <span class='ocrx_word' id='word_1_545' title='bbox 1262 4992 1340 5042; x_wconf 84' lang='lat' dir='ltr'>tanto</span> <span class='ocrx_word' id='word_1_546' title='bbox 1356 4985 1559 5056; x_wconf 87' lang='lat' dir='ltr'>tranquillitate</span> <span class='ocrx_word' id='word_1_547' title='bbox 1577 4986 1623 5043; x_wconf 89' lang='lat' dir='ltr'>illa</span> <span class='ocrx_word' id='word_1_548' title='bbox 1638 4988 1769 5042; x_wconf 85' lang='lat' dir='ltr'>tormenta</span> <span class='ocrx_word' id='word_1_549' title='bbox 1781 4975 1885 5054; x_wconf 72' lang='lat' dir='ltr'>alaisa</span> 
     </span>
     <span class='ocr_line' id='line_1_50' title="bbox 332 5045 1886 5131; baseline -0.004 -18"><span class='ocrx_word' id='word_1_550' title='bbox 332 5058 373 5128; x_wconf 79' lang='grc'>(5)</span> <span class='ocrx_word' id='word_1_551' title='bbox 397 5057 532 5114; x_wconf 79' lang='lat' dir='ltr'>Assatum</span> <span class='ocrx_word' id='word_1_552' title='bbox 556 5062 610 5122; x_wconf 87' lang='lat' dir='ltr'>est,</span> <span class='ocrx_word' id='word_1_553' title='bbox 626 5060 681 5112; x_wconf 88' lang='lat' dir='ltr'>etc.</span> <span class='ocrx_word' id='word_1_554' title='bbox 707 5054 878 5113; x_wconf 90' lang='lat' dir='ltr'>Prudentius</span> <span class='ocrx_word' id='word_1_555' title='bbox 894 5056 955 5122; x_wconf 75' lang='grc' dir='ltr'><strong>Περὶ</strong></span> <span class='ocrx_word' id='word_1_556' title='bbox 966 5058 1094 5122; x_wconf 76' lang='grc' dir='ltr'>Στεφάνων</span> <span class='ocrx_word' id='word_1_557' title='bbox 1149 5063 1179 5112; x_wconf 91' lang='lat' dir='ltr'>nt</span> <span class='ocrx_word' id='word_1_558' title='bbox 1193 5056 1358 5127; x_wconf 86' lang='lat' dir='ltr'>impleretur</span> <span class='ocrx_word' id='word_1_559' title='bbox 1372 5056 1401 5112; x_wconf 90' lang='lat' dir='ltr'>in</span> <span class='ocrx_word' id='word_1_560' title='bbox 1417 5070 1463 5123; x_wconf 92' lang='lat' dir='ltr'>eo,</span> <span class='ocrx_word' id='word_1_561' title='bbox 1477 5055 1552 5128; x_wconf 85' lang='lat' dir='ltr'>quod</span> <span class='ocrx_word' id='word_1_562' title='bbox 1573 5055 1658 5113; x_wconf 90' lang='lat' dir='ltr'>modo</span> <span class='ocrx_word' id='word_1_563' title='bbox 1672 5056 1699 5111; x_wconf 93' lang='lat' dir='ltr'>in</span> <span class='ocrx_word' id='word_1_564' title='bbox 1715 5045 1845 5131; x_wconf 71' lang='lat' dir='ltr'>livangelll¹</span> <span class='ocrx_word' id='word_1_565' title='bbox 1854 5051 1886 5092; x_wconf 74' lang='lat'>³¹¹·</span> 
     </span>
     <span class='ocr_line' id='line_1_51' title="bbox 296 5118 1888 5200; baseline -0.004 -17"><span class='ocrx_word' id='word_1_566' title='bbox 296 5123 405 5199; x_wconf 70' lang='lat' dir='ltr'>hprnno</span> <span class='ocrx_word' id='word_1_567' title='bbox 425 5127 453 5195; x_wconf 74' lang='lat'>2,</span> <span class='ocrx_word' id='word_1_568' title='bbox 473 5140 549 5183; x_wconf 84' lang='lat' dir='ltr'>vers.</span> <span class='ocrx_word' id='word_1_569' title='bbox 577 5126 630 5183; x_wconf 85' lang='lat'>397</span> <span class='ocrx_word' id='word_1_570' title='bbox 654 5124 690 5182; x_wconf 90' lang='lat' dir='ltr'>ad</span> <span class='ocrx_word' id='word_1_571' title='bbox 714 5126 767 5183; x_wconf 72' lang='lat'>408</span> <span class='ocrx_word' id='word_1_572' title='bbox 792 5129 870 5183; x_wconf 86' lang='lat' dir='ltr'>canit</span> <span class='ocrx_word' id='word_1_573' title='bbox 886 5142 893 5183; x_wconf 90' lang='lat'>:</span> <span class='ocrx_word' id='word_1_574' title='bbox 911 5148 922 5176; x_wconf 77' lang='grc' dir='ltr'><strong><em>ι</em></strong></span> <span class='ocrx_word' id='word_1_575' title='bbox 940 5128 1095 5199; x_wconf 78' lang='lat' dir='ltr'>Postquain</span> <span class='ocrx_word' id='word_1_576' title='bbox 1149 5125 1273 5182; x_wconf 84' lang='lat' dir='ltr'>divirnus</span> <span class='ocrx_word' id='word_1_577' title='bbox 1290 5143 1296 5182; x_wconf 94' lang='lat'>:</span> <span class='ocrx_word' id='word_1_578' title='bbox 1311 5128 1344 5183; x_wconf 94' lang='lat' dir='ltr'>ln</span> <span class='ocrx_word' id='word_1_579' title='bbox 1361 5127 1496 5198; x_wconf 84' lang='lat' dir='ltr'>patientia</span> <span class='ocrx_word' id='word_1_580' title='bbox 1523 5136 1614 5184; x_wconf 87' lang='lat' dir='ltr'>vestra</span> <span class='ocrx_word' id='word_1_581' title='bbox 1634 5122 1799 5200; x_wconf 66' lang='lat' dir='ltr'>possidebitis</span> <span class='ocrx_word' id='word_1_582' title='bbox 1812 5118 1888 5196; x_wconf 59' lang='lat' dir='ltr'>aarum</span> 
     </span>
     <span class='ocr_line' id='line_1_52' title="bbox 295 5186 1888 5269; baseline -0.008 -17"><span class='ocrx_word' id='word_1_583' title='bbox 295 5211 385 5269; x_wconf 89' lang='lat' dir='ltr'>vapor</span> <span class='ocrx_word' id='word_1_584' title='bbox 398 5196 525 5254; x_wconf 87' lang='lat' dir='ltr'>diutinus</span> <span class='ocrx_word' id='word_1_585' title='bbox 539 5197 656 5254; x_wconf 83' lang='lat' dir='ltr'>Dacoxit</span> <span class='ocrx_word' id='word_1_586' title='bbox 675 5203 806 5253; x_wconf 87' lang='lat' dir='ltr'>exustum</span> <span class='ocrx_word' id='word_1_587' title='bbox 823 5197 908 5265; x_wconf 87' lang='lat' dir='ltr'>latus,</span> <span class='ocrx_word' id='word_1_588' title='bbox 926 5197 1004 5254; x_wconf 90' lang='lat' dir='ltr'>Ultro</span> <span class='ocrx_word' id='word_1_589' title='bbox 1019 5214 1093 5255; x_wconf 87' lang='lat' dir='ltr'>eca-</span> <span class='ocrx_word' id='word_1_590' title='bbox 1149 5204 1268 5253; x_wconf 87' lang='lat' dir='ltr'>vestras.</span> <span class='ocrx_word' id='word_1_591' title='bbox 1286 5199 1415 5269; x_wconf 85' lang='lat' dir='ltr'>Denique</span> <span class='ocrx_word' id='word_1_592' title='bbox 1429 5197 1545 5255; x_wconf 88' lang='lat' dir='ltr'>llamma</span> <span class='ocrx_word' id='word_1_593' title='bbox 1557 5206 1645 5264; x_wconf 89' lang='lat' dir='ltr'>ustus,</span> <span class='ocrx_word' id='word_1_594' title='bbox 1657 5194 1705 5252; x_wconf 88' lang='lat' dir='ltr'>sed</span> <span class='ocrx_word' id='word_1_595' title='bbox 1720 5186 1888 5265; x_wconf 70' lang='lat' dir='ltr'>patienttalrll</span> 
     </span>
     <span class='ocr_line' id='line_1_53' title="bbox 295 5252 1887 5339; baseline 0.001 -15"><span class='ocrx_word' id='word_1_596' title='bbox 295 5273 368 5324; x_wconf 86' lang='lat' dir='ltr'>taeta</span> <span class='ocrx_word' id='word_1_597' title='bbox 389 5266 516 5339; x_wconf 83' lang='lat' dir='ltr'>judicem</span> <span class='ocrx_word' id='word_1_598' title='bbox 539 5266 697 5339; x_wconf 80' lang='lat' dir='ltr'>compellat</span> <span class='ocrx_word' id='word_1_599' title='bbox 725 5267 814 5324; x_wconf 86' lang='lat' dir='ltr'>eliatu</span> <span class='ocrx_word' id='word_1_600' title='bbox 841 5266 930 5325; x_wconf 79' lang='lat' dir='ltr'>brevi.</span> <span class='ocrx_word' id='word_1_601' title='bbox 955 5268 1096 5327; x_wconf 85' lang='lat' dir='ltr'>Converte</span> <span class='ocrx_word' id='word_1_602' title='bbox 1149 5268 1253 5338; x_wconf 86' lang='lat' dir='ltr'>quillus</span> <span class='ocrx_word' id='word_1_603' title='bbox 1269 5282 1275 5322; x_wconf 93' lang='lat'>:</span> <span class='ocrx_word' id='word_1_604' title='bbox 1291 5270 1366 5336; x_wconf 85' lang='lat' dir='ltr'>lam,</span> <span class='ocrx_word' id='word_1_605' title='bbox 1382 5268 1482 5339; x_wconf 84' lang='lat' dir='ltr'>inquit,</span> <span class='ocrx_word' id='word_1_606' title='bbox 1502 5276 1614 5326; x_wconf 71' lang='lat' dir='ltr'>cocum</span> <span class='ocrx_word' id='word_1_607' title='bbox 1628 5273 1688 5333; x_wconf 86' lang='lat' dir='ltr'>est;</span> <span class='ocrx_word' id='word_1_608' title='bbox 1703 5260 1772 5335; x_wconf 81' lang='lat' dir='ltr'>quod</span> <span class='ocrx_word' id='word_1_609' title='bbox 1789 5252 1887 5337; x_wconf 47' lang='lat' dir='ltr'>wilm&amp;</span> 
     </span>
     <span class='ocr_line' id='line_1_54' title="bbox 295 5315 1891 5419; baseline 0.004 -25"><span class='ocrx_word' id='word_1_610' title='bbox 295 5345 405 5409; x_wconf 84' lang='lat' dir='ltr'>partem</span> <span class='ocrx_word' id='word_1_611' title='bbox 426 5339 555 5410; x_wconf 88' lang='lat' dir='ltr'>corporis</span> <span class='ocrx_word' id='word_1_612' title='bbox 577 5337 651 5395; x_wconf 88' lang='lat' dir='ltr'>Satis</span> <span class='ocrx_word' id='word_1_613' title='bbox 674 5345 831 5396; x_wconf 81' lang='lat' dir='ltr'>crematam</span> <span class='ocrx_word' id='word_1_614' title='bbox 853 5337 969 5411; x_wconf 80' lang='lat' dir='ltr'>jugiter.</span> <span class='ocrx_word' id='word_1_615' title='bbox 993 5341 1028 5397; x_wconf 86' lang='lat' dir='ltr'>Et</span> <span class='ocrx_word' id='word_1_616' title='bbox 1051 5338 1097 5397; x_wconf 87' lang='lat' dir='ltr'>lac</span> <span class='ocrx_word' id='word_1_617' title='bbox 1150 5344 1263 5393; x_wconf 86' lang='lat' dir='ltr'>versate</span> <span class='ocrx_word' id='word_1_618' title='bbox 1284 5352 1341 5405; x_wconf 89' lang='lat' dir='ltr'>me,</span> <span class='ocrx_word' id='word_1_619' title='bbox 1365 5343 1394 5394; x_wconf 85' lang='lat' dir='ltr'>et</span> <span class='ocrx_word' id='word_1_620' title='bbox 1422 5338 1629 5396; x_wconf 80' lang='lat' dir='ltr'>manducate.»</span> <span class='ocrx_word' id='word_1_621' title='bbox 1648 5315 1891 5419; x_wconf 53' lang='lat' dir='ltr'>pinatorum*</span> 
     </span>
     <span class='ocr_line' id='line_1_55' title="bbox 295 5394 1888 5533; baseline -0.009 -69"><span class='ocrx_word' id='word_1_622' title='bbox 295 5408 443 5533; x_wconf 59' lang='lat' dir='ltr'>periclum,</span> <span class='ocrx_word' id='word_1_623' title='bbox 457 5408 523 5480; x_wconf 85' lang='lat' dir='ltr'>qnia</span> <span class='ocrx_word' id='word_1_624' title='bbox 541 5417 607 5466; x_wconf 88' lang='lat' dir='ltr'>tuus</span> <span class='ocrx_word' id='word_1_625' title='bbox 621 5407 768 5467; x_wconf 84' lang='lat' dir='ltr'>Vulcanus</span> <span class='ocrx_word' id='word_1_626' title='bbox 782 5408 887 5466; x_wconf 86' lang='lat' dir='ltr'>ardens</span> <span class='ocrx_word' id='word_1_627' title='bbox 898 5409 1001 5482; x_wconf 80' lang='lat' dir='ltr'>egerit.</span> <span class='ocrx_word' id='word_1_628' title='bbox 1010 5411 1093 5484; x_wconf 22' lang='lat' dir='ltr'>*Prat-</span> <span class='ocrx_word' id='word_1_629' title='bbox 1149 5408 1284 5480; x_wconf 89' lang='lat' dir='ltr'>Vesperis</span> <span class='ocrx_word' id='word_1_630' title='bbox 1304 5409 1420 5466; x_wconf 79' lang='lat' dir='ltr'>Fastis.</span> <span class='ocrx_word' id='word_1_631' title='bbox 1441 5411 1585 5467; x_wconf 85' lang='lat' dir='ltr'>Laurentii</span> <span class='ocrx_word' id='word_1_632' title='bbox 1600 5415 1675 5465; x_wconf 81' lang='lat' dir='ltr'>canit</span> <span class='ocrx_word' id='word_1_633' title='bbox 1688 5402 1799 5464; x_wconf 76' lang='lat' dir='ltr'>betleem</span> <span class='ocrx_word' id='word_1_634' title='bbox 1812 5412 1818 5452; x_wconf 91' lang='lat'>:</span> <span class='ocrx_word' id='word_1_635' title='bbox 1829 5394 1888 5449; x_wconf 70' lang='lat' dir='ltr'>tet·</span> 
     </span>
     <span class='ocr_line' id='line_1_56' title="bbox 307 5478 1663 5552; baseline 0.001 -17"><span class='ocrx_word' id='word_1_636' title='bbox 307 5486 387 5535; x_wconf 86' lang='lat' dir='ltr'>ectus</span> <span class='ocrx_word' id='word_1_637' title='bbox 403 5478 507 5536; x_wconf 88' lang='lat' dir='ltr'>inverti</span> <span class='ocrx_word' id='word_1_638' title='bbox 517 5479 693 5551; x_wconf 74' lang='lat' dir='ltr'>jubetluno</span> <span class='ocrx_word' id='word_1_639' title='bbox 707 5478 769 5538; x_wconf 88' lang='lat' dir='ltr'>ille:</span> <span class='ocrx_word' id='word_1_640' title='bbox 781 5480 896 5538; x_wconf 83' lang='lat' dir='ltr'>coetum</span> <span class='ocrx_word' id='word_1_641' title='bbox 912 5480 1095 5550; x_wconf 87' lang='lat' dir='ltr'>est‚dovora;</span> <span class='ocrx_word' id='word_1_642' title='bbox 1150 5486 1209 5536; x_wconf 84' lang='lat' dir='ltr'>tunt</span> <span class='ocrx_word' id='word_1_643' title='bbox 1225 5486 1279 5548; x_wconf 88' lang='lat' dir='ltr'>est,</span> <span class='ocrx_word' id='word_1_644' title='bbox 1292 5479 1351 5552; x_wconf 80' lang='lat' dir='ltr'>jam</span> <span class='ocrx_word' id='word_1_645' title='bbox 1367 5494 1461 5549; x_wconf 83' lang='lat' dir='ltr'>versa,</span> <span class='ocrx_word' id='word_1_646' title='bbox 1473 5487 1503 5539; x_wconf 86' lang='lat' dir='ltr'>et</span> <span class='ocrx_word' id='word_1_647' title='bbox 1515 5478 1663 5539; x_wconf 87' lang='lat' dir='ltr'>manduca.</span> 
     </span>
     <span class='ocr_line' id='line_1_57' title="bbox 295 5549 1096 5623; baseline 0.004 -17"><span class='ocrx_word' id='word_1_648' title='bbox 295 5549 332 5606; x_wconf 83' lang='lat' dir='ltr'>Et</span> <span class='ocrx_word' id='word_1_649' title='bbox 345 5550 573 5621; x_wconf 83' lang='lat' dir='ltr'>experimontum</span> <span class='ocrx_word' id='word_1_650' title='bbox 588 5564 670 5623; x_wconf 86' lang='lat' dir='ltr'>capo,</span> <span class='ocrx_word' id='word_1_651' title='bbox 686 5551 725 5606; x_wconf 87' lang='lat' dir='ltr'>eit</span> <span class='ocrx_word' id='word_1_652' title='bbox 736 5549 855 5609; x_wconf 88' lang='lat' dir='ltr'>crudum</span> <span class='ocrx_word' id='word_1_653' title='bbox 868 5566 903 5609; x_wconf 88' lang='lat' dir='ltr'>an</span> <span class='ocrx_word' id='word_1_654' title='bbox 918 5566 1014 5608; x_wconf 88' lang='lat' dir='ltr'>assum</span> <span class='ocrx_word' id='word_1_655' title='bbox 1033 5566 1096 5609; x_wconf 88' lang='lat' dir='ltr'>sua·</span> 
     </span>
    </p>
   </div>
   <div class='ocr_carea' id='block_1_10' title="bbox 0 0 1984 6196">
    <p class='ocr_par' dir='ltr' id='par_1_12' title="bbox 0 0 1984 6196">
     <span class='ocr_line' id='line_1_58' title="bbox 0 0 1984 6196; baseline 0 0"><span class='ocrx_word' id='word_1_656' title='bbox 0 0 1984 6196; x_wconf 95' lang='lat' dir='ltr'> </span> 
     </span>
    </p>
   </div>
  </div>
 </body>
</html>
