3950 6200
270 160 330 222 eat
696 153 729 218 S.
752 157 927 219 ANTONII
958 157 1146 219 Proderit
1174 159 1313 222 OPERA
1341 160 1489 222 utinm
1835 167 1890 229 928.

270 318 454 390 dexteram,
465 319 499 380 et
511 317 637 387 nostra,
649 316 735 394 quod
750 332 810 395 per
824 316 995 380 sinistram
1011 317 1070 379 de-
1342 320 1482 382 SERMO
1503 320 1706 383 cxxxviii.

269 417 440 525 ⁸ign⁸mrff
455 417 487 524 qt
502 415 550 525 Sip
566 415 649 476 scm
663 414 814 525 Christu?
832 417 955 477 ΗΘΜ
969 431 1066 476 men‘
1123 455 1203 526 Quod
1219 458 1306 528 selus,
1323 460 1384 516 sive
1398 458 1526 519 Christus
1540 460 1703 517 communis
1713 463 1882 522 estomnitms:

270 530 386 576 suram
408 514 566 574 civitatis.
593 511 675 574 Vel:
692 513 876 574 «Christus
896 511 1004 574 iactus
1019 514 1070 575 est
1159 544 1195 602 de
1214 546 1402 604 inconstantia
1417 545 1522 615 cordis,
1538 547 1613 620 qnod
1625 547 1774 618 mudena
1788 553 1884 622 quam&

172 653 175 664 =
270 610 428 686 (thediesss
448 624 553 686 usque
577 609 618 671 ad
641 612 801 681 mortem
818 613 932 671 ’3⁰00
954 610 1068 684 longi·
1158 632 1305 691 daemonas
1318 635 1498 704 tribulantur,
1513 651 1578 693 eum
1594 633 1757 708 peccatores
1770 638 1882 698 adllsrn

268 708 348 771 tudo
362 706 622 783 perseverantiae
637 728 644 766 :
662 706 824 783 patientia
843 706 933 770 enim
953 710 1069 767 nostra
1159 730 1371 782 convertuntur.

269 804 367 867 debet
388 804 538 880 incipere
563 801 605 864 ab
629 803 1068 913 obedientiaprogrediens
1155 860 1247 919 Deus
1270 859 1389 920 noster
1409 860 1573 934 operatus
1600 861 1652 922 est
1679 860 1817 922 salutem
1836 867 1863 923 m

267 919 335 965 nen
351 901 456 962 solum
479 916 585 978 usque
610 899 650 961 ad
673 916 789 978 poenas
810 900 984 975 difficiles,
1009 899 1066 962 sed

267 1000 367 1063 etiam
391 1014 497 1076 nsque
517 999 557 1059 ed
583 1001 735 1069 mortem,
760 998 827 1059 imo
846 999 880 1060 et
896 1013 1001 1075 usque
1025 998 1067 1059 ad
1175 958 1287 1016 meam
1303 956 1492 1028 terrae’etc·
1512 954 1678 1034 (9⁸³1'73’
1689 959 1727 1018 ¹²
1737 957 1776 1019 ad
1790 958 1845 1037 ¹⁵)

268 1097 385 1160 mortis
401 1097 563 1158 vilitatem
580 1112 616 1156 se
638 1096 832 1157 extendens.
858 1096 953 1158 Multi
977 1096 1067 1157 enim
1162 1096 1324 1171 Operatus
1339 1098 1391 1157 θεῖ
1407 1097 1567 1158 Dominus
1590 1099 1737 1159 sulutem
1751 1101 1786 1158 iu
1798 1103 1884 1160 medie

268 1195 372 1257 fortes
384 1195 420 1255 in
433 1193 602 1270 gravibus,
616 1193 870 1269 saepedeitciunt
880 1194 914 1253 in
925 1193 1065 1266 vilibus3
1123 1193 1240 1266 temae,
1258 1194 1344 1254 idest
1356 1195 1576 1255 communiter
1591 1195 1633 1256 ad
1649 1210 1764 1256 omnes
1782 1199 1883 1272 gentes,

268 1293 355 1371 quod
370 1293 475 1354 totum
488 1290 883 1353 notaturibisctlliristus
897 1290 1004 1352 iactus
1017 1292 1067 1351 θεῖ
1122 1291 1159 1351 ut
1182 1290 1292 1365 fldem,
1305 1294 1339 1353 θῖ
1358 1292 1502 1368 matiam
1521 1293 1593 1367 ejus
1613 1293 1805 1369 perciperet,
1824 1296 1884 1371 qui·

267 1389 427 1452 obediens
442 1404 501 1466 pro
517 1387 613 1449 nobis
629 1404 733 1464 usque
748 1387 788 1448 ad
805 1389 956 1459 mortem,
973 1402 1066 1447 mor·
1121 1402 1273 1465 cumque,
1300 1390 1421 1449 velletr
1445 1389 1532 1451 sicut
1559 1390 1642 1451 solis
1666 1390 1777 1451 radios
1797 1390 1885 1457 babet.

266 1487 333 1549 tem
349 1488 459 1547 autem
475 1485 595 1545 crucis.
608 1502 625 1544 »
639 1483 702 1545 Ubi
715 1486 826 1545 autem
837 1484 961 1546 dicitur
972 1506 980 1543 z
993 1489 1067 1545 Pro
1121 1484 1177 1560 qui
1206 1484 1248 1545 ab
1270 1485 1319 1546 eis
1339 1501 1405 1546 non
1425 1487 1497 1549 vult
1522 1485 1650 1563 lugere,
1666 1487 1720 1548 rel
1734 1487 1884 1558 abscondi;

267 1586 375 1652 uobis,
404 1580 545 1644 latitudo
583 1580 769 1641 ostenditur
800 1580 961 1642 caritatis.
993 1582 1064 1641 Ex·
1120 1580 1208 1642 unde
1237 1603 1245 1641 ε
1274 1599 1293 1641 s
1326 1584 1363 1644 In
1405 1582 1477 1644 sole
1509 1584 1620 1660 posuit
1662 1583 1884 1645 tabernaculum

266 1678 372 1742 tendit
390 1691 458 1752 pro
477 1679 572 1739 nobis
586 1678 622 1737 in
638 1693 736 1738 cruce
761 1677 942 1748 dexteram,
959 1679 993 1739 et
1017 1677 1066 1738 si·
1121 1693 1216 1738 suum
1236 1677 1372 1758 »(Psal.
1391 1680 1441 1751 18,
1456 1679 1499 1757 6).
1527 1680 1590 1740 Sed
1610 1679 1800 1751 notandum,
1818 1680 1884 1757 quod

266 1776 419 1856 nistram,
436 1776 583 1836 utetnos
593 1775 811 1835 extendamus
826 1791 884 1851 pro
898 1775 1063 1852 proximo,
1120 1775 1177 1852 qui
1192 1775 1296 1836 solem
1311 1776 1383 1837 vult
1398 1777 1522 1848 videre,
1546 1776 1597 1838 vel
1613 1775 1750 1847 habere,
1772 1792 1886 1837 necesse

266 1875 301 1936 θῖ
314 1873 354 1934 ad
368 1872 556 1950 proximum
576 1887 642 1933 non
660 1871 768 1933 solum
788 1887 860 1946 nos,
883 1872 940 1932 sed
962 1872 1064 1933 etiam
1119 1874 1181 1943 θεῖ,
1199 1873 1235 1934 ut
1245 1888 1282 1934 se
1297 1873 1331 1934 in
1343 1872 1448 1934 radiis
1460 1876 1532 1951 ejus
1544 1875 1743 1950 ponat3non
1752 1876 1830 1936 enim
1840 1873 1887 1935 ali·

266 1973 397 2045 nostra3
414 1970 507 2032 etsie
526 1969 610 2031 sciet
622 1970 773 2030 Christus
788 1971 910 2030 nostrae
926 1984 1064 2030 mensu·
1119 1970 1171 2030 ter
1184 1973 1296 2046 posset
1316 1970 1450 2041 babere,
1478 1972 1531 2032 vel
1547 1971 1661 2033 videre
1678 1989 1686 2031 :
1711 1973 1886 2033 similitsret

265 2083 339 2130 ram
354 2067 500 2129 civitatis
515 2088 523 2126 :
539 2069 574 2128 et
594 2066 642 2127 sic
661 2081 798 2128 merum
816 2068 867 2128 θεῖ
889 2082 958 2128 suae
982 2082 1065 2128 cort·
1119 2065 1159 2127 de
1183 2067 1314 2129 Christo
1329 2082 1408 2129 vero
1433 2068 1515 2140 sole,
1531 2071 1626 2147 cnjus
1652 2069 1739 2130 radii
1751 2070 1884 2130 suntin-

265 2165 490 2242 preaattontr,
504 2162 722 2240 explorando.
1118 2163 1254 2235 militas,
1268 2164 1470 2241 benignitas,
1486 2168 1677 2243 paupertas,
1693 2166 1883 2243 etpatientia.

308 2261 494 2338 Sequitur:
519 2262 629 2327 Oltam
661 2263 846 2337 possedisti
878 2264 920 2323 ob
951 2262 1061 2324 teritio.
1119 2263 1204 2332 Quot
1226 2263 1315 2323 enim
1340 2262 1493 2340 exempla
1504 2262 1690 2325 honestatis
1705 2263 1746 2324 ab
1761 2264 1825 2340 ipse
1838 2263 1886 2322 lra-

265 2359 420 2422 Possidet
427 2358 577 2420 Christus
586 2358 749 2435 siquidem
761 2359 943 2420 Ecclesiam
954 2375 1060 2430 suam,
1118 2357 1244 2433 bemus,
1259 2360 1308 2421 tot
1320 2358 1457 2419 luminis
1469 2359 1582 2421 radios
1593 2360 1633 2421 ad
1650 2376 1713 2421 nos
1728 2361 1829 2421 mittit
1838 2359 1885 2430 oui

265 2460 300 2519 et
315 2457 460 2518 animam
474 2456 603 2517 fidelem
619 2455 660 2517 eb
675 2455 772 2517 initio
787 2456 953 2532 baptismi.
967 2456 1063 2518 Unde
1118 2468 1197 2529 ergo
1210 2456 1440 2531 paupertatem
1461 2455 1556 2530 fugit,
1573 2456 1800 2532 amplectendo
1813 2454 1883 2514 diri-

265 2553 411 2617 lacobus
441 2552 837 2632 (1,18):«votuntarie
862 2554 979 2629 genuit
1002 2570 1062 2614 nos
1117 2551 1182 2613 tias
1197 2568 1204 2610 ε
1222 2552 1277 2627 qui
1291 2551 1513 2613 humilitatem
1533 2552 1669 2626 deserit,
1693 2554 1769 2613 dum
1789 2566 1883 2628 super·

264 2651 367 2714 uerbo
389 2651 552 2724 ueritatis,
576 2651 614 2711 nt
636 2651 740 2710 simus
769 2650 901 2711 initium
927 2650 1061 2727 aliquod
1117 2646 1180 2722 btt;
1198 2648 1360 2724 quomodo
1375 2648 1480 2709 solem
1496 2648 1621 2711 videbit
1632 2649 1819 2721 istumiQui
1831 2664 1882 2709 non

265 2749 430 2809 creaturae
445 2750 539 2824 eJus,
555 2764 574 2807 s
589 2746 675 2823 quod
705 2763 821 2807 sumus
849 2763 910 2824 per
934 2747 1063 2824 baptis-
1118 2745 1220 2807 intrat
1242 2745 1303 2807 bos
1318 2745 1443 2820 radios,
1460 2763 1527 2807 non
1545 2748 1655 2823 potest
1675 2747 1829 2822 attingere
1846 2744 1881 2804 ad

265 2859 371 2917 mum;
387 2847 420 2904 et
434 2844 497 2905 hoc
512 2843 611 2904 etiam
628 2843 706 2904 lecit
720 2844 912 2905 redimendo
932 2845 1062 2920 virgam
1117 2842 1269 2904 salutem.
1297 2845 1467 2917 operatus
1492 2845 1543 2906 est
1565 2844 1670 2919 igitur
1704 2846 1834 2905 solutam
1855 2844 1883 2900 iu

264 2940 471 3003 haereditatis
498 2956 568 3002 suae
592 2939 696 3018 (Psal.
719 2942 769 3010 73,
794 2939 841 3018 2),
867 2957 940 3018 quae
966 2943 1061 3018 virga
1098 2929 1227 3001 'utedto
1242 2942 1359 3002 terrae.

264 3038 435 3115 redempta
459 3039 521 3112 est,
546 3039 578 3100 et
600 3037 641 3099 de
662 3039 750 3100 statu
773 3037 900 3101 colubri
915 3039 1015 3101 rediit
1026 3040 1061 3100 in
1156 3037 1305 3109 Qualiter
1319 3039 1430 3100 autem
1453 3053 1525 3100 eam
1542 3039 1701 3116 operatus
1719 3040 1772 3112 sit,
1789 3041 1884 3100 osten·

265 3138 387 3199 stetum
407 3135 578 3212 proprium
594 3135 699 3212 :quod
716 3136 763 3207 iit,
781 3152 855 3197 cum
878 3136 987 3208 bomo,
1005 3137 1060 3214 qui
1116 3135 1215 3207 ditur,
1231 3151 1306 3196 cum
1318 3136 1468 3196 subditur
1482 3158 1490 3196 z
1504 3139 1776 3207 itccondrmusti
1787 3139 1883 3197 ineu·

264 3235 357 3311 prius
378 3234 475 3310 virga
500 3232 618 3302 iuerat,
642 3232 749 3294 factus
773 3235 823 3294 θεῖ
843 3232 980 3294 coluber
1003 3250 1062 3310 per
1116 3233 1189 3293 tute
1215 3233 1276 3294 tua
1298 3247 1410 3294 more.
1441 3233 1557 3295 Virtus
1581 3234 1656 3295 haec
1685 3237 1736 3295 θεῖ
1761 3233 1881 3310 Spiritus

265 3334 454 3409 peceatum3
477 3345 536 3406 per
554 3330 744 3406 passionem
765 3346 844 3391 uero
864 3330 985 3392 Cbristi
1006 3346 1062 3392 re·
1117 3329 1270 3400 Sanctus,
1287 3345 1352 3407 quo
1367 3330 1542 3392 confirmat
1555 3345 1658 3398 mare,
1675 3330 1762 3391 idest
1770 3345 1822 3391 cor
1830 3329 1883 3388 bo·

265 3427 437 3505 cuperavit
450 3428 553 3503 virgae
564 3429 696 3489 statum.
710 3427 1060 3503 EtChristusdevirga
1116 3425 1241 3487 minum
1271 3426 1410 3488 liuidum
1429 3430 1530 3489 vento
1557 3428 1786 3494 tentationum,
1806 3426 1882 3486 utsii

264 3523 371 3587 iactus
395 3525 447 3587 est
471 3524 608 3586 coluber
628 3521 687 3603 (1),
704 3522 745 3585 de
769 3525 901 3599 virgine
925 3539 1060 3586 carnem
1116 3522 1245 3585 firmum
1262 3526 1295 3585 et
1307 3524 1595 3586 solidumcontre
1606 3540 1665 3586 cor
1677 3525 1744 3587 tale
1757 3523 1882 3588 fluidum,

263 3637 448 3694 assumens,
466 3624 502 3683 ut
516 3621 615 3682 bomo
630 3620 670 3682 de
685 3620 826 3682 colubro
837 3622 933 3696 virga
952 3621 1058 3693 tieret,
1115 3620 1149 3680 et
1175 3619 1371 3682 inconstans
1395 3621 1476 3683 dicit
1499 3621 1753 3683 Ecclesiasticus
1767 3620 1807 3699 (5,
1821 3618 1882 3695 iil:

262 3718 351 3780 unde
377 3719 479 3781 venit.
503 3721 585 3780 Item
603 3735 642 3778 :s
657 3719 700 3779 Ut
719 3717 823 3778 simus
844 3717 978 3778 initium
996 3718 1061 3779 ali·
1115 3716 1220 3777 «Non
1239 3717 1381 3778 ventiles
1396 3720 1428 3778 te
1440 3718 1476 3779 in
1491 3734 1623 3779 omnem
1638 3721 1882 3789 ventumetnon

264 3815 351 3893 quod
364 3816 527 3877 creaturae
546 3816 659 3890 eius.»
675 3814 827 3875 Possidet
841 3815 954 3891 itaque
972 3817 1059 3876 Deus
1114 3813 1221 3874 oasin
1243 3829 1375 3875 omnem
1396 3815 1528 3876 viam.»
1553 3817 1590 3876 ln
1614 3832 1746 3876 omnem
1770 3817 1881 3875 venum

264 3911 447 3974 Ecclesiam
462 3927 556 3971 suam
571 3909 612 3970 ab
624 3910 720 3971 initio
739 3909 907 3987 baptismi,
924 3927 968 3972 ex
994 3929 1059 3990 quo
1114 3925 1150 3971 se
1163 3911 1313 3985 ventilat,
1338 3914 1373 3974 et
1395 3911 1429 3972 in
1453 3927 1585 3973 omnem
1613 3913 1704 3974 viam
1726 3913 1818 3981 vadit,
1835 3907 1880 3985 qui

263 3998 421 4079 initiavit,
437 4008 471 4068 et
485 4007 695 4069 consecravit
714 4022 787 4068 eam
807 4007 870 4068 sibi
895 4024 955 4086 per
980 4025 1060 4084 gra·
1114 4006 1229 4068 luxum
1243 4009 1358 4070 saeculi
1370 4010 1532 4087 sequitur,
1548 4013 1582 4071 et
1599 4010 1754 4071 timorem
1772 4005 1881 4070 Domini

263 4108 344 4170 tiam
359 4107 393 4167 in
408 4105 584 4183 baptismo,
601 4104 770 4167 rubricato
789 4108 953 4182 sanguine
977 4124 1060 4169 oon·
1114 4120 1249 4166 servare
1264 4121 1300 4167 se
1320 4108 1426 4183 putat,
1442 4106 1559 4168 uolens
1572 4108 1708 4178 mundo,
1730 4102 1881 4169 ethristss

262 4204 439 4266 socratam.
456 4202 608 4266 Redemit
627 4201 716 4263 enim
729 4202 857 4279 virgam
872 4202 936 4264 sibi
949 4203 1059 4266 haere·
1113 4201 1287 4279 aequaliter
1308 4203 1466 4265 militare.
1487 4207 1568 4266 Item
1593 4205 1628 4265 in
1655 4203 1770 4266 eodem
1783 4202 1838 4281 (18,
1851 4199 1884 4258 30

262 4301 428 4373 ditariam,
446 4316 545 4378 quam
560 4301 596 4360 ut
619 4299 659 4361 de
677 4303 831 4376 serpente
855 4301 986 4380 virgam
1007 4301 1059 4363 ia·
1113 4300 1146 4360 et
1164 4297 1243 4377 31):
1268 4316 1287 4360 s
1311 4301 1389 4361 Post
1413 4301 1704 4377 concupiscentias
1737 4304 1805 4362 tuas
1826 4309 1881 4358 non

262 4401 363 4470 cenet,
390 4399 431 4459 de
459 4398 555 4474 virga
581 4396 688 4459 tactus
718 4400 769 4458 est
804 4397 876 4473 ipse
902 4412 1055 4474 serpens,
1112 4396 1692 4471 eas,etaroluntatetuaavertere;
1709 4393 1883 4475 quiasids-

262 4496 419 4573 quoniam
441 4495 482 4556 de
504 4494 683 4556 immortali
704 4493 811 4556 iactus
828 4496 880 4556 est
892 4494 1055 4566 mortalis,
1112 4491 1212 4563 deris,
1229 4494 1282 4554 vel
1295 4496 1434 4569 praestes
1447 4495 1568 4556 animae
1581 4497 1649 4556 tuae
1662 4494 1884 4571 eoncupiscen-

262 4594 299 4652 ut
313 4591 354 4652 de
366 4589 498 4651 mortali
511 4590 610 4651 bomo
626 4589 720 4651 tieret
731 4589 941 4652 immortalis.
1112 4591 1176 4652 tias
1201 4593 1285 4668 ejus,
1313 4590 1413 4653 taciet
1440 4595 1472 4654 ῖθ
1495 4593 1531 4653 in
1561 4592 1721 4669 gaudium
1754 4586 1882 4651 inimicis

1111 4688 1189 4749 tuis.
1206 4702 1224 4748 s
1240 4690 1317 4749 Post
1332 4690 1620 4767 concupiscentias
1634 4690 1762 4751 seilicet
1772 4699 1881 4749 caroa-

1111 4785 1160 4847 les
1174 4801 1244 4847 nen
1260 4801 1332 4857 cas,
1346 4787 1381 4848 et
1394 4802 1417 4847 a
1428 4788 1602 4848 eduntote
1616 4786 1745 4848 scilicet
1757 4781 1881 4847 carnali,
1928 4850 1930 4855 ⁴

1110 4884 1144 4943 et
1158 4882 1356 4959 voluptuosa
1376 4885 1540 4945 avertere.
1558 4884 1593 4944 Si
1609 4883 1801 4961 praestiteris
1814 4878 1879 4941 ani·

1110 4995 1184 5051 mae,
1199 4979 1285 5041 idest
1297 4980 1497 5042 animalitati
1511 4980 1794 5057 concupiscentias
1807 4981 1879 5052 ejus,

1111 5076 1210 5139 saciet
1229 5079 1262 5138 te
1276 5078 1310 5136 in
1334 5076 1491 5152 gaudium
1504 5076 1651 5138 inimicis
1664 5077 1739 5148 tuis,
1768 5073 1883 5135 scilicet

1109 5172 1325 5235 daemonibus.

295 5332 335 5406 (l)
354 5334 458 5390 Pectus
478 5340 522 5389 est
545 5330 669 5390 coluber.
684 5332 757 5390 ven.
778 5329 1051 5390 Bedatlommeutar.
1109 5346 1166 5387 non
1190 5331 1219 5389 io
1241 5345 1328 5389 carne
1352 5331 1471 5404 peccati,
1495 5333 1569 5390 sicut
1582 5345 1700 5404 serpens
1716 5330 1762 5386 ille
1777 5327 1879 5385 tornare

259 5403 288 5460 in
304 5405 380 5486 Psel.¹
396 5405 456 5472 tls,
471 5417 546 5485 vers.
563 5404 639 5487 iti:
655 5403 809 5486 tierricus
822 5417 930 5469 aeneus,
950 5403 1052 5484 inquit,
1108 5401 1222 5529 puidam
1245 5404 1386 5476 serpentis
1412 5401 1519 5472 natiuit,
1532 5402 1583 5460 sed
1603 5417 1660 5488 non
1676 5415 1758 5458 verus
1779 5408 1880 5470 serpens

260 5481 304 5531 est
317 5474 454 5544 cbristus,
468 5489 515 5546 qur
527 5481 606 5531 uenit
617 5488 645 5531 in
661 5471 874 5531 similitudmem
887 5473 1052 5542 caruisset
1120 5479 1169 5531 nu.
1186 5494 1197 5522 ι
