3950 6200
715 292 942 356 EPISTOLAE.
966 297 1044 357 LIB.
1067 300 1124 362 XI,
1677 314 1735 376 178

432 453 554 541 XLVI

233 609 287 667 Ad
302 612 508 686 3313333333
521 617 742 678 Erculaneum.

363 760 398 815 17
407 759 533 831 januarii
547 762 626 819 1117.

147 894 266 956 mernor,
276 897 341 947 Cod.
353 897 419 961 dipl.
431 899 539 950 dominii
550 907 639 967 temp,
652 903 673 960 l,
685 903 726 961 81,
740 918 765 953 n.
778 902 844 969 131]

112 1029 236 1100 Episcopo
249 1030 407 1100 Esculaoo,
421 1047 458 1089 ne
473 1041 639 1091 extraneum
654 1033 689 1091 ad
706 1037 891 1108 potestatium

41 1115 43 1138 ¹
143 1116 183 1173 rel
203 1119 351 1176 rectoriam
367 1120 492 1179 civitatis
508 1123 577 1195 eligi
592 1124 745 1194 permittat,
769 1138 804 1182 ac
821 1127 890 1183 Ber·

143 1203 258 1262 1131133
274 1214 447 1278 potestatem
459 1210 631 1268 1133313333]
644 1226 711 1269 eam
725 1211 762 1271 ob
773 1226 891 1271 causam

42 1341 43 1366 2
146 1289 275 1348 destituat.

150 1427 508 1506 Η3333133331333333,
531 1433 606 1502 313,
623 1432 893 1494 3333331111133·

120 1522 155 1581 tri
168 1524 312 1599 episcopo
327 1527 508 1598 Esculano,
525 1527 676 1600 salutem,
693 1531 756 1590 313.

148 1620 334 1681 iamdudum
344 1623 494 1684 Ecclesia
510 1627 659 1687 Romana
672 1626 809 1702 3333113
822 1625 892 1687 313-

118 1715 173 1776 tuit
188 1717 219 1777 et
234 1719 393 1795 praecepit
406 1719 645 1783 inviolabiliter
659 1722 840 1794 observari,
856 1724 892 1784 ut

113 1812 212 1873 nullus
225 1815 360 1876 omnino
376 1817 557 1878 extraneus
576 1818 702 1895 absque
718 1819 890 1895 Apostoli-

112 1924 154 1969 33
178 1911 267 1970 Sedis
293 1912 433 1987 speciali
459 1913 597 1975 licentia
625 1917 832 1992 reciperetur
855 1917 890 1976 in

109 2005 210 2082 aliqua
224 2008 360 2070 civitate
383 2026 444 2070 seu
460 2009 533 2072 loco
548 2012 701 2074 33313313
716 2013 756 2074 31
779 2010 891 2090 331334

108 2101 227 2175 1331333,
249 2105 321 2166 3133
347 2107 449 2167 aliam
474 2109 662 2180 rectoriam,
684 2126 890 2187 quocumque

108 2200 230 2261 nomine
244 2207 453 2275 censeretur,
479 2220 519 2266 33
543 2206 630 2282 quod
650 2222 889 2283 nonnunquam

108 2296 431 2359 3311133131311131313
446 2303 620 2376 3313313113
641 2302 753 2380 adepti
777 2303 887 2364 minus

108 2395 189 2454 recte
203 2396 378 2456 sententiis
394 2397 435 2457 de
456 2397 530 2469 1113,
553 2398 705 2460 33131133
731 2400 888 2461 Ecclesiae

106 2487 300 2564 1333111333,
317 2492 437 2568 quibus
462 2497 638 2570 praeerant,
661 2497 889 2572 multipliciter

107 2583 325 2662 depravantes,
354 2590 445 2666 ipsos
470 2591 512 2652 ab
535 2593 691 2655 Ecclesiae
713 2593 888 2656 devotione

106 2687 244 2746 avertere
267 2686 482 2762 satagebant,
508 2691 542 2750 31
568 2690 618 2750 313
644 2690 888 2752 1111333333-

107 2795 196 2855 quam
208 2781 448 2858 degenerantes
464 2785 647 2861 improvide
663 2787 886 2863 13331313333

107 2876 162 2950 piae
176 2880 290 2940 matris
313 2879 525 2942 dulcedinem
544 2883 729 2944 amaricare
748 2885 887 2945 damna·

109 2971 210 3035 biliter
227 2975 431 3038 nitebantur.
447 2980 571 3039 Verum
587 2995 661 3040 cum
684 2979 796 3042 dilecti
823 2980 886 3040 11111

108 3071 235 3147 3333133
259 3074 456 3147 1133313333,
480 3075 636 3152 33311313
663 3077 786 3140 3131313
800 3093 885 3139 eon-

110 3170 226 3245 tempto,
234 3170 379 3232 nobilem
388 3172 497 3233 virum
507 3173 720 3235 Bertboldum
734 3175 769 3235 in
778 3177 884 3252 potes·

109 3264 196 3327 tatem
217 3283 389 3330 assumere
416 3272 629 3341 attentarent,
659 3288 720 3335 nos
747 3273 885 3347 indigne

107 3359 234 3425 terentes
246 3366 293 3426 113
306 3366 601 3443 contemptibiliter
611 3369 768 3430 Ecclesia
779 3371 884 3431 teme·

108 3459 167 3519 rari
187 3463 353 3533 statutum,
383 3464 420 3523 in
446 3463 596 3525 cumdem
613 3465 768 3538 nobilem,
794 3466 884 3527 elec·

108 3556 375 3630 133333111313133,
392 3561 603 3623 consiliarios
622 3564 707 3638 3333,
729 3563 762 3624 31
783 3578 886 3640 quos-

107 3649 273 3715 damalius
297 3656 388 3717 31333
409 3656 590 3719 &colonos
611 3660 755 3736 propriis
781 3660 885 3722 nomi·

105 3747 191 3810 nibus
213 3752 404 3828 designatos
421 3756 776 3818 excommunicationis
799 3772 881 3817 sen-

106 3844 228 3907 tentiam
266 3849 408 3910 fecimus
444 3850 658 3927 promulgari,
691 3854 723 3913 et
751 3852 882 3914 demum

108 3944 372 4021 promulgavimus
386 3962 515 4023 pernos
531 3948 633 4024 13333.
641 3951 687 4010 Ι311
702 3950 775 4026 1333
784 3949 882 4011 nobi·

109 4035 142 4096 lls
158 4040 195 4099 ad
220 4042 337 4103 Sedem
358 4044 581 4120 Apostolioam
615 4061 723 4122 nuper
745 4046 882 4107 veniens

110 4130 308 4199 313313113313
322 4138 520 4200 beneficium
545 4140 719 4216 flagitavit,
745 4142 881 4217 paratus

109 4244 193 4307 super
215 4234 278 4296 1333
292 4236 416 4296 3331313
432 4236 565 4298 obedire
589 4237 753 4298 mandatis
770 4261 777 4297 :
794 4239 882 4300 unde

110 4341 169 4388 com
182 4333 284 4394 mater
295 4332 444 4394 Ecclesia
459 4334 672 4396 redeuntibus
682 4335 723 4396 ad
740 4335 882 4396 333133-

109 4421 172 4486 dere
185 4444 247 4489 non
267 4429 386 4490 debeat
404 4431 534 4491 viscera
556 4431 701 4508 pietatis,
724 4448 797 4504 nos,
822 4449 880 4493 re-

109 4525 186 4597 cepto
199 4525 239 4586 ab
258 4542 297 4587 33
324 4528 545 4603 corporaliter
563 4531 764 4604 juramento,
793 4529 878 4606 quod

108 4621 250 4682 mandatis
265 4623 389 4684 nostris
405 4625 544 4699 3333133
559 4627 702 4701 3333331,
712 4627 745 4687 31
760 4625 880 4688 lacien-

108 4714 148 4772 les
156 4719 245 4791 juxta
259 4720 399 4781 sormam
418 4721 575 4782 Ecclesiae
598 4721 795 4784 beneficium
814 4723 879 4784 ab·

108 4809 259 4874 mlutionis
272 4816 434 4892 impendi,
460 4817 567 4878 eidem
591 4819 812 4895 injunximus,
841 4820 878 4881 ut

107 4910 298 4979 331331331333
313 4914 461 4975 313113113
479 4915 652 4976 Ε3331333
667 4916 802 4977 omnino
821 4916 878 4978 di-

108 5004 229 5079 nittens,
243 5010 418 5078 salarium,
434 5010 521 5088 quod
537 5012 589 5072 331
610 5012 697 5073 idem
712 5012 764 5074 vel
789 5013 878 5075 alius

107 5104 216 5166 uomina
230 5123 290 5168 suo
300 5108 429 5184 recepit
443 5124 487 5168 ex
501 5108 585 5184 ipsa,
599 5110 752 5172 restituat
766 5126 879 5187 perso·

106 5203 295 5276 3311311333,
313 5206 369 5266 331
385 5205 543 5265 duximus
563 5206 817 5282 providendum,
847 5210 880 5270 et

106 5297 173 5369 quod
190 5300 228 5361 de
242 5305 365 5363 331333
389 5300 517 5362 nullam
546 5302 581 5362 in
605 5304 695 5364 terra
720 5305 878 5366 Ecclesiae

103 5398 291 5466 331331331313
305 5400 358 5461 331
374 5398 553 5459 rectoriam
570 5400 711 5477 recipiat
733 5403 807 5462 sine
830 5401 877 5461 11-

946 455 1089 519 cialibus
1103 459 1137 520 et
1148 463 1351 526 consiliariis
1363 467 1436 542 ejus
1449 467 1740 548 prolatas'penitus

946 553 1129 628 irritantes,
1157 574 1371 638 quaecumque
1399 564 1576 627 13331313
1604 568 1740 632 civitate

946 653 1103 714 statuisse
1136 660 1328 729 noscuntur,
1368 660 1575 723 decrevimus
1610 666 1738 728 nullius

945 764 1022 810 3333
1037 754 1204 825 momenti,
1221 757 1378 832 tanquam
1399 757 1515 830 abeis,
1533 762 1589 836 qui
1612 763 1739 824 nullam

946 861 1047 922 snpra
1066 848 1118 908 1313
1139 850 1333 925 potestatem
1350 854 1507 927 habuere,
1525 861 1739 936 praesumpta.

945 943 1089 1020 ideoque
1123 946 1324 1010 fraternitati
1360 962 1425 1012 tuas
1458 968 1518 1029 333
1548 956 1738 1031 Apostolica

946 1040 1070 1116 scripta
1112 1045 1319 1118 mandamus,
1364 1050 1526 1123 quatenus
1566 1053 1739 1127 praemissa

946 1137 1139 1200 solemniter
1158 1142 1306 1216 publices
1331 1145 1364 1205 et
1392 1144 1496 1206 133133
1520 1146 1561 1208 313
1584 1149 1737 1209 omnibus

946 1232 1085 1296 tirmiter
1093 1237 1273 1300 observari.
1282 1243 1399 1301 Datrrm
1414 1243 1581 1311 Laterani,
1594 1247 1668 1305 XVI
1682 1246 1739 1306 ka-

945 1331 1061 1392 lendas
1089 1333 1262 1406 februarii,
1289 1338 1500 1414 pontificatus
1523 1342 1628 1403 nostri
1649 1357 1737 1403 auno

946 1429 1134 1492 undecimo,

1269 1657 1414 1745 XLVII

1075 1807 1127 1865 Ad
1141 1808 1322 1868 1331333333
1338 1824 1437 1884 repes
1458 1812 1562 1871 1133331
1595 1855 1603 1870 .

1211 1937 1244 1994 17
1253 1935 1378 2009 januarii
1392 1939 1471 1996 1117.

1007 2057 1483 2122 [1333333νί33113331311331333313,
1494 2063 1514 2120 1,
1527 2062 1567 2121 10,
1578 2076 1604 2115 n.
1622 2062 1674 2126 11]

943 2183 993 2240 Eis
1020 2184 1125 2255 paratis
1154 2183 1189 2240 ad
1218 2183 1405 2256 obturandum
1429 2201 1551 2254 errores,
1576 2186 1611 2244 de
1641 2188 1738 2260 legato

978 2271 1143 2342 apostolico
1158 2273 1344 2342 3111331331
1359 2273 1473 2345 133333
1488 2289 1552 2330 3313
1568 2275 1737 2335 Christianis

977 2359 1104 2416 Livoniae
1119 2366 1147 2416 et
1159 2362 1284 2417 Estomae
1299 2361 1439 2418 servanda
1454 2362 1595 2419 scribitur.

982 2494 1150 2554 Honorius
1161 2494 1648 2570 episcopus,servusserv0rum
1658 2496 1730 2567 Dei,

942 2590 1110 2651 universis
1121 2590 1256 2665 regibus
1270 2592 1410 2664 Russiae,
1423 2590 1563 2670 salutem
1578 2594 1611 2653 31
1625 2593 1733 2652 omnis

941 2687 1058 2762 gratiae
1071 2686 1228 2748 fructum.

982 2784 1169 2845 (laudemus
1184 2784 1218 2845 in
1234 2785 1384 2856 Domino,
1402 2785 1486 2862 quod
1502 2785 1588 2846 31331
1603 2785 1736 2846 331131-

941 2896 1025 2951 mus,
1042 2881 1151 2941 nuntii
1167 2882 1269 2942 vestri
1285 2883 1327 2942 ad
1346 2881 1571 2942 uenerabilem
1594 2881 1731 2943 13313333

941 2980 1101 3048 nostrum,
1118 2978 1339 3039 Mutinensem
1355 2979 1558 3054 episcopum,
1585 2979 1732 3054 Aposto-

941 3074 1015 3135 licae
1028 3075 1121 3136 Sedis
1136 3073 1292 3151 legatum,
1310 3091 1330 3136 a
1344 3076 1451 3137 latere
1473 3077 1598 3148 nostre,
1616 3077 1732 3138 13333-

940 3173 1045 3243 missi,
1062 3189 1137 3234 eum
1147 3172 1320 3234 humiliter
1333 3175 1546 3248 rogaverunt,
1568 3174 1605 3233 ut
1619 3175 1731 3249 partes

939 3271 1069 3331 vestras
1084 3271 1305 3346 personaliter
1323 3271 1485 3341 visitaret,
1503 3270 1580 3347 quia
1596 3270 1734 3346 cupien-

938 3368 989 3427 tes
1004 3382 1087 3427 sana
1102 3367 1253 3428 doctrina
1273 3366 1453 3428 salubriter
1474 3367 1607 3436 instrui,
1624 3367 1732 3442 parati

938 3463 1019 3524 estis
1034 3479 1149 3524 omnes
1164 3479 1295 3524 errores
1310 3466 1441 3541 penitus
1455 3464 1631 3539 abnegare,
1649 3478 1732 3539 quos

938 3563 1073 3637 propter
1087 3558 1250 3621 delectum
1266 3561 1531 3637 praedicatorum,
1548 3561 1634 3621 sicut
1649 3560 1729 3619 dici·

937 3658 1002 3730 tur,
1020 3657 1221 3729 incurristis,
1236 3662 1343 3734 31333
1359 3657 1478 3734 quibus
1493 3658 1599 3718 iratus
1614 3658 1731 3718 contra

937 3772 997 3816 333
1007 3755 1178 3825 Dominus,
1195 3755 1345 3830 permisit
1359 3770 1419 3815 vos
1435 3753 1597 3815 hactenus
1612 3754 1731 3815 multi-

937 3853 1070 3929 pliciter
1087 3852 1252 3923 tribulari,
1278 3851 1487 3914 tribulandos
1515 3851 1638 3922 acrius,
1666 3850 1731 3910 nisi

937 3950 977 4010 de
993 3950 1084 4011 13313
1097 3949 1221 4010 3333313
1235 3949 1378 4009 adriam
1393 3949 1652 4024 properaveritis
1666 3963 1730 4010 33-

936 4047 1057 4117 3113113,
1080 4062 1154 4107 cum
1182 4048 1303 4122 quanto
1330 4046 1453 4106 diutius
1469 4044 1669 4106 duraveritis
1694 4044 1731 4105 in

936 4157 1062 4214 errore,
1086 4144 1178 4204 tanto
1192 4144 1310 4203 timere
1326 4142 1460 4219 possitis
1475 4140 1646 4216 angustias
1662 4141 1728 4200 du-

935 4240 1056 4312 riores,
1072 4241 1149 4317 quia
1162 4240 1224 4301 etsi
1246 4256 1312 4300 non
1325 4240 1491 4300 irascatur
1506 4253 1565 4314 per
1579 4237 1729 4311 singulos

936 4336 1007 4398 dies
1035 4337 1205 4407 Dominus,
1235 4336 1270 4396 13
1297 4351 1355 4396 333
1376 4337 1486 4396 tamen
1505 4334 1560 4411 qui
1580 4333 1729 4395 converti

935 4434 1162 4504 contemnunt,
1194 4449 1262 4493 suae
1292 4432 1424 4493 tandem
1449 4431 1559 4493 vibrat
1582 4431 1730 4506 gladium

936 4531 1084 4592 ultionis.
1102 4534 1167 4590 Per
1177 4545 1235 4590 vos
1249 4530 1360 4605 itaque
1371 4529 1556 4590 certificare
1566 4529 1728 4601 volentes,

935 4643 978 4687 an
993 4628 1104 4689 velitis
1119 4624 1242 4687 babere
1258 4626 1299 4687 ab
1312 4626 1460 4687 Ecclesia
1474 4629 1623 4688 Romana
1637 4627 1730 4702 lega-

934 4724 1015 4796 tum,
1032 4725 1069 4785 ut
1083 4726 1154 4800 ejus
1168 4723 1370 4784 salutaribus
1394 4724 1527 4785 monitis
1546 4723 1726 4794 informati,

934 4821 1108 4882 catholicae
1132 4820 1221 4893 11131,
1250 4822 1413 4898 sineque
1440 4837 1538 4882 nemo
1565 4820 1725 4891 salvatur,

933 4919 1181 4995 amplectamini
1195 4919 1381 4990 veritatem,
1394 4918 1643 4978 universitatem
1657 4931 1729 4976 ves·

933 5015 1019 5075 tram
1034 5029 1203 5089 33331333,
1220 5029 1402 5086 monemus,
1425 5015 1458 5075 31
1476 5014 1649 5073 hortamur
1669 5014 1726 5073 at-

933 5112 1033 5183 tente,
1051 5114 1215 5187 quatenus
1230 5127 1330 5188 super
1349 5112 1413 5172 1333
1426 5110 1629 5171 voluntatem
1643 5124 1725 5170 ves-

932 5209 1019 5269 tram
1058 5207 1153 5268 nobis
1183 5224 1243 5284 per
1268 5209 1407 5280 litteras,
1431 5209 1463 5268 31
1491 5205 1604 5265 1113133
1632 5220 1724 5266 333·

932 5305 998 5366 1133
1028 5304 1201 5365 intimetis·
1227 5305 1363 5365 Interim
1386 5306 1496 5364 autern
1512 5317 1626 5377 pacem
1651 5319 1727 5365 cum

932 5402 1135 5463 Christianis
1151 5402 1192 5462 de
1214 5402 1370 5471 Livonia,
1397 5402 1430 5461 31
1441 5398 1577 5460 Estonia
1597 5400 1726 5461 firmam

22 5451 24 5540 I
101 5496 298 5559 1331383113
321 5495 529 5574 apostolica
551 5498 703 5574 33331311.
732 5501 877 5561 Senten-
932 5499 1107 5570 trabentes,
1133 5497 1414 5574 33313333113113
1439 5494 1623 5573 proiectum
1649 5499 1726 5559 11131

22 5591 23 5626 v
99 5589 281 5674 tiasquoque
295 5594 341 5657 ab
354 5593 484 5655 eisdem
505 5593 619 5666 nobili,
648 5595 786 5667 vicario,
804 5596 879 5658 3111-

931 5595 1144 5666 Gbristianae,
1161 5611 1204 5657 33
1218 5595 1364 5655 divinam
1375 5595 1408 5655 et
1421 5594 1619 5671 Apostolicae
1632 5595 1725 5658 Sedis
