3950 6200
799 284 804 289 ’
831 304 1006 370 norroan
1027 307 1070 369 111
1092 309 1240 372 orons.
1818 313 1856 373 es

338 631 391 689 Ad
406 630 594 705 capitulum
606 631 890 707 cremonensem.

496 769 529 826 13
548 771 641 827 martii
655 771 733 829 md.

390 903 480 967 ffejer,
490 902 551 952 Cod.
567 903 684 968 diplom,
697 904 739 963 111,
753 919 782 963 11,
793 904 845 970 80.]

220 1028 256 1085 Se
271 1026 434 1097 liebertum,
452 1028 695 1101 vesprimiensem
709 1029 886 1102 episcopum,
902 1037 1007 1087 metro·

254 1117 410 1188 politanum
435 1117 662 1189 strigoniensem
682 1119 863 1176 constituisse
886 1120 1010 1191 capitulo

254 1206 443 1276 strigoniensi
471 1206 603 1275 affirmat,
638 1205 788 1280 eidemque
818 1205 1008 1265 obedientiam

253 1292 380 1351 exhiberi
394 1293 493 1366 exigit.

259 1430 438 1500 Honorius,
450 1431 526 1504 etc,
538 1432 684 1509 capitulo
700 1433 932 1509 strigoniensi,
944 1433 1006 1495 etc.

259 1532 296 1589 ln
312 1544 494 1603 gravamen
508 1530 739 1604 ecclesiarum,
758 1547 899 1608 quarum
914 1530 1009 1591 nobis

218 1630 268 1687 est
287 1626 475 1688 sollicitudo
493 1628 680 1700 commissa,
698 1644 764 1689 non
779 1628 872 1690 decet
887 1628 1010 1705 aliqui-

215 1723 277 1784 bus
293 1740 353 1785 nos
369 1723 509 1795 deterre,
524 1727 683 1786 uteorum
697 1725 1009 1787 arbitrioecclesia-

216 1838 290 1882 rum
305 1823 453 1898 ipsarum
475 1824 640 1884 ordinatio
664 1824 886 1901 relinquatur3
909 1825 939 1884 si
960 1823 1008 1885 eis

216 1919 250 1979 in
268 1919 391 1981 talibus
409 1936 479 1981 suae
500 1935 631 1997 semper
645 1922 890 1998 permitteretur
906 1921 1009 1983 liber-

214 2017 276 2077 tati
296 2017 460 2088 volnntas,
476 2019 626 2095 plerique
650 2024 764 2081 contra
782 2019 952 2095 proprium
975 2021 1009 2081 et

215 2114 349 2175 illarum
372 2116 580 2176 commodum
601 2118 748 2192 agerent,
765 2118 819 2177 vel
841 2133 907 2179 non
927 2134 1008 2178 con-

216 2212 383 2273 suleretur
411 2213 572 2283 ecclesiis,
599 2213 655 2273 sed
683 2214 847 2289 personis.
878 2215 1006 2275 Dudum

215 2324 297 2369 sane
313 2310 551 2385 strigoniensis
577 2309 731 2381 ecclesia,
752 2311 895 2386 pastoris
918 2311 1008 2373 sola-

215 2406 261 2466 tio
278 2405 444 2478 destituta,
456 2407 600 2483 primum
615 2406 679 2469 duo
694 2407 850 2470 videlieet
863 2425 1007 2470 venera-

214 2501 299 2564 biles
319 2503 439 2564 iratres
455 2505 598 2566 nostri...
623 2504 838 2566 cenadiensis
853 2506 922 2567 et...
940 2506 1006 2565 Ni-

213 2600 350 2661 triensis
365 2601 523 2677 episcopi,
537 2601 671 2662 suerunt
685 2602 720 2661 in
731 2604 802 2678 eius
818 2602 1006 2680 archiepis·

190 2690 368 2772 ¹copatum
388 2697 560 2773 postulati3
591 2698 647 2758 sed
672 2714 747 2759 cum
775 2699 886 2759 minus
910 2715 1008 2760 cano·

213 2794 291 2855 nica
306 2794 478 2870 utriusque
493 2794 671 2870 postulatio
684 2794 796 2867 inerit,
812 2812 873 2856 nos
889 2799 1006 2858 neutra

214 2892 363 2966 ipsarum
387 2891 544 2963 admissa,
575 2892 653 2953 licet
675 2892 775 2953 aliter
800 2894 1006 2970 potuerimus

215 2989 256 3049 de
272 2988 361 3063 juris
379 2989 493 3064 vigore
515 2989 706 3066 procedere,
725 2990 843 3052 iterato
861 2991 1006 3066 eligendi

213 3086 267 3148 vel
291 3087 480 3165 postulandi
508 3088 668 3151 canonice
696 3089 737 3152 de
769 3091 878 3167 gratia
911 3091 1006 3154 vobis

213 3186 439 3247 concessimus
453 3187 663 3263 potestatem3
680 3189 735 3249 sed
750 3191 921 3251 cumvotis
936 3206 1007 3251 ves-

211 3284 275 3354 tris
294 3282 327 3342 in
351 3284 482 3344 diversa
507 3283 623 3345 divisis
640 3286 773 3362 quidam
797 3288 1006 3363 postularunt

213 3381 365 3442 eumdem
391 3381 628 3443 cenadiensem
657 3384 858 3461 episcopum,
882 3387 914 3447 et
946 3386 1006 3445 alii

212 3481 249 3539 Τ.
289 3478 560 3540 archidiaconum
602 3480 807 3557 elegissent3
849 3483 1004 3559 quoniam

213 3576 505 3653 utriusquepartis
522 3592 698 3653 processus
715 3578 868 3640 inventus
884 3584 933 3641 est
948 3581 1007 3640 mi·

212 3690 276 3734 nus
302 3674 480 3749 legitimus,
506 3675 703 3736 electionem
732 3677 950 3748 cassavimus
972 3680 1006 3740 et

212 3769 470 3846 postulationem
485 3786 552 3830 non
571 3770 727 3832 duximus
745 3772 1002 3847 admittendam3

213 3882 253 3928 ac
264 3866 360 3928 vobis
374 3868 482 3931 denno
492 3869 635 3944 gratiam
646 3868 817 3941 iacientes,
834 3870 1005 3930 universi-

211 3967 273 4027 tati
285 3967 408 4027 vestraa
421 3982 480 4042 per
494 3966 623 4028 litteras
638 3967 769 4028 nostras
783 3966 1003 4041 injunximus,

212 4064 250 4124 ut
268 4064 410 4140 quatuor
429 4067 577 4125 vestrum
596 4063 637 4124 ad
658 4064 804 4125 nostram
829 4063 1004 4126 mitteretis

211 4161 435 4237 praesentiam,
448 4177 587 4237 quorum
600 4159 738 4220 consilio
754 4160 919 4237 praedictae
932 4177 1005 4238 pos·

212 4274 324 4319 semus
336 4259 487 4320 ecclesiae
499 4259 539 4319 de
554 4257 803 4333 archiepiscopo
817 4258 1002 4334 providere.

211 4357 327 4431 Nuper
350 4360 460 4418 autem
490 4356 620 4417 dilectis
646 4355 761 4415 liliis...
779 4354 1001 4426 thesaurario,

211 4453 388 4515 Nicolao...
406 4455 439 4515 et
458 4456 587 4516 Joanne
602 4453 772 4515 canonicis
791 4453 1002 4528 strigonien-

213 4549 305 4610 sibus
320 4567 432 4612 coram
448 4551 542 4611 nobis
554 4550 823 4626 comparentibus
834 4552 907 4612 vice
922 4567 1002 4613 ves-

211 4650 358 4720 tra,n0s,
376 4647 543 4709 intellecta
561 4649 733 4709 voluntate
753 4648 911 4725 ipsorum,
928 4664 1002 4709 cum

213 4746 328 4807 eadem
351 4745 492 4806 eeclesia
517 4745 574 4804 diu
593 4745 728 4806 viduata
744 4745 904 4816 extiterit,
916 4745 1003 4806 unde

212 4861 278 4907 non
295 4844 458 4905 modicam
477 4843 646 4904 sustimnit
668 4843 705 4902 in
726 4842 956 4918 spiritualibus
971 4845 1004 4904 et

210 4940 450 5019 temporalibus
487 4940 680 5010 laesionem,
720 4954 846 5016 nosque
880 4939 1004 5000 habere

210 5041 397 5117 oportuerit
410 5040 595 5114 respectum
615 5037 657 5098 ad
680 5040 795 5104 Deum,
816 5036 1003 5097 animarum

212 5139 364 5204 salutem,
383 5135 567 5212 proiectum
580 5134 730 5194 ecclesiae
745 5135 947 5204 memoratae,
965 5149 1003 5193 ae

212 5234 467 5296 necessitatibus
498 5237 570 5306 ejus
599 5231 785 5303 consulere,
816 5234 911 5308 cujus
934 5234 1002 5307 jam

211 5332 414 5410 parcendum
430 5332 503 5392 erat
515 5329 695 5401 laboribus
705 5328 872 5403 expensis
885 5328 1003 5404 qrdbus

212 5432 264 5491 est
283 5429 443 5490 hactenus
459 5444 525 5488 non
546 5426 709 5487 modicum
725 5425 874 5500 fatigata,
897 5441 1004 5488 vene-

210 5528 350 5589 rabilem
375 5528 511 5587 fratrem
537 5525 685 5585 nostrum
708 5526 747 5584 R.
772 5523 1003 5599 vesprimien-

214 5642 282 5687 sem
306 5624 508 5699 episcopum,
531 5622 639 5681 virum
660 5621 816 5682 dilectum
836 5635 855 5681 a
882 5622 949 5681 Deo
971 5623 1005 5681 et

1068 466 1267 541 bominibus,
1296 469 1369 531 risa
1393 473 1465 548 ejus
1495 470 1749 535 conversatione
1775 487 1856 549 prae·

1067 564 1170 632 clara,
1191 566 1232 626 de
1251 582 1316 642 quo
1338 570 1420 629 certi
1446 584 1570 639 sumus,
1587 569 1672 646 quod
1692 569 1856 630 carissimi

1066 660 1102 720 in
1117 661 1248 723 Christo
1268 663 1329 723 tilii
1344 665 1450 725 nostri
1470 668 1509 725 Α.
1524 666 1615 740 regis
1632 665 1812 741 Hungarim
1824 666 1856 726 et

1066 759 1161 833 regni
1182 760 1234 820 sui
1259 760 1496 822 exaltationem
1515 762 1633 837 diligit,
1650 764 1684 822 et
1696 776 1869 837 augmen·¹

1066 857 1153 929 tum;
1176 872 1250 917 cum
1265 858 1391 917 nullum
1405 858 1510 918 alium
1527 859 1568 918 ad
1584 859 1740 935 praedicta
1758 860 1854 920 inve-

1066 952 1213 1013 nerimus
1234 956 1302 1015 tam
1319 954 1486 1027 idoneum,
1501 955 1541 1016 de
1556 956 1695 1017 fratrum
1719 958 1853 1018 nostro·

1065 1062 1138 1108 rum
1162 1051 1304 1112 consilio
1323 1051 1364 1113 ad
1390 1053 1538 1113 eamdem
1563 1051 1739 1113 ecclesiam
1759 1069 1855 1114 assu-

1064 1146 1220 1207 mendum
1242 1163 1285 1208 ex
1312 1147 1422 1209 officio
1450 1150 1566 1211 nostro
1590 1149 1795 1225 providimus
1819 1150 1854 1210 in

1064 1244 1249 1319 pastorem
1274 1249 1307 1307 et
1331 1245 1541 1307 absolventes
1563 1262 1637 1306 eum
1666 1247 1852 1319 avincula,

1065 1357 1128 1417 quo
1157 1343 1397 1417 vesprimiensi
1426 1343 1577 1404 ecclesiae
1602 1342 1787 1415 tenebatur,
1813 1344 1854 1404 ad

1066 1438 1329 1513 strigoniensem
1345 1440 1553 1516 metropolim
1576 1440 1685 1516 ipsum
1706 1440 1852 1501 transie-

1064 1535 1180 1607 rimus,
1193 1551 1232 1595 ac
1241 1535 1303 1595 sibi
1315 1535 1491 1597 tribuimus
1502 1537 1669 1598 licentiam
1681 1537 1855 1598 transeun-

1064 1631 1108 1691 di.
1126 1632 1208 1702 Quia
1219 1648 1310 1703 vero,
1325 1633 1354 1693 si
1370 1634 1496 1709 patrem
1511 1633 1585 1709 quis
1599 1634 1731 1694 tenetur
1749 1634 1855 1695 hono-

1064 1744 1140 1789 rare
1155 1730 1336 1801 carnalem,
1353 1730 1537 1805 spiritualis
1553 1729 1649 1791 debet
1662 1730 1705 1790 ab
1723 1732 1796 1809 ipso
1814 1746 1853 1793 ao

1063 1825 1206 1901 amplius
1221 1826 1391 1896 honorari,
1415 1843 1480 1902 quo
1500 1826 1679 1903 pretiosior
1690 1829 1740 1888 est
1754 1843 1854 1888 earne

1063 1923 1200 1999 spiritus
1220 1925 1253 1984 et
1271 1923 1465 1998 corporibus
1481 1925 1559 1984 sunt
1578 1923 1698 1985 animae
1718 1925 1852 2000 dignio-

1063 2035 1116 2080 res
1145 2041 1152 2080 :
1182 2020 1393 2082 universitati
1420 2022 1542 2082 vestrm
1572 2036 1633 2097 per
1665 2022 1853 2098 Apostolica

1063 2117 1185 2193 scripte
1205 2117 1410 2188 mandamus
1428 2118 1592 2194 quatenus
1612 2117 1678 2194 ipsi
1697 2120 1853 2194 tanquam

1063 2214 1149 2289 patri
1163 2216 1195 2275 et
1210 2215 1335 2290 pastori
1349 2214 1536 2274 animarum
1546 2216 1744 2282 vestrarum,
1758 2215 1854 2290 plene

1062 2325 1102 2370 ac
1123 2310 1295 2371 humiliter
1318 2310 1508 2382 intendatis,
1534 2310 1568 2371 et
1593 2309 1780 2372 exhibeatis
1804 2311 1855 2372 ei-

1063 2407 1136 2467 dem
1159 2407 1380 2468 obedientiam
1409 2410 1441 2469 et
1465 2409 1688 2469 reverentiam
1710 2407 1854 2469 debitam

1062 2520 1101 2564 ac
1122 2505 1285 2576 devotam,
1304 2508 1376 2581 ejus
1395 2503 1543 2565 salubria
1560 2504 1686 2565 monita
1707 2506 1741 2565 et
1758 2520 1855 2565 man·

1062 2601 1139 2662 data
1161 2602 1373 2677 suscipiendo
1395 2603 1524 2670 devote,
1549 2602 1584 2662 et
1616 2601 1855 2663 inviolabiliter

1062 2697 1290 2771 observando;
1328 2699 1477 2774 alioquin
1512 2698 1721 2769 sententiam,
1755 2714 1853 2776 quam

1061 2795 1133 2870 ipse
1149 2795 1393 2856 rationabiliter
1407 2796 1521 2856 tulerit
1535 2796 1569 2856 in
1588 2795 1764 2858 rebelles...
1780 2811 1854 2856 ser-

1061 2892 1145 2952 rari.
1159 2894 1278 2954 Datum
1292 2892 1461 2961 Laterani,
1476 2895 1522 2954 ΙΙΙ
1537 2893 1612 2954 idne
1628 2893 1750 2965 martii,
1765 2907 1853 2954 anno

1062 2989 1202 3050 decimo.

1402 3207 1509 3294 CXII

1130 3358 1182 3417 Ad
1196 3359 1372 3418 Arrdrecm
1386 3371 1506 3433 regem
1519 3360 1783 3433 uerrparorrrm.

1338 3497 1371 3553 13
1386 3496 1479 3553 martii
1495 3496 1575 3554 titt,

1221 3618 1311 3682 [Fejen
1326 3618 1387 3669 Cod.
1402 3618 1518 3684 diplom,
1531 3619 1573 3677 ΙΙΙ,
1591 3633 1621 3677 ιι,
1637 3617 1690 3682 82]

1060 3740 1092 3800 Id
1107 3743 1199 3814 ipsum
1212 3744 1298 3799 etiam
1311 3742 1443 3812 Andreae,
1459 3745 1521 3815 regi
1535 3743 1698 3815 ilungariae,
1715 3743 1852 3810 notificat,

1148 3832 1299 3903 ipsumque
1314 3828 1458 3888 favoribus
1472 3830 1557 3902 huius
1569 3829 1763 3888 commendet.

1099 3965 1283 4036 Honorius,
1305 3964 1381 4038 etc,
1402 3964 1475 4041 regi
1494 3967 1730 4039 Hungarorum
1751 3964 1853 4025 illus-

1059 4062 1114 4133 tri,
1129 4065 1191 4122 etc.
1384 4115 1388 4122 Ι

1099 4159 1227 4219 Dudum
1258 4159 1482 4235 strigonensis
1506 4159 1671 4231 Ecclesia,
1708 4159 1853 4236 pastoris

1059 4256 1178 4318 solatio
1196 4256 1363 4328 destituta,
1385 4259 1423 4317 ot
1437 4273 1547 4331 stupra
1556 4272 1663 4330 usque
1678 4257 1852 4334 praeclara,

1059 4369 1156 4429 quem
1184 4354 1352 4430 tamquam
1378 4353 1507 4427 experti
1533 4353 1697 4424 novimus,
1723 4352 1856 4414 exalta-

1058 4450 1159 4511 tionis
1183 4452 1249 4511 tuae
1271 4450 1415 4520 aridum,
1438 4451 1473 4511 et
1485 4450 1571 4525 regii
1590 4450 1769 4512 zelatorem
1785 4450 1852 4510 bo-

1058 4549 1165 4622 noris3
1194 4564 1269 4608 cum
1297 4548 1369 4624 ipse
1391 4548 1471 4608 olim
1500 4548 1549 4608 sic
1572 4547 1763 4620 efficaciter,
1787 4564 1854 4625 quo

1059 4645 1170 4705 nullus
1194 4646 1281 4705 alius
1305 4645 1486 4715 efficacius,
1512 4659 1571 4722 pro
1596 4645 1742 4706 sedanda
1777 4661 1854 4705 cum

1059 4743 1185 4804 honore
1210 4746 1266 4803 tuo
1291 4742 1457 4802 discordia
1486 4742 1575 4802 inter
1599 4743 1642 4813 te,
1671 4743 1704 4803 et
1738 4743 1856 4804 natum

1058 4843 1151 4902 tuum
1165 4839 1279 4900 habita
1301 4839 1483 4914 laboravit;
1505 4840 1545 4900 ad
1568 4840 1717 4900 eamdem
1739 4839 1855 4900 eccle-

1060 4938 1157 5006 siam,
1174 4953 1250 4997 cnm
1274 4936 1403 4997 nullum
1422 4936 1525 4996 alium
1540 4936 1766 4997 invenerimus
1782 4939 1855 4998 tam

1060 5035 1226 5103 idoneum,
1252 5034 1292 5094 de
1319 5033 1459 5094 fratrum
1483 5034 1674 5094 nostrorum
1697 5034 1854 5108 consilia,

1059 5132 1294 5193 assumendum
1316 5147 1359 5191 ex
1377 5130 1487 5190 officio
1508 5133 1622 5191 nostro
1647 5130 1856 5207 providimus

1059 5231 1095 5289 in
1116 5232 1294 5305 pastorem,
1318 5229 1351 5288 et
1366 5227 1583 5306 ,absolventes
1609 5243 1685 5288 enm
1703 5229 1854 5303 vinculo,

1059 5342 1124 5403 quo
1147 5325 1402 5402 wesprimiensi
1424 5324 1574 5385 ecclesiae
1599 5324 1785 5397 tenebatur,
1809 5327 1857 5388 ad

1060 5424 1321 5498 strigoniensem
1349 5421 1557 5497 metropolim
1580 5422 1689 5498 ipsum
1713 5424 1859 5485 transie-

1058 5521 1176 5592 rimus,
1199 5535 1239 5581 ac
1268 5519 1331 5579 sibi
1353 5517 1531 5578 tribuimus
1556 5517 1727 5581 licentiam
1750 5522 1856 5582 tran-

1059 5617 1189 5678 seundi.
1203 5617 1364 5689 Quocirca
1379 5615 1593 5677 serenitatem
1608 5616 1735 5693 regiam
1750 5632 1859 5694 roga-
