3950 6200
73 217 142 280 1021
440 217 549 279 PARS
579 219 725 281 PRIMA.
742 247 786 264 ·-
804 220 1025 282 EXPOSITIO
1054 221 1099 282 IN
1128 221 1331 284 PSALMOS.
1629 228 1713 292 1022.

301 376 441 438 SERMO
461 351 634 440 CLXXII(
913 377 1141 448 ambulabunt,
1157 381 1191 444 et
1204 397 1271 443 non
1286 380 1482 444 deficient.»
1498 383 1560 446 Hic
1576 387 1638 455 est,
1654 388 1713 465 qui

69 508 103 563 ua
118 502 279 578 refrigerio,
295 512 324 563 et
340 510 525 579 protectione,
541 523 626 581 quam
644 507 771 568 Christus
789 525 857 567 con·
912 476 1042 585 hffhitat
1062 478 1097 538 in
1112 477 1281 555 adjut⁰ri⁰
1302 479 1484 541 Alfifflffli‘
1501 484 1576 558 19⁸⁰
1601 486 1713 546 muta·

130 594 194 650 mm
207 593 292 651 „obis
305 594 332 651 p„
348 596 483 667 passione
498 611 549 667 pe,
563 611 677 654 crucem
692 612 785 656 guam,
912 571 1002 634 bitur
1021 573 1062 634 de
1086 575 1254 640 mundana
1270 577 1546 638 conversatione:
1562 583 1713 643 assumet

189 723 196 735 .
275 723 281 736 .
505 725 511 737 .
557 726 598 740 ,,
833 728 840 741 ,
913 685 1040 746 pennas
1063 671 1149 733 sicut
1170 673 1303 749 aquilae,
1326 673 1413 735 idest
1432 675 1569 749 Christi,
1589 676 1647 754 qui
1661 680 1713 740 est

68 724 214 796 ‘5⁰⁰¹'qu
224 735 299 781 m
313 723 526 784 ‘mmmm
537 724 608 794 Μ’
618 725 721 786 ⁶th
732 741 858 838 pem
912 767 1026 844 aquila
1040 784 1048 840 ;
1063 767 1150 829 unde
1172 770 1206 829 in
1227 771 1363 831 Cantico
1378 774 1628 835 Deuteronomii
1645 773 1709 854 (32,

100 822 173 892 ejus
184 821 341 892 sperabis
353 835 365 880 .·
374 820 470 880 scuto
481 822 708 883 circrcmdobtt
720 822 754 883 te
763 837 859 884 uerr—
913 862 965 943 11)
983 886 990 924 ζ
1007 865 1103 927 Sicut
1123 870 1238 940 ababa
1254 883 1450 941 provocans
1468 874 1513 931 ab
1526 875 1712 934 comodum

100 917 153 977 ²⁰⁸
166 918 253 988 ejus·
273 915 377 994 (Μ’
393 916 443 990 9⁰²
461 921 479 976 4
494 917 528 979 et
541 915 587 995 5¹)
909 965 1020 1035 pullos
1045 975 1138 1034 suba,
1163 963 1226 1023 etc.
1246 965 1453 1026 Assumendu
1479 981 1612 1028 crucem
1627 963 1710 1045 pos-

100 1057 252 1119 Christus
279 1062 442 1132 scopulis
457 1061 541 1131 suis,
563 1057 684 1121 sivein
707 1059 858 1122 humeris
912 1071 1027 1118 sumus
1035 1060 1150 1120 volare
1160 1058 1202 1120 ad
1216 1060 1346 1121 coelum.
1359 1061 1503 1124 Brachia
1512 1065 1621 1125 crucis
1633 1066 1712 1126 sunt

68 1155 129 1216 suis
154 1167 289 1216 crucem
316 1156 472 1232 portarit,
493 1159 527 1218 et
541 1156 637 1234 quasi
654 1172 780 1233 pennas
795 1157 858 1220 ha·
912 1153 975 1215 alae
993 1170 1135 1233 :pennae
1161 1156 1238 1218 sunt
1262 1160 1469 1236 contemptus
1489 1160 1553 1230 sui,
1570 1163 1604 1223 et
1625 1177 1709 1224 con-

67 1251 130 1313 buit
142 1251 178 1312 in
195 1250 356 1325 brachiis,
370 1253 499 1314 scilicet
514 1252 664 1314 brachiis
682 1255 805 1329 crucis,
821 1255 857 1315 iu
910 1252 1056 1329 temptus
1071 1256 1294 1315 terrenorum.
1317 1256 1397 1318 Haec
1417 1257 1468 1319 est
1490 1257 1544 1318 ala
1559 1258 1710 1333 sinistra,

68 1349 178 1426 quibus
194 1348 345 1411 brachiis
357 1348 436 1411 fecit
450 1349 548 1412 uobis
561 1351 703 1412 scutum.
721 1353 856 1414 Scotum
911 1364 986 1426 quae
1012 1350 1064 1411 θεῖ
1088 1351 1124 1411 in
1151 1350 1271 1425 trihus,
1295 1352 1331 1412 iu
1355 1351 1568 1415 damnatione
1597 1371 1710 1416 rerum

68 1448 110 1508 est
128 1446 258 1507 corium
279 1446 316 1507 in
339 1446 431 1523 ligno
446 1450 641 1521 extensum3
658 1450 692 1510 et
705 1448 856 1512 Christus
911 1447 1158 1524 temporalium,
1185 1451 1219 1511 et
1237 1450 1272 1510 in
1291 1450 1442 1525 angariis
1460 1466 1610 1528 operum,
1626 1452 1709 1515 etin

66 1545 216 1606 extensus
227 1544 279 1605 est
292 1544 329 1605 iu
344 1545 447 1620 ligno,
463 1546 500 1607 ut
513 1544 609 1607 nohis
621 1545 856 1608 deretscutum
911 1544 1092 1607 afflictione
1111 1546 1240 1622 proprii
1261 1547 1422 1623 corporis.
1440 1549 1533 1610 Hanc
1553 1548 1711 1610 debemus

65 1641 94 1701 in
102 1639 316 1716 refrigerium
325 1642 441 1703 eontra
451 1642 606 1705 ardorem
614 1641 856 1716 tribulationis,
912 1641 1093 1703 extendere
1107 1642 1148 1703 ad
1165 1642 1342 1706 Christum.
1359 1645 1473 1707 Altera
1488 1644 1542 1707 ala
1558 1647 1608 1709 est
1623 1645 1709 1708 dex-

66 1740 93 1799 et
117 1739 235 1799 contra
263 1738 410 1799 insultus
449 1739 655 1802 tentationis.
676 1751 678 1760 ·
699 1743 858 1814 Scapulis
911 1739 996 1814 tera,
1011 1740 1140 1802 scilicet
1154 1740 1357 1802 desiderium
1375 1744 1509 1804 aeternae
1524 1742 1709 1806 felicitatis.

67 1837 280 1897 obumbrabit.
305 1835 461 1897 Umbram
484 1834 565 1899 tacit
586 1836 682 1899 uobis
705 1837 856 1900 Christus
911 1836 1059 1913 Utraque
1094 1837 1290 1910 volandum,
1321 1839 1354 1901 et
1390 1840 1636 1902 extendendum
1664 1840 1707 1902 ad

66 1932 95 1992 in
117 1932 331 2008 refrigerium
359 1935 476 1995 contra
500 1934 666 2011 triplicem
689 1933 855 2009 ardorem,
910 1931 1106 1995 felicitatem
1117 1936 1287 1996 aeternam.

66 2030 186 2092 scilicet
214 2031 331 2092 contra
365 2031 520 2092 ardorem
548 2032 670 2094 divinae
698 2032 854 2102 ultiouis,
954 2032 1110 2107 Sequitur
1127 2048 1135 2092 :
1151 2033 1254 2093 Scuto
1277 2035 1502 2095 circumdabit
1530 2035 1563 2095 te
1591 2036 1710 2097 contra

66 2128 172 2188 contra
188 2127 342 2188 ardorem
354 2127 562 2199 tentationis,
574 2128 689 2190 contra
700 2128 855 2189 ardorem
911 2142 1026 2189 omnes
1040 2129 1253 2190 tentationes.
1271 2131 1334 2201 Qui
1349 2130 1573 2193 circumdatus
1595 2132 1646 2193 θεῖ
1673 2131 1708 2192 in

65 2223 299 2286 tribulationis.
315 2224 411 2286 Unde
427 2225 525 2286 Isaiae
542 2222 586 2304 (4,
603 2225 668 2288 5θῖ
681 2223 715 2304 6)
732 2247 740 2285 ε
754 2226 857 2288 «Erit
911 2227 1017 2297 scuto,
1033 2227 1178 2303 protegit
1192 2242 1229 2288 se
1240 2229 1356 2289 contra
1369 2228 1614 2306 omniajacula.
1628 2231 1708 2291 Haec

25 2387 26 2390 Ἴ
65 2322 230 2398 protectio,
251 2323 284 2384 θῖ
304 2320 557 2384 tabernaculum
575 2322 610 2383 in
626 2321 856 2384 umbraculum
911 2324 961 2385 est
981 2323 1094 2399 passio
1110 2322 1242 2396 Christi,
1266 2340 1340 2400 quae
1365 2326 1415 2386 est
1433 2324 1530 2397 liber,
1558 2325 1704 2401 signum,

65 2418 125 2479 diei
138 2417 181 2480 ab
194 2420 290 2493 aestu,
306 2421 339 2479 et
353 2420 388 2480 in
404 2419 631 2490 securitatem,
653 2422 687 2483 et
707 2420 855 2482 abscon·
911 2421 1060 2496 scutum;
1077 2420 1163 2482 uude
1176 2422 1204 2481 si
1220 2422 1367 2484 tentetur
1378 2423 1453 2500 quis
1463 2421 1631 2498 superbia,
1648 2424 1707 2484 in-

66 2517 184 2577 sionem
200 2531 220 2576 a
236 2514 380 2590 turbine,
394 2516 459 2578 eta
474 2517 599 2593 pluvia.
614 2534 635 2577 u
647 2517 856 2579 Tabernacu·
909 2518 1004 2579 venit
1017 2518 1255 2594 protectionem
1272 2519 1382 2580 crucis
1396 2520 1626 2594 ignominiam,
1641 2536 1708 2599 qua

65 2614 137 2685 lum,
164 2614 295 2676 scilicet
318 2613 507 2675 humanitas
524 2614 659 2689 Christi,
681 2631 780 2691 quam
795 2631 854 2677 as·
910 2614 1008 2677 dehet
1019 2615 1202 2677 humiliari.
1220 2616 1255 2677 Si
1270 2616 1371 2678 alicui
1392 2618 1524 2679 ridetur
1538 2619 1708 2695 poeniten-

67 2711 209 2787 sumpsit,
226 2713 262 2773 ut
276 2711 311 2771 in
326 2711 385 2772 illa
398 2711 558 2773 militaret
573 2728 633 2788 pro
652 2712 760 2785 uobis,
781 2713 854 2790 ipsa
909 2712 957 2774 tia
984 2713 1109 2788 gravis,
1148 2711 1269 2774 haheat
1306 2714 1501 2775 memoriam
1537 2715 1707 2792 passionis

67 2814 110 2873 θεῖ
131 2809 226 2870 nohis
254 2808 506 2884 umbraculum3
535 2810 622 2870 unde
649 2810 684 2871 in
709 2811 855 2873 Canticis
911 2808 1046 2881 Christi,
1064 2824 1137 2885 quae
1151 2809 1219 2871 tam
1234 2810 1329 2881 dura,
1342 2812 1375 2871 et
1388 2825 1509 2888 aspera
1522 2810 1595 2873 fuit.
1613 2810 1708 2872 Unde

68 2905 104 2984 (2,
119 2906 153 2985 3)
169 2928 178 2966 :
194 2907 294 2968 «Sub
312 2906 429 2969 umbra
439 2907 542 2978 illius,
564 2923 661 2986 quem
679 2908 855 2970 desidera·
909 2907 945 2967 in
966 2908 1055 2968 Luca
1072 2907 1137 2984 (23,
1152 2906 1206 2987 31)
1228 2906 1300 2984 ipse
1315 2908 1475 2969 Dominus
1497 2908 1545 2970 ait
1560 2926 1567 2964 ε
1582 2924 1601 2969 c
1617 2909 1652 2970 Si
1673 2908 1709 2968 in

65 3020 192 3076 veram,
208 3004 280 3066 sedi
296 3006 351 3066 :et
363 3002 490 3068 fructus
514 3008 587 3082 ejus
607 3006 713 3067 dulcis
728 3006 854 3082 gutturi
910 3004 1013 3066 viridi
1024 3005 1116 3081 ligno
1127 3004 1199 3066 haec
1211 3003 1349 3077 faciunt,
1359 3006 1395 3065 in
1410 3005 1504 3066 arido
1520 3006 1598 3083 quid
1611 3005 1709 3068 fieti»

68 3118 144 3164 meo.
165 3105 255 3164 Bene
270 3102 361 3176 dicit,
378 3103 505 3164 fructus
521 3106 593 3181 eius
607 3104 713 3164 dulcis
728 3106 855 3179 gutturi
910 3105 981 3164 Hoc
996 3104 1046 3165 est
1062 3124 1070 3162 ι
1086 3102 1121 3163 Si
1135 3118 1208 3177 ege,
1226 3104 1282 3180 qui
1297 3103 1416 3164 viridis
1429 3120 1502 3164 sum
1519 3104 1609 3165 omui
1624 3119 1707 3179 gra-

67 3214 144 3273 meu,
161 3200 273 3277 »quia
293 3199 381 3261 alius
396 3199 490 3261 cibus
505 3202 730 3274 transitorius,
747 3201 855 3263 dulcis
909 3201 1033 3261 tiarum
1055 3199 1206 3270 humore,
1223 3199 1279 3276 qui
1302 3199 1375 3260 siue
1398 3200 1532 3276 peccato
1548 3216 1633 3272 sum,
1650 3200 1708 3276 qui

67 3299 110 3359 est
128 3298 259 3375 palat03
275 3301 349 3376 eius
362 3297 500 3369 fructus,
519 3299 648 3361 scilieet
658 3300 781 3376 passio,
796 3299 856 3360 de·
910 3295 1038 3371 liguum
1062 3296 1140 3357 vitae
1165 3295 1273 3356 dictus
1289 3295 1394 3357 affero
1410 3295 1554 3358 fructum
1577 3296 1717 3372 gratiae,

67 3393 221 3457 laetabilis
235 3398 288 3457 est
312 3396 431 3457 mentis
452 3396 635 3458 stomacho.
656 3399 736 3457 Haec
751 3399 801 3457 est
819 3397 854 3458 in
910 3393 983 3453 sine
1015 3392 1094 3468 igne
1122 3393 1289 3470 passionis
1313 3393 1353 3454 de
1378 3393 1501 3454 mundo
1521 3409 1588 3454 non
1602 3408 1707 3454 exeo:
1802 3404 1805 3411 ·

65 3494 268 3555 securitatem
278 3494 392 3555 contra
406 3494 560 3555 ardorem
571 3494 692 3556 divinae
704 3493 853 3566 ultionis,
910 3505 984 3568 quae
1010 3490 1175 3551 tormenta
1204 3492 1340 3551 manent
1363 3490 1397 3551 in
1418 3491 1508 3561 illos,
1529 3490 1587 3568 qui
1599 3491 1709 3553 fructu

64 3588 267 3653 intercedens
292 3605 351 3666 pru
376 3590 472 3652 nobis
489 3612 497 3651 :
519 3593 552 3652 et
567 3590 820 3652 absconsionem
835 3606 854 3652 a
911 3586 989 3648 suut
998 3586 1114 3647 vacuit
1129 3587 1260 3649 Invenit
1273 3586 1374 3647 etiam
1390 3589 1505 3649 contra
1520 3589 1709 3664 torporem,

65 3687 190 3749 turbine
216 3688 423 3759 tentationis,
453 3689 488 3750 et
518 3704 538 3748 a
566 3688 682 3766 pluria
710 3688 856 3750 tribula·
910 3683 1079 3761 passionis
1100 3683 1276 3759 agoniam3
1303 3688 1419 3746 contra
1440 3684 1708 3756 somnolentiam,

65 3785 170 3847 donis.
910 3781 1166 3857 excitationem
1183 3781 1271 3841 unde
1294 3779 1425 3861 (Matth.
1441 3784 1491 3854 26,
1508 3780 1562 3861 40)
1578 3804 1585 3841 :
1602 3786 1711 3846 «Nou

100 3885 253 3958 Scapulis
263 3886 338 3945 autu
353 3882 529 3944 obumbrat
544 3885 659 3945 contra
677 3884 789 3959 ignem
804 3884 857 3944 di·
908 3881 1071 3955 potuistis
1085 3896 1156 3941 cum
1169 3884 1257 3942 bora
1271 3882 1417 3955 erobore
1431 3884 1586 3943 mecum?
1598 3898 1617 3941 u
1627 3881 1710 3943 Con·
1764 3935 1769 3938 ,

65 3978 145 4041 rinae
168 3980 326 4055 ultionis;
353 3980 440 4042 unde
465 3980 644 4058 Apostolus
670 3980 712 4041 ad
736 3981 854 4042 Colos-
909 3977 962 4038 tra
988 3976 1076 4052 gulae
1109 3975 1372 4038 delectationem*
1392 3977 1480 4037 aceti
1505 3976 1709 4051 acredinem,

65 4091 172 4139 sensas
198 4077 243 4157 (2,
275 4078 313 4139 13
338 4078 372 4140 et
395 4077 446 4157 ll)
462 4100 470 4138 ε
488 4081 654 4139 «Donans
682 4078 778 4140 nobis
807 4080 864 4157 (1)·
910 4073 1002 4151 quod
1020 4073 1117 4135 dehet
1136 4089 1267 4150 semper
1291 4073 1415 4134 habere
1429 4073 1465 4134 in
1486 4075 1658 4148 memoria,
1677 4075 1711 4136 et

64 4175 170 4236 omnia
195 4174 317 4237 delicta
334 4197 341 4234 ε
358 4175 472 4237 delens
497 4175 583 4252 quod
608 4175 768 4237 adversus
794 4192 855 4237 nos
909 4170 1077 4246 intingere
1099 4170 1296 4241 buccellam,
1312 4173 1349 4232 ut
1370 4172 1420 4232 sic
1435 4171 1599 4247 gulositas
1614 4170 1710 4232 aufe·

65 4275 132 4334 erat
145 4273 403 4350 chirographum
420 4272 560 4346 decreti,
577 4262 663 4350 qdod
679 4275 751 4336 erat
770 4288 855 4334 oon·
910 4268 1016 4329 ratur.

62 4366 196 4427 tracium
210 4367 307 4428 nobis
322 4366 476 4444 elipeum
491 4367 568 4429 tulit
583 4366 623 4427 de
639 4367 759 4438 medio,
779 4366 856 4428 affl-

62 4477 140 4537 geus
152 4464 236 4526 illud
251 4464 360 4540 cruci;
378 4481 397 4524 u
414 4465 492 4541 quia
507 4464 660 4525 Christus
683 4463 855 4525 condona·
1142 4455 1282 4514 SERMO
1304 4452 1474 4514 CLXXIII·

62 4559 108 4622 vit
133 4562 228 4624 nobis
252 4561 365 4624 omnia
391 4560 513 4623 delicta
538 4560 734 4637 originalia,
751 4562 784 4623 et
798 4577 857 4622 ac·
1007 4582 1087 4653 Quod
1102 4584 1231 4656 ppospop
1246 4582 1478 4657 picummpege,
1496 4583 1610 4645 christi.

62 4658 181 4816 ἶὲῧϋᾶἶ
197 4659 285 4769 (1Ποῗί
297 4658 499 4735 Signumest'
512 4659 599 4736 ΨΜ
611 4659 855 4761 etimpoenam
911 4712 953 4771 lo
976 4713 1137 4771 mortibus
1154 4710 1343 4785 portabant
1358 4711 1403 4783 te,
1427 4725 1471 4772 ue
1491 4726 1645 4786 baracibam
1657 4710 1709 4792 (2)

121 4758 162 4830 et
177 4759 211 4822 θῖ
226 4756 496 4834 chirographum,
514 4755 601 4833 quod
614 4758 665 4819 est
676 4756 855 4817 adversum

64 4868 133 4929 nos,
153 4856 233 4932 quia
256 4853 463 4917 conscientia
488 4854 613 4925 nostra,
639 4855 673 4914 et
702 4853 855 4916 diabolus
950 4808 1105 4964 ggendas
1119 4810 1163 4869 ad
1176 4809 1458 4907 lapmmpfdem
1476 4808 1585 4870 tuum·
1600 4807 1704 4886 (pm

63 4949 192 5014 habehit
203 4952 283 5031 quid
304 4951 450 5028 ohJioiat.
470 4949 535 5012 Sub
551 4951 669 5027 pennis
687 4953 760 5029 ejus
776 4966 855 5027 spe·
993 4902 1084 4982 ²12⁹)

62 5046 149 5109 rabis
177 5050 296 5112 contra
315 5048 469 5109 ardorem
493 5046 737 5123 tribulationis;
767 5047 855 5108 unde
949 5045 1012 5106 Hic
1026 5061 1093 5106 non
1119 5045 1303 5107 salvatoris
1317 5044 1505 5117 infirmitas,
1527 5045 1584 5106 sed
1598 5049 1712 5124 Ange-

64 5146 154 5208 lsaiae
182 5144 247 5226 (40,
261 5144 339 5225 31);
364 5145 456 5217 «Qui
477 5146 615 5222 sperant
641 5145 677 5205 ln
702 5145 853 5221 Domino,
910 5142 1019 5203 lorum
1033 5141 1284 5219 obsequentium
1299 5141 1474 5218 subjectio,
1491 5143 1524 5203 et
1545 5142 1710 5205 exultatio

63 5244 231 5307 mutabunt
255 5228 504 5317 fortitudinem,
531 5243 703 5303 assument
727 5257 855 5319 pennas
910 5241 1006 5317 quasi
1020 5239 1173 5300 manibus
1187 5238 1425 5315 plaudentium,
1442 5236 1706 5316 demonstratum

63 5338 145 5403 sicut
167 5341 302 5418 aquilae,
334 5342 480 5414 current,
496 5341 530 5401 et
555 5355 622 5400 non
642 5338 853 5413 laborabunt,
911 5337 998 5398 unde
1013 5336 1169 5398 Hahaouc
1184 5334 1230 5415 (3,
1252 5332 1304 5412 lu)
1320 5356 1327 5395 :
1343 5352 1362 5395 c
1377 5336 1474 5401 Dedit
1486 5336 1627 5414 abyssus
1642 5354 1705 5400 ro-

99 5553 134 5622 (ῖ)
154 5553 237 5626 vulg.
258 5569 264 5608 :
281 5550 373 5609 robis.
946 5547 989 5619 (ῖ)
1007 5548 1050 5607 Ne
1061 5561 1196 5618 unquam.
1213 5547 1260 5605 Sic
1274 5547 1374 5620 legunt
1389 5547 1416 5604 S.
1434 5547 1590 5620 Gregorius
1603 5548 1632 5606 ln
1647 5550 1706 5608 fln-
