3950 6200
285 272 344 333 ura
757 272 811 330 ao
841 270 978 329 onena
1005 270 1039 328 s.
1062 267 1238 330 aureum
1267 270 1454 331 annuatur
1817 289 1857 346 lu

285 447 378 511 pore,
394 446 434 493 ac
447 446 513 492 non
528 429 702 501 meditate,
720 427 778 490 sed
793 427 891 504 longe
906 428 983 489 ante
1000 426 1078 505 quid
1134 427 1192 490 sed
1209 428 1279 505 ipso
1294 445 1313 491 a
1329 432 1437 507 Papa:
1451 430 1624 507 Gregorius
1637 435 1795 500 tumnonus
1802 446 1859 515 erat,

285 530 349 591 hoc
364 529 417 590 die
432 527 636 604 loqueretur,
652 525 829 603 cogitasse,
841 541 880 587 ac
894 524 999 587 veluti
1012 539 1080 586 ser·
1134 525 1180 588 ita
1195 525 1350 588 laudatus
1369 529 1431 600 eet,
1454 529 1490 590 ut
1510 528 1616 605 ipsum
1629 531 1752 609 quodam
1764 552 1811 612 pro
1821 555 1864 600 01.
1916 596 1917 613 χ

284 640 415 688 monem
430 624 548 700 grandi
572 624 608 685 in
628 623 815 701 frequentia
833 621 1005 684 bominum
1021 637 1081 699 pe-
1134 622 1268 686 cellenti
1305 624 1450 698 bonore,
1493 628 1528 688 et
1554 642 1667 703 magna
1693 637 1864 709 praerogatiua
1911 662 1916 673 ·

284 723 425 785 ritorum
437 722 527 782 esset
542 719 729 791 habiturus,
753 719 794 780 de
808 719 984 789 industria,
1003 721 1078 780 stu·
1133 720 1563 797 gratioespecialis,Arccm
1575 724 1866 802 testamentaque

283 820 338 883 dio
351 819 497 881 maximo
513 820 703 896 percepisse
718 840 725 878 :
741 834 801 879 nec
814 817 946 896 quidem
966 817 1077 889 homo,
1134 815 1328 894 appellaret.
1340 818 1498 880 Generali
1512 823 1622 881 summ
1635 821 1668 882 in
1679 823 1800 899 capitulo
1812 830 1867 888 ire

283 916 666 996 quipurgaretdomum,
684 915 717 977 et
738 915 859 978 litteris
872 929 1000 976 vacuus
1015 930 1079 992 pu·
1134 912 1255 987 latensi
1287 915 1329 976 ad
1356 915 1477 978 iratres
1507 916 1604 979 beato
1628 920 1755 981 Anbnio
1774 924 1866 999 pmdi·

281 1015 422 1087 teretur,
439 1013 497 1076 sed
509 1013 563 1075 sir
577 1013 788 1075 doctissimus
804 1026 889 1084 esse,
911 1014 1010 1089 atque
1033 1011 1080 1073 lo-
1133 1012 1242 1080 cante,
1272 1027 1313 1074 en
1338 1013 1540 1076 miraculose
1566 1018 1692 1077 sanctus
1715 1019 1866 1081 Francisous

282 1114 351 1191 qui,
365 1113 402 1174 in
418 1128 457 1173 eu
477 1111 533 1189 qui
553 1112 637 1184 erat,
660 1111 802 1173 Sanctus
817 1111 962 1187 Spiritus
982 1110 1079 1171 vide-
1133 1109 1288 1186 apparuit
1311 1127 1318 1170 :
1337 1110 1470 1197 vivebat
1484 1112 1615 1189 quidem
1630 1113 1663 1173 in
1676 1113 1814 1187 humanis,
1827 1117 1867 1178 sed

281 1214 386 1274 retur.
403 1212 508 1271 Tanta
522 1208 697 1272 enimcum
711 1209 887 1284 gravitate,
917 1222 957 1268 ao
981 1207 1077 1284 copia
1133 1206 1284 1284 capitulo
1305 1206 1386 1269 huic
1408 1208 1660 1287 haudquaquam
1678 1225 1796 1288 corpore
1811 1214 1868 1274 ade

281 1308 332 1370 est
343 1307 484 1379 locutus,
498 1305 656 1383 tantaque
669 1305 809 1377 ratione,
822 1306 1078 1381 sanctorumque
1132 1304 1195 1365 rat.
1222 1305 1333 1380 Ipsum
1357 1304 1445 1366 enim
1467 1305 1608 1368 fratrum
1628 1323 1707 1368 unus
1728 1329 1736 1368 ι
1755 1309 1867 1371 llomldo
1918 1366 1919 1369 ,

281 1407 419 1467 Patrum
437 1404 653 1471 auctoritato,
674 1418 714 1464 ac
736 1401 900 1479 exemplis
921 1417 1014 1474 usus,
1042 1401 1078 1462 nt
1132 1398 1210 1461 huic
1225 1416 1346 1462 nomen
1361 1404 1443 1474 erat,
1458 1404 1628 1479 corporeis
1646 1404 1742 1466 oculis
1758 1405 1791 1465 ad
1800 1407 1869 1482 Capi-
1918 1444 1919 1465 2

268 1490 370 1564 *docti
393 1502 505 1573 etiam,
529 1501 586 1578 qui
608 1499 773 1571 audirent,
795 1499 916 1560 mirum
942 1498 979 1560 in
1002 1513 1078 1560 mo-
1131 1497 1194 1560 tull
1220 1498 1342 1560 ostium
1365 1498 1479 1561 divina
1507 1500 1751 1563 commonitione
1769 1503 1868 1578 prospi-
1918 1560 1919 1565 ,

280 1600 371 1675 dum,
396 1614 435 1660 ac
451 1598 593 1676 quodam
612 1597 663 1658 rel
682 1611 777 1659 novae
790 1596 885 1674 quasi
912 1596 1077 1657 miraculo
1132 1594 1235 1667 ciens,
1248 1595 1455 1659 sublevatum
1470 1598 1506 1658 in
1521 1612 1611 1670 aere,
1622 1600 1654 1660 et
1666 1598 1798 1659 manibus
1807 1599 1869 1660 velut

283 1697 508 1775 obstuperent.
524 1697 606 1756 Tum
626 1692 771 1772 quidem,
793 1709 868 1771 quaa
882 1692 1002 1771 perdiu
1021 1693 1076 1754 la·
1131 1691 1168 1752 in
1184 1707 1284 1754 cruce
1306 1694 1454 1755 extensis
1468 1693 1591 1757 fratres
1606 1694 1871 1757 benedicentenui·
1918 1736 1919 1739 ,

280 1797 393 1858 tuerat
417 1795 452 1855 in
473 1809 525 1865 eo,
552 1792 666 1854 divina
685 1791 862 1869 sapientia,
889 1790 1075 1866 ingenium,
1131 1789 1190 1851 uit.
1206 1790 1323 1867 Neque
1336 1805 1417 1853 vero
1432 1793 1548 1854 sancto
1561 1792 1700 1855 Antonio
1712 1794 1871 1868 nostropra·

187 1962 193 1981 .
280 1893 388 1955 uirtus
403 1892 546 1969 primum
561 1889 691 1953 enituit.
707 1888 862 1950 Minister
880 1889 1004 1963 autern,
1020 1887 1077 1966 qui
1132 1885 1264 1948 dicandi
1279 1887 1321 1948 ad
1334 1889 1594 1965 populosmodo,
1606 1889 1662 1951 sed
1672 1889 1793 1951 docendi
1802 1889 1871 1950 eim

281 1990 463 2068 provinciae
489 1987 649 2050 fratribus
674 1987 830 2064 praeerat,
860 1985 1077 2063 posteaquam
1132 1981 1264 2056 tratres,
1280 1984 1368 2061 qnod
1382 2000 1445 2047 suo
1458 1985 1491 2046 in
1505 1985 1628 2048 Ordine
1647 1986 1783 2047 homines
1799 1984 1871 2059 uage

280 2085 495 2149 haecsuntad
507 2102 583 2151 eum
597 2083 788 2146 testimonio
801 2081 1078 2152 certodelata,t’a·
1131 2078 1221 2154 boni,
1236 2096 1335 2158 quarn
1355 2082 1454 2159 periti
1477 2084 1604 2156 essent,
1627 2099 1744 2156 curem,
1765 2080 1872 2161 quierat

281 2200 358 2248 cere
367 2183 472 2262 pluris
486 2181 596 2251 solito,
604 2180 815 2253 advenerari,
827 2194 925 2257 quem
936 2179 1031 2241 illum
1041 2180 1076 2241 in
1131 2178 1299 2254 generalis
1313 2178 1477 2252 minister,
1494 2179 1653 2258 lnjunxit.
1667 2180 1801 2242 Omnium
1811 2192 1874 2239 nan·

280 2281 369 2345 diem
379 2279 585 2357 neglexerat,
597 2279 686 2340 hunc
696 2277 833 2341 tratrem
845 2277 956 2354 caepit.
968 2276 1078 2340 Admi·
1132 2290 1196 2352 que
1204 2278 1408 2337 memoratur
1419 2275 1524 2340 luisse
1535 2279 1673 2357 primus,
1688 2276 1874 2355 quilliuerun
1919 2342 1920 2345 Ἴ

281 2380 375 2442 ratus
388 2378 489 2446 enim,
503 2393 602 2456 quam
613 2391 687 2439 esse
696 2376 731 2436 in
744 2391 784 2437 eo
796 2374 994 2453 perciperet,
1005 2390 1077 2436 am·
1131 2372 1314 2434 inordina
1340 2374 1558 2437 Lectoriuit.
1585 2375 1739 2438 Bononia
1763 2372 1874 2450 quidem
1919 2408 1920 2411 ¹

281 2477 466 2556 plissimam
487 2490 593 2537 sacrae
615 2473 789 2551 scripturae
802 2472 989 2544 scientiam,
1010 2472 1077 2533 sin·
1132 2467 1218 2545 quod
1233 2481 1272 2529 ea
1287 2468 1323 2527 in
1340 2468 1476 2532 civitate
1490 2470 1599 2533 ltaliae
1614 2470 1749 2541 floreret
1763 2484 1822 2546 qua
1832 2482 1876 2527 us·

280 2575 497 2651 gularemque
517 2572 728 2639 memoriam,
749 2586 789 2632 ac
803 2569 936 2632 dicendi
953 2569 1075 2631 tacun-
1131 2578 1231 2640 quam
1244 2567 1332 2626 esset
1347 2566 1431 2628 citra
1446 2568 1588 2641 montes,
1605 2569 1710 2630 omnis
1723 2564 1877 2629 excellentia

280 2671 381 2742 diam,
409 2669 676 2746 haudquaquam,
696 2672 734 2729 nt
758 2667 898 2739 solebat,
927 2666 1077 2743 neglexit
1131 2660 1335 2736 studiorum,
1372 2664 1408 2724 in
1435 2664 1620 2742 Theologia
1646 2666 1738 2727 rexit
1763 2662 1877 2725 Minister

282 2784 370 2839 eum,
395 2783 458 2828 nec
481 2766 609 2828 servire
623 2765 781 2842 deinceps
794 2765 944 2842 coquinae
957 2780 1076 2842 passus
1131 2757 1250 2821 deinde
1271 2760 1489 2834 Romaniolae,
1510 2763 1545 2824 id
1567 2779 1636 2826 non
1652 2763 1788 2840 cupiens,
1801 2772 1877 2834 neque

282 2866 345 2927 eet.
368 2864 496 2942 Quippe
518 2863 628 2940 ipsum
649 2861 781 2934 deinde,
803 2863 839 2923 ut
862 2862 972 2924 virum
991 2862 1075 2924 doc·
1130 2856 1257 2932 petens,
1274 2856 1468 2935 designatus
1482 2860 1544 2922 est.
1561 2861 1627 2925 Sed
1647 2861 1702 2923 ubi
1720 2874 1820 2937 parere
1833 2870 1878 2933 pa-

280 2963 362 3034 tum,
385 2960 535 3038 beneque
558 2960 599 3022 de
623 2959 746 3021 Ordine
767 2959 934 3033 meritum,
949 2962 1075 3037 acjure
1130 2952 1238 3016 tribus
1252 2970 1335 3034 01)stss
1355 2956 1427 3031 fuit,
1442 2958 1500 3036 dui
1514 2961 1613 3027 erant
1631 2960 1666 3021 in
1687 2954 1878 3036 eaprovincie

281 3059 407 3139 optimo
419 3059 567 3136 dignum,
586 3073 707 3135 magno
726 3057 761 3119 in
780 3056 919 3131 bonore,
935 3073 1077 3134 magna·
1130 3050 1263 3127 dames,
1284 3054 1317 3118 et
1337 3054 1412 3118 looa
1440 3057 1552 3120 omnia
1576 3057 1722 3121 maxima
1747 3070 1810 3119 cum
1828 3051 1878 3113 dis·
1920 3117 1921 3124 χ

283 3158 395 3237 quein
409 3157 598 3220 reverentia
613 3155 748 3232 babuit3
765 3156 864 3233 atque
878 3155 1023 3228 tandem,
1041 3157 1077 3219 ut
1131 3151 1290 3225 cretione,
1318 3168 1358 3215 ac
1379 3154 1555 3232 prudentia
1578 3155 1779 3233 gubernarit
1804 3154 1881 3213 onere

279 3255 418 3319 verbum
440 3254 499 3317 Dei
519 3253 561 3315 ad
582 3253 764 3332 provinciae
786 3252 924 3331 populos
947 3253 1074 3331 praedi·
1130 3251 1240 3312 autem
1256 3250 1333 3322 isto,
1350 3252 1437 3329 quod
1455 3269 1558 3330 grave
1583 3253 1660 3328 sibi,
1682 3252 1882 3315 acdurunes·

281 3354 385 3426 caret,
400 3352 487 3431 quod
502 3352 594 3413 illam
605 3351 647 3413 ad
662 3366 745 3425 rem,
763 3350 812 3414 uti
836 3349 920 3424 erat,
943 3352 1076 3429 putaret
1130 3349 1191 3420 set,
1208 3348 1266 3424 qui
1279 3347 1432 3411 minister
1446 3351 1618 3426 generalis
1630 3352 1712 3423 erat,
1723 3351 1817 3427 iilum
1829 3359 1883 3406 0¹⁸⁶

280 3449 437 3513 idoneum
454 3464 539 3521 esse,
557 3447 739 3510 constituit.
1130 3445 1201 3517 mit,
1218 3443 1371 3517 absolvit,
1387 3446 1559 3521 libemvit;
1576 3449 1758 3526 eidemque,
1772 3442 1842 3524 quod
1849 3439 1884 3501 rei

322 3545 486 3609 Obediens
498 3547 603 3622 igitur
615 3545 669 3608 vir
682 3546 829 3618 sanctus,
848 3545 1072 3622 praedicando,
1130 3541 1210 3604 huie
1223 3557 1298 3604 esse
1313 3542 1517 3607 fructuosior
1530 3545 1713 3618 videretur,
1732 3539 1885 3621 generalem

281 3643 436 3716 imolam,
463 3643 675 3716 Faventiam,
703 3642 909 3715 norlivium,
939 3644 974 3706 et
1000 3659 1074 3721 quae
1130 3639 1333 3716 praedicandi
1348 3641 1470 3720 ubique
1485 3642 1669 3717 licentiam,
1685 3637 1884 3720 etpoteeteten

280 3740 401 3803 deiude
423 3741 501 3802 sunt
519 3740 613 3801 illius
627 3740 809 3818 provinciae
824 3740 977 3803 civitates
997 3740 1074 3802 obi·
1129 3734 1219 3798 lecit.
1236 3738 1424 3815 Capitulum
1448 3742 1524 3803 erat
1543 3742 1626 3803 tunc
1642 3740 1759 3804 assisii
1774 3747 1883 3809 congre·

278 3838 329 3899 vit
340 3851 466 3908 omnes,
480 3837 639 3913 tantaque
654 3852 729 3897 cum
743 3836 864 3911 gratia,
890 3838 924 3897 et
938 3836 1074 3914 sapien·
1129 3835 1255 3910 gatum,
1267 3835 1304 3897 ut
1316 3836 1423 3897 sancti
1433 3836 1538 3913 patris
1549 3827 1883 3900 mancisoiveueralile

278 3933 326 3995 tia
339 3932 426 4009 apud
441 3947 499 3993 eas
512 3931 747 3994 testamentum
761 3932 950 4009 utrumque,
970 3947 1076 3994 evan·
1129 3931 1268 4007 corpus,
1298 3946 1387 3994 anno
1417 3933 1551 4010 quidem
1583 3938 1656 4012 jam
1693 3935 1801 4012 quarto
1822 3928 1884 3988 dieu

278 4028 377 4106 gelia,
391 4029 560 4105 epistolas,
573 4042 703 4089 omnem
715 4027 857 4105 denique
869 4028 1074 4106 scripturam
1129 4026 1269 4103 obierat,
1297 4029 1338 4094 ad
1359 4044 1434 4091 eam
1462 4031 1581 4108 ipsam,
1608 4033 1646 4094 in
1665 4046 1730 4110 qua
1748 4031 1794 4092 est
1810 4037 1882 4091 nune

278 4127 442 4201 sanctam,
459 4125 495 4187 ut
517 4125 554 4187 ut
574 4123 709 4186 videbat
732 4123 773 4186 ad
792 4124 933 4186 salutem
952 4126 1074 4188 animae
1128 4124 1305 4189 ecclesiam
1320 4128 1393 4204 ejus
1407 4127 1535 4189 nomini
1554 4128 1751 4192 fabricatam
1763 4121 1885 4188 banebr-
1913 4179 1921 4192 .

264 4217 460 4303 'pertinere
485 4221 627 4300 aperuit,
653 4222 846 4299 explicavit,
875 4221 1007 4296 docuit,
1036 4225 1074 4286 ut
1127 4224 1231 4286 retur.

279 4336 486 4400 quocumque
497 4321 533 4382 in
548 4320 622 4382 loco
634 4318 843 4397 praedicaret,
853 4319 895 4382 ad
914 4335 990 4383 eum
1012 4335 1074 4398 po-
1167 4320 1344 4384 Facturum
1357 4323 1511 4401 equidem
1522 4340 1574 4387 me
1587 4340 1700 4403 operae
1713 4316 1888 4403 pretiumli·

276 4419 349 4497 puli
372 4418 583 4491 audiendum,
610 4417 816 4491 catervatim,
839 4417 1071 4496 undequaque,
1126 4417 1200 4493 deo,
1215 4417 1343 4495 siquas
1358 4420 1618 4499 civitates,qnos
1633 4422 1771 4502 populos
1784 4413 1886 4483 adierit,

277 4517 379 4578 etiam
402 4532 421 4577 o
444 4516 626 4593 longinquo
652 4516 819 4579 venirent.
848 4516 960 4578 Crevit
982 4516 1071 4577 enim
1127 4531 1200 4594 quae
1214 4515 1377 4579 miracula
1389 4519 1476 4579 Deus
1489 4520 1643 4582 oratione
1657 4535 1730 4594 sua,
1745 4534 1781 4580 ac
1789 4510 1888 4577 meritis

276 4611 370 4674 brevi
389 4627 547 4688 magnum
571 4612 693 4690 ubique
716 4613 782 4675 viri
808 4613 868 4675 Dei
889 4628 1022 4686 nomen,
1038 4616 1072 4676 et
1126 4611 1253 4687 lecerit,
1268 4615 1381 4675 omnia
1395 4613 1889 4691 singulatimrecenseretupru·

277 4710 377 4773 lama.
402 4711 540 4772 Romam
554 4723 635 4771 vero
649 4711 792 4772 nuncius
810 4711 881 4771 :sic
905 4710 995 4773 enim
1016 4726 1071 4773 res
1126 4710 1235 4773 sentia
1261 4727 1304 4773 ex
1329 4710 1496 4787 locorum,
1523 4728 1565 4774 ao
1590 4713 1775 4792 temporum
1800 4706 1890 4770 ordine

278 4807 413 4871 Ordinis
435 4804 602 4883 exigebat,
625 4808 795 4868 Summum
809 4806 851 4867 ad
876 4807 1071 4871 Pontificem
1125 4806 1265 4884 placeat.
1291 4808 1419 4885 Quippe
1442 4808 1693 4873 Italiamferme
1707 4821 1835 4879 omnem,
1848 4801 1889 4862 et·

275 4908 410 4976 missus,
423 4903 511 4982 apud
527 4902 803 4980 omnesbeuigne,
816 4903 1071 4969 aclrontecomi
1126 4920 1190 4982 que
1218 4903 1307 4966 ultra
1336 4905 1467 4978 montes
1495 4906 1713 4983 praedicando
1739 4906 1779 4968 ad
1803 4900 1890 4964 oclus

275 5004 437 5080 exceptus
452 5002 514 5069 est,
527 4999 680 5077 bonoque
695 4999 842 5061 omnium
857 5015 932 5061 cum
942 4999 1069 5073 lavore,
1125 5002 1227 5065 etiam
1241 5002 1442 5080 peragravit.
1464 5004 1711 5067 Praedicatione
1724 5003 1826 5067 autem
1843 5009 1890 5074 pe·

275 5115 451 5172 consensu,
475 5114 550 5176 ope,
573 5113 648 5175 quae
673 5097 810 5174 peteret,
831 5098 944 5159 omnia
965 5098 1072 5177 impe-
1124 5100 1189 5161 tuit
1204 5100 1506 5178 multum,quodea
1524 5101 1679 5165 inessent
1693 5102 1842 5173 eibi,cum
1854 5091 1892 5152 di·

275 5197 387 5260 travit.
403 5199 422 5260 J
426 5211 522 5257 ussus
549 5210 680 5273 quoque
698 5195 734 5256 in
749 5193 952 5257 consistorio
978 5211 1069 5273 prae-
1123 5197 1263 5273 ligentia
1276 5198 1310 5259 et
1321 5197 1431 5259 studio
1442 5214 1515 5270 suo,
1527 5199 1596 5261 tum
1607 5202 1740 5262 naturae
1747 5189 1891 5259 uenando.

275 5295 401 5364 dicare,
418 5309 539 5353 munus
552 5291 584 5352 id
599 5293 692 5354 tanta
712 5290 920 5367 cumgratia,
937 5295 970 5355 et
981 5293 1071 5357 inte-
1123 5297 1193 5356 tum
1209 5295 1310 5357 etiam
1325 5295 1445 5371 gratia,
1462 5296 1495 5357 et
1518 5296 1605 5358 donc
1621 5298 1696 5371 Dei,
1712 5298 1783 5358 sine
1796 5288 1892 5370 quibus

276 5391 399 5466 gritate
412 5389 574 5466 implerit,
592 5390 628 5450 ut
647 5388 795 5450 auditam
814 5388 914 5465 uulgo
929 5390 1068 5468 sapien*
1123 5406 1185 5453 nec
1199 5391 1399 5470 praedicator
1410 5408 1484 5454 esee
1496 5391 1613 5466 bonus,
1629 5409 1693 5455 nec
1708 5393 1776 5455 ulla
1791 5390 1822 5451 in
1832 5386 1893 5447 dec-

274 5488 331 5550 tiae
346 5502 416 5548 suae
431 5486 554 5547 lamam
566 5486 641 5563 ipsa
656 5486 865 5562 experientia
881 5491 1066 5566 superaret.
1122 5488 1389 5552 trineexoellere
1399 5490 1702 5569 quisquampoteet.
1715 5491 1790 5552 Erat
1800 5480 1894 5560 imon·

277 5582 447 5644 Laudatus
473 5581 606 5658 quidem
638 5583 689 5644 est
715 5597 842 5643 summe
869 5600 887 5646 a
917 5586 1066 5660 cunctis,
1123 5586 1185 5647 mis
1201 5587 1359 5648 memoria
1375 5586 1439 5648 sibi
1458 5587 1542 5660 adeo
1556 5589 1670 5662 tenax,
1689 5591 1786 5666 atque
1799 5591 1894 5661 perpl-
