3950 6200
283 229 325 293 aa
717 236 773 296 no
794 236 932 298 ornan
953 238 986 298 s.
1011 201 1232 302 sennaser
1251 243 1479 307 ass1snr1s
1854 261 1884 320 n

286 391 425 453 humani
447 392 580 469 generis
601 391 751 456 abstersa
772 393 848 457 labe
863 396 932 459 rita
953 397 1078 474 prodiit
1152 403 1362 466 Gutttteimus
1377 408 1500 486 Papiri,
1517 408 1655 469 ordinis
1671 411 1705 470 S.
1719 413 1874 485 nauum,

285 489 492 559 mortalibus,
520 505 602 567 quos
625 492 725 568 primi
751 494 900 570 parentis
926 510 1021 557 error
1040 495 1077 556 in
1321 502 1493 579 theotelaus
1507 507 1727 567 parisiensis.

286 586 445 648 aeternum
461 588 657 663 peremerat.
672 589 722 650 lta
734 589 845 651 autem
859 589 974 662 tuisse,
991 607 1078 668 prae·

284 683 435 760 terquam
445 684 531 760 quod
542 699 597 745 res
606 685 678 760 ipsa
688 686 925 764 inspirabatur,
936 688 1078 749 Alexan·

284 784 344 845 der
355 801 486 861 quoque
503 787 652 863 quartus,
672 788 853 863 Gregorius
870 791 999 862 Nonus,
1015 791 1078 852 Ni-

282 882 397 943 colaus
420 884 562 956 Tertius,
580 885 770 960 apostoliea
789 886 987 949 auctoritate
1004 888 1076 949 tes-

281 979 342 1041 tali
366 981 455 1042 *mnt-
485 984 510 1041 Ο
544 982 716 1058 Sinssfflam
742 999 873 1056 ΝΜ
902 986 1077 1062 gratiaque
1131 1036 1255 1099 Christi
1270 1061 1278 1098 z
1295 1038 1353 1099 sed
1372 1041 1483 1102 tamen
1502 1056 1568 1101 non
1593 1042 1639 1102 ita
1660 1041 1811 1119 impressa
1829 1059 1889 1104 eor·

282 1076 443 1138 divinitus
460 1077 590 1139 intusat
612 1081 637 1139 0
657 1080 756 1141 unica
775 1096 887 1143 rerum
907 1082 1077 1144 excellen-
1228 1135 1235 1147 .
1637 1139 1644 1151 .

283 1172 486 1235 tissimarum
501 1175 715 1238 excellential
739 1179 841 1238 Ferre
859 1179 1075 1240 Franciscum
1131 1134 1301 1244 thter'
1322 1152 1382 1198 ΒΘΗ
1403 1137 1591 1210 'muter'
1618 1140 1705 1201 Μή
1723 1139 1834 1201 smum
1851 1144 1889 1202 θεῖ

280 1270 317 1331 in
332 1286 471 1349 corpore
484 1286 555 1344 suo,
570 1272 618 1335 ita
633 1275 670 1335 ut
683 1273 805 1351 inspici
817 1276 978 1354 tangique
991 1292 1073 1354 pos·
1129 1247 1165 1291 m
1180 1247 1319 1309 corpore
1330 1232 1419 1296 beati
1434 1235 1616 1307 Francisci,
1629 1237 1662 1298 et
1673 1236 1769 1313 bujns
1779 1237 1888 1313 generis

279 1369 354 1431 sent
366 1368 462 1444 signa
473 1369 545 1442 illa,
561 1370 680 1448 quibus
692 1371 835 1448 pretium
846 1372 990 1435 conferri
1005 1373 1076 1435 nul·

282 1467 351 1528 lum
364 1453 491 1543 potest':
507 1467 676 1545 inquibus
686 1470 804 1546 juncta
819 1469 996 1533 Divinitati
1010 1471 1075 1532 hu-

280 1564 435 1635 manitas,
459 1563 611 1641 damper
634 1581 674 1627 ea
694 1568 833 1628 mortem
853 1568 992 1645 accepit,
1013 1584 1072 1630 sa·

278 1662 381 1723 lutam
421 1661 589 1740 vitamque
619 1663 787 1726 terrarum
824 1663 898 1726 orbi
931 1665 1070 1743 peperit.

278 1758 364 1839 (Lib.
380 1760 466 1831 VllI,
484 1760 676 1822 Factorum
689 1762 927 1838 dictorumque
941 1778 1073 1825 memo-

277 1859 389 1927 rabit,
403 1872 476 1934 cap.
494 1855 544 1936 x.)

1170 647 1220 707 37.
1244 647 1373 709 Dicitur
1384 650 1424 711 de
1434 649 1602 728 aliquibus
1614 650 1737 715 devotis
1748 657 1883 733 personis,

1131 743 1217 821 quod
1240 748 1417 808 senserunt
1435 746 1601 809 interdurn
1623 749 1794 811 maximum
1809 752 1886 814 dolo·

1131 857 1201 903 rem
1225 842 1260 903 in
1284 843 1447 916 manibus,
1470 845 1620 922 pedibus,
1648 847 1680 907 et
1702 846 1809 918 latere,
1828 852 1887 910 tan-

1132 954 1230 1015 quam
1253 940 1300 1001 ibi
1323 941 1519 1004 habuissent
1536 943 1688 1012 vulnera,
1709 945 1741 1006 et
1760 945 1888 1021 stigmata

1129 1327 1192 1390 tuit
1206 1331 1242 1390 B.
1256 1329 1437 1391 catharina
1452 1330 1493 1391 de
1509 1331 1616 1403 Senis,
1633 1347 1706 1409 quae
1723 1332 1835 1408 legitur
1845 1347 1890 1393 ro-

1128 1440 1225 1502 gasse
1240 1427 1428 1500 Dominum,
1447 1429 1483 1490 ut
1509 1443 1576 1490 non
1596 1430 1791 1506 apparerent
1809 1431 1888 1491 exte-

1126 1523 1199 1584 rius
1207 1523 1374 1601 stigmata.
1387 1523 1512 1604 (serm
1524 1528 1566 1587 de
1574 1527 1694 1588 sancto
1703 1527 1890 1602 Francius.)

1126 1720 1273 1782 Sanctus
1298 1722 1556 1794 Bouaceatura,
1581 1700 1753 1799 petieratis
1777 1722 1892 1783 Ordinis

1423 1821 1612 1880 Minorum.

1164 1968 1216 2028 38.
1239 1969 1281 2029 Hi
1293 1970 1370 2030 sunt
1385 1968 1436 2047 (ut
1449 1968 1491 2031 ad
1504 1968 1645 2045 gloriam
1658 1970 1718 2032 Dei
1730 1970 1892 2047 loquamur,

306 2091 475 2152 Rogemus
488 2093 732 2164 Remmium,
746 2093 928 2156 societatis
940 2097 1035 2156 m„
1125 2079 1192 2125 uon
1207 2063 1370 2144 nostram)
1384 2065 1449 2127 duo
1464 2082 1585 2142 magna
1599 2066 1778 2128 luminaria
1789 2064 1843 2144 (t),
1854 2078 1893 2125 or·

1124 2161 1209 2234 bem,
1226 2178 1299 2240 puae
1313 2163 1438 2225 lumine
1453 2163 1592 2235 coelesti,
1609 2165 1762 2226 sedentes
1776 2163 1808 2224 in
1818 2165 1895 2224 tene-

1123 2258 1193 2320 bris
1208 2261 1241 2321 et
1255 2259 1371 2321 umbra
1384 2261 1511 2332 mortis,
1527 2260 1651 2338 ubique
1662 2261 1823 2324 terrarum
1835 2258 1895 2319 illu

1123 2356 1262 2428 minant,
1274 2358 1308 2419 et
1319 2358 1519 2420 ministrant.
1536 2358 1579 2420 Hi
1592 2361 1672 2421 suut
1683 2359 1758 2420 daae
1768 2357 1847 2420 tubae
1857 2354 1894 2433 (2)

1123 2454 1196 2516 veri
1210 2455 1312 2515 Masis
1327 2454 1449 2516 Christi
1469 2455 1529 2516 Dei
1552 2457 1672 2529 nostri,
1694 2471 1829 2533 quorum
1843 2453 1895 2513 mi·

1122 2550 1261 2612 nisterio
1287 2551 1532 2614 multitudinem
1557 2553 1758 2630 populorum
1776 2556 1840 2629 jam
1863 2546 1896 2609 ad

1122 2664 1219 2709 suum
1236 2649 1436 2726 principium
1458 2651 1665 2713 convocavit.
1692 2650 1735 2712 Hi
1756 2648 1829 2710 sunt
1843 2646 1896 2706 duo

1123 2745 1300 2807 Cherubim
1316 2744 1380 2825 (3);
1396 2748 1488 2824 pleni
1502 2747 1641 2810 scientia
1659 2750 1774 2810 mutuo
1788 2762 1822 2807 se
1834 2758 1896 2805 res-

385 2836 528 2895 Marcus
551 2837 710 2897 Marullus
729 2837 951 2909 spalatensis.
1122 2844 1294 2920 picientes,
1312 2844 1389 2904 dum
1406 2845 1493 2906 idem
1513 2845 1674 2918 sentiunt,
1692 2827 1814 2907 et'alas
1831 2854 1897 2902 suas

1121 2941 1336 3003 extendentes
1351 2942 1391 3002 ad
1405 2943 1574 3019 populum,
1589 2943 1668 3004 dum
1681 2944 1792 3021 ipsum
1804 2938 1898 3002 uerbis

313 2296 364 2357 35.
387 2296 458 2355 Hoc
482 2294 614 2370 signum
645 2295 793 2357 omnium
822 2297 1004 2358 maximum
1029 2312 1069 2360 ac

274 2391 457 2469 singulare,
474 2393 507 2454 et
522 2394 618 2469 quasi
636 2393 875 2470 prodigiorum,
892 2410 990 2456 sacra
1009 2395 1068 2456 illa

274 2488 430 2564 stigmata
443 2488 588 2550 suerunt.
604 2488 776 2568 (Carteiam.
790 2495 941 2555 Lacunis
953 2494 1069 2554 habita

274 2588 455 2648 Docuiuica
469 2585 650 2665 seraper.)

310 3039 361 3101 36.
380 3038 442 3101 Sed
459 3039 536 3117 quid
554 3055 642 3102 nunc
656 3040 696 3103 de
711 3040 755 3113 te,
769 3041 1065 3118 paterFrancisce,
1121 3039 1154 3101 et
1182 3039 1343 3117 exemplis
1370 3041 1557 3117 protegunt,
1585 3041 1619 3102 et
1642 3039 1833 3104 discurrunt
1852 3051 1898 3097 se-

271 3135 399 3198 dicamt
410 3139 576 3210 Quantum
590 3138 650 3200 tibi
661 3155 792 3216 quoque
806 3138 914 3201 adhuc
927 3139 1064 3201 interra
1120 3137 1263 3197 cundum
1278 3136 1474 3199 obedientiae
1488 3139 1648 3210 volatum,
1667 3155 1771 3217 super
1784 3148 1899 3199 omnem

271 3232 403 3310 degenti
424 3235 481 3296 tua
507 3236 647 3296 contulit
670 3236 923 3314 contemplatiot
943 3236 1065 3299 Vidisti
1120 3235 1277 3312 populum
1290 3235 1510 3297 disseminare
1529 3236 1708 3298 seleutiam
1722 3237 1898 3297 salutarem.

271 3328 452 3407 fulgentem
466 3332 648 3394 Salvatoris
663 3334 770 3394 nostri
786 3349 934 3409 crucem3
950 3334 1064 3395 uidisti
1119 3333 1162 3393 Hi
1175 3334 1253 3394 sunt
1264 3331 1366 3393 ubera
1379 3348 1510 3410 sponsae
1522 3332 1580 3412 (4),
1595 3334 1773 3412 exquibus
1785 3328 1902 3410 paruuli

271 3430 422 3490 sanctum
453 3430 592 3507 seraph,
622 3446 642 3491 a
671 3446 735 3507 quo
765 3431 966 3509 seraphicus
998 3431 1063 3493 dici
1118 3429 1154 3490 in
1165 3430 1296 3491 christo
1307 3429 1359 3490 lac
1372 3431 1504 3506 sugunt,
1516 3446 1580 3508 quo
1591 3433 1788 3494 nutriantur
1797 3432 1902 3501 etaug·

271 3527 433 3589 meruisti.
451 3527 530 3588 Inde
545 3527 607 3589 tibi
623 3528 786 3604 singulari
801 3529 944 3605 quodam
958 3528 1065 3605 privi-
1117 3527 1229 3587 menta
1254 3525 1419 3603 recipiant
1440 3526 1475 3587 in
1502 3526 1655 3587 salutem.
1683 3529 1727 3588 Hi
1750 3527 1826 3588 sunt
1848 3524 1902 3584 duo

270 3623 370 3700 legio,
408 3626 591 3686 Dominicae
625 3625 853 3687 crucifixionis
890 3627 1063 3689 cicatrices
1118 3622 1179 3683 tilii
1193 3623 1260 3684 olei
1275 3621 1462 3700 splendoris
1474 3622 1532 3702 (5),
1548 3623 1603 3700 qui
1619 3625 1787 3687 assistunt
1799 3619 1901 3685 Domi·

271 3722 490 3797 corporaliter
512 3723 690 3785 vindicasti
711 3745 718 3782 :
739 3724 776 3785 ut
799 3726 893 3800 cujus
914 3738 1062 3800 pauper·
1118 3721 1228 3782 natori
1241 3721 1533 3795 universaeterrae3
1551 3723 1700 3798 prompti
1714 3723 1756 3783 ad
1772 3719 1903 3799 ejusim-

270 3818 384 3891 tatem,
397 3819 694 3892 mansuetudinem,
712 3818 932 3881 humilitatem
951 3819 1062 3882 fueras
1117 3817 1257 3894 perium,
1270 3833 1476 3895 quocumque
1487 3818 1641 3880 voluntas
1653 3822 1730 3898 ejus
1741 3835 1799 3881 eos
1811 3816 1905 3878 duxe-

270 3915 432 3988 imitatus,
451 3919 523 3993 ejus
548 3917 647 3978 etiam
670 3916 871 3978 beatissimae
896 3918 1062 3994 passionis
1116 3915 1162 3976 rit
1179 3931 1272 3976 suam
1294 3915 1493 3991 legationem
1512 3915 1662 3992 implere.
1688 3918 1734 3978 Hi
1757 3919 1833 3978 sunt
1850 3914 1904 3974 duo

270 4012 367 4089 signa
381 4013 416 4073 in
431 4013 595 4086 manibus,
612 4014 647 4074 in
667 4014 785 4084 latere,
805 4013 841 4075 in
856 4014 995 4090 pedibus
1007 4030 1063 4075 re-
1116 4013 1217 4073 tesles
1233 4012 1356 4074 Christi
1366 4011 1426 4092 (6),
1439 4012 1496 4089 qui
1507 4011 1613 4073 saccis
1626 4015 1824 4092 amictijam
1834 4025 1906 4090 prae

269 4110 386 4184 terres,
412 4113 543 4173 etcum
569 4111 673 4172 Paulo
697 4110 837 4187 gloriari
860 4127 985 4187 posses,
1011 4112 1062 4172 di·
1116 4107 1906 4187 dicant,attestimoniumperhibentveritati.lli

269 4224 368 4270 cens:
395 4211 530 4271 Christo
553 4210 712 4282 coufiaus
738 4224 818 4270 sum
842 4212 948 4270 cruci.
980 4213 1062 4272 Vico
1116 4208 1279 4269 suntduae
1294 4208 1398 4269 stellae
1412 4207 1542 4279 lucidae,
1559 4224 1632 4284 quae
1648 4210 1838 4271 secundum
1853 4208 1907 4282 Sp·

270 4305 386 4367 autem
408 4311 487 4378 jam
514 4321 585 4369 nou
610 4322 683 4384 epa,
715 4307 801 4367 etuti
825 4321 908 4369 aero
943 4309 980 4368 in
1006 4323 1061 4369 me
1115 4304 1908 4383 billinumVaticinium,habentspeciesquatuor

270 4404 437 4464 Christus.
455 4402 589 4483 (Galat,
605 4419 646 4475 11,
662 4401 729 4483 20.)
745 4407 831 4468 Mihi
844 4405 1062 4467 autemabsit
1115 4401 1323 4474 animalium,
1351 4401 1386 4462 in
1412 4401 1530 4463 diebus
1555 4403 1759 4466 novissimis
1784 4402 1910 4466 nomine

268 4502 415 4575 gloriari
430 4504 499 4561 uisi
516 4504 554 4561 iu
571 4517 673 4563 errice
691 4505 832 4563 Domini
851 4504 964 4565 nostri
977 4506 1061 4564 lesu
1115 4500 1201 4574 Agni
1223 4499 1456 4571 vociterantes,
1476 4499 1510 4559 in
1535 4500 1762 4563 directionem
1782 4498 1912 4563 humili·

269 4596 409 4668 Christi,
419 4611 487 4669 per
497 4613 599 4671 quem
611 4602 697 4660 milli
710 4603 860 4661 maridas
870 4602 1062 4672 mactamus
1114 4597 1204 4669 tatis,
1222 4598 1254 4658 et
1269 4596 1466 4658 voluntariae
1482 4598 1707 4673 paupertatis.
1731 4599 1859 4679 (Epist.
1873 4596 1911 4657 ad

268 4694 332 4765 cst,
358 4692 392 4753 et
414 4708 476 4769 epo
502 4697 662 4757 mundo:
690 4710 751 4771 epo
777 4700 871 4757 euim
895 4698 1060 4771 stigmata
1115 4709 1233 4756 arrietes
1246 4695 1503 4756 Prcedicatores
1512 4695 1545 4755 et
1555 4698 1730 4770 Minores,
1743 4701 1839 4773 apitii
1851 4700 1913 4757 Pe·

269 4793 409 4853 Domini
424 4793 806 4865 Jesuiacorporemeo
821 4794 933 4867 porta.
948 4792 1059 4872 (lbid.,
1116 4792 1212 4853 trum
1236 4794 1475 4865 liudulpbium,
1498 4790 1556 4851 lib.
1581 4794 1622 4865 ll,
1645 4796 1747 4857 Hist.
1775 4795 1911 4869 Serapi.

266 4902 314 4960 v1,
331 4889 380 4958 14,
396 4886 463 4967 21.)
482 4889 507 4948 Ο
527 4886 657 4948 felicem
671 4905 815 4960 seruum,
832 4890 886 4950 cui
901 4892 1060 4952 Dominus
1115 4886 1229 4967 rctip.)
1386 4880 1390 4887 ’

265 4985 1061 5066 tradiditquinquetalentatthuibusilleper-
1117 5034 1261 5093 Thomas
1286 5035 1414 5093 Bonus
1453 5033 1743 5110 mmmmm
1769 4982 1917 5100 Oratam

267 5082 372 5145 ditum
386 5083 556 5159 reparavit
571 5083 742 5156 mundum,
757 5084 812 5146 bic
825 5083 991 5148 labentem
1005 5102 1062 5149 re-
1416 5077 1424 5103 ’

267 5180 402 5257 pararet
415 5178 613 5240 Ecclesiam!
631 5179 718 5258 (Lib.
736 5184 776 5253 ll,
793 5184 972 5247 Dictorum
981 5187 1059 5259 sac·
1418 5130 1610 5204 presbyten

268 5279 334 5339 tor.
352 5278 639 5351 memorabilium,
656 5294 684 5340 c.
701 5277 749 5359 4.)
1154 5280 1205 5340 39.
1230 5280 1301 5340 Duo
1320 5278 1356 5340 hi
1369 5280 1560 5343 Dominicus
1577 5284 1609 5345 et
1624 5285 1852 5359 Franciscus,
1869 5299 1919 5346 or·

304 5425 345 5497 (t)
362 5426 510 5496 Genes.,1.
1164 5428 1192 5502 t)
1211 5428 1302 5496 Cant,
1320 5444 1358 5486 rr.

304 5500 345 5570 (t)
358 5497 455 5566 Num,
471 5512 499 5554 x.
1163 5500 1192 5567 n)
1208 5500 1391 5572 Zachar.,1v.

306 5570 346 5643 (3)
363 5568 463 5637 Exod,
478 5583 542 5626 xxv.
1150 5571 1191 5643 (o)
1207 5572 1336 5643 apocal,
1353 5585 1390 5626 xi.

51 5968 136 6136 L
284 6040 301 6075 .
