3950 6200
131 304 181 366 lte
726 300 952 365 EPISTOLAE.
976 302 1055 362 LIB.
1078 302 1134 361 Xl.
1695 299 1753 361 loo

440 448 581 556 XXXV
958 459 1006 521 tia
1030 459 1079 525 sic
1101 458 1256 521 duximus
1282 455 1503 528 statuendum,
1531 458 1567 517 ut
1594 456 1752 521 videlicet
1783 458 1804 467 ”

478 631 484 642 ¹
959 558 1031 634 lpse
1046 557 1226 633 imperator
1241 571 1301 633 pro
1315 555 1503 616 reverentia
1517 557 1598 617 Jesu
1612 554 1751 626 Christi,

125 626 906 739 wedmssmmt‘fflmrdioe’March&
960 657 994 716 et
1017 654 1149 729 negotio
1176 655 1287 713 Terrae
1310 654 1439 713 sauctae
1457 667 1528 723 suo,
1554 653 1587 712 et
1611 651 1672 711 lilii
1687 652 1753 724 sui,

371 740 412 787 αθ
425 729 605 787 R⁰m⁶¹m⁰²
638 768 647 786 ·
959 767 1000 813 ac
1015 751 1147 826 imperii
1159 750 1293 811 nomine
1308 750 1362 818 iis,
1376 749 1432 826 qui
1448 751 1525 810 sunt
1539 749 1580 810 dc
1596 748 1754 810 societate

380 863 537 938 ajanuarii
557 864 637 923 1227,
956 848 1129 925 jamdicta,
1156 847 1390 909 universaliter
1409 846 1551 923 siugulis
1573 847 1605 908 et
1634 848 1754 922 singu·

961 946 1077 1007 lariter
1105 944 1272 1006 uniuersis
1297 944 1445 1005 remittat
1472 959 1602 1005 omnem
1628 959 1754 1005 ranco-
1806 996 1811 1009 ,

961 1060 1043 1115 rem,
1071 1041 1350 1113 malevolentiam,
1370 1041 1514 1118 injurias
1538 1042 1571 1101 et
1591 1040 1755 1117 offensam

125 1120 256 1179 libmittit
270 1122 474 1193 compromissi
495 1120 627 1190 sormam,
641 1119 717 1193 quod
737 1121 792 1193 ipsi
806 1127 836 1177 et
849 1122 904 1178 lio·
961 1141 1073 1201 omma
1098 1155 1227 1217 quoque
1246 1138 1367 1210 banna,
1392 1137 1654 1209 constitutiones,
1677 1155 1757 1199 sen„

153 1224 295 1266 manornm
313 1210 470 1282 imperator
487 1210 518 1266 in
539 1209 718 1282 providentia
737 1225 789 1267 sua
803 1216 833 1268 ct
849 1208 904 1266 ira·
961 1238 1084 1299 tonnas
1099 1240 1132 1299 et
1146 1237 1386 1306 ordinamenta,
1410 1251 1483 1311 (Μ
1504 1234 1591 1306 Μὴ,
1613 1235 1666 1296 vel
1688 1235 1755 1296 im·

154 1304 220 1355 πω
233 1312 354 1354 ⁸¹¹⁰m¹¹¹
366 1305 533 1370 mmm·
962 1335 1073 1411 posuit
1088 1350 1147 1411 per
1160 1349 1207 1405 se,
1225 1334 1277 1394 vel
1290 1348 1351 1409 per
1364 1332 1478 1401 alium,
1498 1331 1628 1393 aliusve
1642 1348 1701 1408 pro
1716 1348 1756 1393 eo

157 1430 318 1492 Hdnorius
327 1431 514 1509 episcopus,
523 1448 640 1493 servus
651 1447 823 1493 servorum
834 1430 905 1503 Dei,
963 1431 1114 1492 societati
1135 1431 1188 1491 sel
1209 1430 1311 1491 alicui
1332 1428 1375 1489 de
1396 1427 1556 1490 societate
1584 1428 1754 1505 praedicta,

125 1529 297 1590 rectoribus
319 1530 493 1591 societatis
515 1529 733 1602 bombardiae,
748 1529 907 1591 Marchiae
963 1527 1165 1598 ciuitatibus,
1190 1527 1273 1588 locis
1288 1527 1320 1587 et
1339 1524 1493 1602 personis
1508 1525 1548 1587 de
1562 1525 1637 1601 ipsa
1650 1526 1759 1587 socie-

123 1642 156 1687 ac
166 1626 382 1698 Romaniolae,
395 1631 459 1688 etc.
962 1627 1042 1693 tate,
1056 1625 1089 1687 et
1101 1638 1315 1701 quaecumque
1330 1638 1374 1684 ex
1387 1623 1448 1694 eis,
1466 1622 1520 1683 rel
1536 1622 1577 1683 ob
1589 1637 1629 1682 ea
1644 1623 1759 1685 secuta

155 1726 227 1801 Ejus
240 1723 367 1789 locum,
384 1724 463 1784 licet
480 1723 654 1794 immeriti,
671 1722 857 1784 obtinentes
872 1723 908 1784 in
963 1723 1051 1793 sunt,
1068 1722 1199 1798 penitus
1220 1722 1354 1782 revocet
1372 1723 1405 1781 et
1420 1720 1611 1796 specialiter
1633 1720 1761 1781 consti-

124 1820 218 1892 terris,
234 1821 292 1897 qui
313 1836 384 1898 pax
402 1820 605 1900 nostraiecit
627 1822 769 1897 utraque
792 1836 906 1891 uuum,
962 1821 1126 1882 tutionem
1148 1817 1269 1879 iactam
1293 1817 1333 1878 de
1355 1817 1476 1887 studi0,
1499 1819 1533 1878 et
1551 1815 1759 1878 studentibus

123 1917 192 1978 duos
216 1918 367 1995 parietes
388 1917 561 1979 venientes
580 1917 746 1978 ediverso
761 1920 907 1995 conjun-
962 1917 1141 1987 Bononiae,
1155 1917 1329 1978 universos
1345 1916 1379 1977 et
1390 1914 1550 1989 singulos,
1577 1914 1634 1990 qui
1658 1929 1760 1975 occa·

122 2029 192 2089 gens
204 2014 238 2074 iu
252 2014 369 2091 seipso
384 2014 495 2091 lapide
507 2015 673 2090 angulari,
694 2012 909 2074 nascentibus
963 2014 1058 2075 sione
1084 2013 1228 2093 alicujus
1248 2012 1481 2088 praedictorum
1502 2010 1575 2071 laesi
1590 2010 1757 2083 videntur,

123 2110 265 2172 debemus
290 2112 433 2173 obviare
460 2112 648 2183 discordiis,
675 2114 707 2173 et
735 2111 908 2172 intendere
963 2112 1144 2173 restituens
1166 2112 1201 2172 in
1221 2111 1387 2186 integrum
1413 2110 1448 2169 in
1470 2108 1634 2180 omnibus,
1652 2110 1685 2170 et
1699 2122 1759 2185 per

123 2208 249 2271 sollicite
263 2224 306 2270 ac
316 2209 499 2285 diligenter
512 2210 555 2270 ad
575 2222 626 2281 ea,
643 2225 717 2286 quae
732 2212 810 2272 sunt
824 2224 907 2270 con·
964 2209 1077 2270 omnia
1101 2224 1161 2269 suo
1177 2209 1277 2269 statui
1299 2208 1398 2283 atque
1424 2205 1537 2277 samaa,
1560 2206 1759 2266 remittendo

124 2306 242 2379 cordia,
268 2307 415 2368 unitatis
435 2309 469 2369 et
493 2307 599 2383 pacis.
619 2308 700 2367 dum
712 2322 792 2382 ergo
804 2322 910 2383 nuper
964 2306 1136 2371 infamiam
1152 2320 1298 2376 omnem,
1323 2306 1356 2365 et
1379 2319 1523 2380 posnam,
1544 2319 1618 2379 quae
1638 2305 1761 2367 secutae

123 2405 199 2469 inter
211 2405 428 2467 carissimum
443 2405 480 2465 iu
490 2404 620 2467 cbristo
641 2405 747 2466 tilium
759 2406 909 2466 nostrum
964 2405 1043 2466 sunt
1065 2419 1109 2465 ex
1133 2402 1246 2479 aliqua
1272 2400 1517 2477 predictorum,
1539 2401 1585 2460 ita
1612 2399 1700 2475 quod
1719 2414 1759 2461 ea

124 2501 318 2565 liudericum
327 2503 556 2563 Romanorum
565 2502 811 2578 imperatorem,
823 2516 909 2563 sem-
965 2517 1040 2578 quae
1054 2500 1163 2561 medio
1178 2501 1327 2575 tempore
1351 2512 1410 2573 per
1427 2512 1484 2557 eos
1499 2499 1575 2557 acta
1589 2497 1675 2567 sunt,
1693 2511 1761 2561 non

124 2614 173 2673 per
186 2601 368 2675 augustum
391 2601 424 2660 et
450 2613 563 2674 regem
588 2599 723 2671 Siciliae,
738 2600 837 2675 atque
851 2613 910 2660 vos
965 2596 1172 2661 obstantibus
1205 2595 1416 2672 supradictis,
1440 2593 1542 2655 robur
1576 2593 1759 2664 obtineant,

125 2694 275 2758 discordia
291 2698 372 2759 orta
392 2697 495 2770 esset3
511 2710 574 2757 nos
590 2696 809 2767 attendentes,
824 2695 909 2772 quod
965 2695 1053 2773 quod
1068 2694 1152 2756 alias
1173 2693 1356 2757 debuerant
1372 2691 1532 2753 obtinere.
1555 2691 1604 2752 Ad
1621 2691 1693 2753 hac
1712 2690 1762 2750 ci-

124 2808 179 2863 rcs,
204 2794 271 2855 nisi
290 2793 514 2856 obsisteretur
533 2793 720 2870 principiis,
737 2792 912 2855 uidebatur
965 2794 1097 2863 vitatos,
1120 2792 1194 2853 loca
1215 2791 1249 2852 et
1268 2804 1430 2867 personas
1449 2788 1492 2849 de
1509 2788 1581 2864 ipsa
1604 2788 1761 2851 societate

123 2888 210 2952 altius
232 2906 473 2967 progressura,
497 2891 530 2952 et
557 2892 679 2967 praeter
700 2890 911 2952 difficultates
965 2890 1106 2967 recipiat
1128 2890 1164 2950 in
1186 2904 1255 2949 suae
1279 2887 1397 2963 gratim
1413 2885 1651 2962 plenitudinem
1666 2886 1698 2946 et
1712 2886 1762 2946 eis

124 2986 196 3047 alias
209 2988 359 3050 allatura
371 2986 643 3064 impedimentum
655 2989 788 3063 negotio
800 2990 912 3049 Terrae
966 2987 1068 3053 faciat
1078 2987 1207 3051 firmam
1222 3001 1349 3062 pacem,
1364 2983 1554 3059 specialiter
1576 2982 1763 3047 marchioni

124 3083 252 3157 Sanctae,
279 3100 347 3163 pro
364 3100 429 3161 quo
444 3085 496 3147 est
508 3085 600 3149 tanto
619 3083 913 3162 temporalabora·
965 3084 1217 3154 Montislerrati,
1244 3081 1448 3160 Mediolano,
1471 3080 1663 3152 Placentiae,
1677 3083 1762 3142 Ver-

123 3181 193 3253 ium,
217 3183 361 3259 dignum
384 3182 541 3243 duximus
564 3184 776 3258 interponere
801 3183 912 3259 partes
967 3183 1073 3254 cellis,
1097 3181 1274 3252 Bononiae,
1311 3180 1498 3250 Faventiae,
1534 3177 1758 3249 Alexandriae,

125 3281 257 3352 amnas,
272 3283 310 3341 et
325 3280 405 3355 igne
420 3280 913 3356 hujusmodi,autequamvircs
967 3281 1124 3352 Taurino,
1148 3279 1281 3347 Laudas,
1307 3279 1479 3351 Bergamo,
1501 3274 1637 3345 Brixiae,
1660 3276 1761 3334 Man-

122 3378 363 3454 assumpsisset,
395 3377 556 3450 extincto,
591 3377 748 3453 gravibus
777 3376 913 3438 obviare
967 3379 1044 3448 tuae,
1074 3379 1227 3446 Veronae,
1255 3373 1389 3444 Paduae,
1409 3372 1581 3443 vicentiae,
1598 3372 1760 3443 Terrisio,

122 3473 287 3546 periculis,
311 3487 388 3549 quae
411 3473 545 3549 quidem
571 3490 613 3535 ex
637 3475 712 3546 hoc,
740 3473 805 3538 nisi
827 3473 913 3534 tean-
967 3476 1105 3543 Gremae,
1115 3471 1278 3533 Ferrariac
1291 3471 1324 3532 et
1334 3467 1509 3530 comitibus
1519 3468 1559 3529 de
1570 3468 1761 3540 Blandrat0,

121 3572 235 3645 postire
248 3572 498 3641 occurreretur,
513 3573 667 3648 poterant
680 3572 825 3634 evenire.
839 3573 913 3647 Ipso
968 3570 1111 3645 aliisque
1131 3567 1226 3638 locis,
1256 3568 1290 3627 et
1316 3565 1469 3643 personis
1493 3563 1694 3640 quibuslibet
1707 3580 1764 3624 so·

205 995 480 1057 [liuillcrd-Brcholles,
494 996 558 1047 Hist.
570 997 688 1061 diplom,
702 996 732 1055 ll,
745 996 814 1061 loa]

29 3661 30 3672 ’
122 3666 214 3741 igitur
236 3668 447 3744 imperatore
478 3668 640 3730 scrobis
672 3670 777 3732 totum
804 3669 913 3745 ipsum
968 3667 1098 3728 cietatis
1117 3665 1276 3742 eJusdem.
1291 3663 1406 3724 Faciat
1421 3662 1521 3722 etiarn
1537 3661 1668 3722 restitui
1679 3677 1762 3737 cap-

29 3775 31 3778 ’
124 3766 287 3841 negotium
306 3765 344 3825 in
364 3766 547 3836 nostrast
570 3764 710 3828 fratrum
724 3768 914 3827 nostrorum
967 3764 1066 3835 lives,
1089 3761 1145 3840 qui
1170 3760 1248 3821 sunt
1268 3759 1357 3835 capti
1381 3758 1559 3819 occasione
1580 3758 1680 3834 hujus
1694 3757 1765 3817 dis-

124 3862 330 3937 providentia
345 3862 379 3923 et
392 3862 622 3939 dispositione,
639 3863 742 3925 libere
757 3879 796 3926 ac
811 3863 913 3926 abso·
969 3849 1108 3931 cordiae,
1138 3874 1220 3922 cum·
1241 3856 1338 3918 bonis
1368 3871 1494 3926 sorum,
1520 3870 1560 3916 ac
1583 3854 1662 3926 alia,
1690 3872 1764 3933 quae

124 3956 184 4020 lule
212 3958 429 4037 ponentibus,
458 3959 558 4036 idque
582 3960 831 4023 declarantibus
855 3976 915 4038 per
968 3959 1144 4021 occasione
1164 3955 1269 4032 ipsius
1288 3952 1465 4014 discordiae
1488 3951 1584 4028 capta
1610 3953 1688 4013 sunt
1710 3952 1764 4012 rel

124 4052 254 4129 litteras,
266 4058 302 4120 et
314 4055 447 4133 publica
458 4057 691 4128 instrumenta,
705 4073 766 4120 nec
775 4065 842 4118 non
855 4073 915 4134 per
968 4056 1112 4120 detenta.
1125 4057 1265 4128 Insuper
1273 4066 1403 4129 quoque
1414 4049 1515 4111 iaciat
1527 4049 1599 4110 lieri
1613 4050 1763 4128 patentes

29 4181 30 4184 ¹
125 4151 282 4216 solemnes
303 4153 539 4230 procuratores
563 4157 596 4216 et
613 4155 759 4226 nendos,
780 4158 914 4231 propter
967 4154 1097 4216 litteras
1125 4165 1169 4213 ex
1192 4151 1286 4227 parte
1310 4148 1371 4209 filii
1397 4146 1461 4216 sui,
1478 4146 1564 4223 quod
1589 4161 1704 4222 pacem
1732 4147 1765 4207 et

126 4246 181 4311 boc
194 4250 237 4313 ab
258 4253 406 4328 utraque
427 4252 521 4327 parte
534 4251 576 4312 ad
596 4253 744 4313 nostram
760 4267 913 4328 praesen·
968 4248 1181 4314 concordiam
1195 4248 1293 4309 istam
1308 4246 1416 4306 ratam
1429 4243 1564 4304 babebit
1577 4244 1609 4303 et
1620 4242 1762 4314 firmam,

126 4345 196 4408 bam
209 4345 410 4419 destinates,
423 4348 859 4410 cumintercaeteral'uisset
872 4365 915 4410 ex
968 4350 1003 4411 et
1026 4347 1173 4410 remittet
1195 4345 1265 4406 illis
1288 4343 1329 4403 de
1353 4342 1512 4402 societate
1533 4355 1663 4400 omnem
1680 4356 1765 4401 ran-

127 4445 332 4522 puerperus
351 4444 565 4520 imperatoris
584 4446 789 4522 propositum
803 4489 811 4516 ,
827 4446 914 4522 quod
968 4460 1092 4514 sorem,
1110 4440 1391 4509 malevolentiam,
1406 4437 1549 4514 injurias
1563 4438 1597 4498 et
1608 4437 1764 4499 offensas.

29 4551 30 4554 ’
127 4537 317 4616 impediente
351 4542 511 4604 societate
554 4544 684 4615 restra,
720 4543 915 4619 nequiverat
1008 4541 1052 4602 Hi
1063 4555 1143 4602 vero
1155 4538 1215 4615 ¹(rui
1230 4535 1361 4597 suntde
1371 4534 1712 4611 societatejamdicta,
1725 4535 1766 4595 ad

126 4636 211 4709 iuxta
236 4639 445 4715 propositum
469 4654 565 4700 suum
589 4639 771 4716 procedere
799 4640 914 4702 contra
968 4638 1130 4700 bonorem
1167 4634 1228 4702 Dei
1257 4631 1514 4709 omnipotentis,
1547 4634 1581 4693 et
1610 4632 1766 4693 Ecclesiae

130 4736 315 4806 munem
330 4736 536 4808 hereticam,
551 4751 625 4814 quse
645 4739 758 4813 paries
777 4737 855 4800 illas
869 4737 915 4798 di·
969 4737 1094 4800 sanctae
1109 4747 1180 4796 sue
1201 4747 1241 4796 ac
1255 4731 1362 4808 ipsius
1377 4729 1602 4805 imperatoris,
1620 4729 1699 4790 dent
1716 4728 1766 4789 ei-

29 4907 30 4910 *
130 4830 206 4894 citur
225 4834 374 4909 graviter
394 4833 563 4905 iniecisse,
581 4849 621 4896 ac
637 4834 789 4896 relevare
808 4834 914 4896 liber·
969 4833 1045 4896 dem
1056 4829 1251 4908 imperatori
1266 4842 1326 4906 pro
1341 4826 1491 4890 sudsidio
1509 4828 1620 4886 Terrae
1636 4826 1766 4886 Sanctae

29 4935 30 4978 l
130 4925 220 4990 bem
234 4930 599 5008 ecclesiasticamque
618 4930 740 4992 ibidem
755 4930 916 5006 multipli·
970 4931 1004 4991 in
1015 4929 1171 5006 expensis
1184 4926 1332 5004 ejusdem
1345 4923 1515 4986 societatis
1527 4921 1765 5000 perbiennium

131 5023 205 5085 citer
226 5026 441 5088 asserebatur
464 5042 635 5103 oppressa,
658 5043 720 5089 neo
734 5043 916 5104 procurare
969 5027 1092 5090 milites
1117 5023 1389 5103 quadringentos,
1416 5037 1436 5081 a
1458 5018 1660 5090 civitatibus,
1681 5017 1765 5079 locis

133 5119 452 5199 subsidium‚Terrae
485 5125 628 5195 Sanctae,
666 5126 802 5201 propter
828 5124 915 5200 quod
970 5126 1005 5187 et
1023 5123 1175 5202 personis
1190 5119 1358 5198 imperiali
1373 5116 1581 5181 excellentiae
1595 5116 1767 5177 adbaeren-

132 5218 309 5290 specialiter
332 5220 376 5281 ad
398 5221 511 5297 partes
533 5220 624 5296 ipsas
647 5221 789 5285 duxerat
813 5237 915 5284 acce·
969 5222 1069 5293 tibus,
1099 5222 1167 5283 tam
1191 5216 1430 5280 ecclesiasticis
1446 5229 1545 5291 quam
1571 5212 1765 5284 mundanis,

134 5309 272 5388 dandum,
294 5316 448 5393 quodque
464 5318 586 5393 captivi
602 5318 665 5380 sibi
682 5321 798 5382 coutm
812 5321 870 5396 jus
884 5318 917 5379 et
970 5319 1095 5380 iaciant
1109 5332 1224 5394 pacem
1244 5317 1277 5377 et
1290 5312 1531 5374 inviolabiliter
1546 5312 1689 5382 servent,
1706 5326 1765 5371 re-

135 5404 279 5473 bonorem
295 5413 431 5490 imperii
446 5413 577 5474 fueraut
590 5414 755 5490 denegati.
970 5416 1138 5477 mittentes
1152 5415 1201 5475 eis
1217 5427 1347 5473 omnem
1361 5423 1546 5479 rancorem,
1564 5407 1768 5469 malevolen-

168 5507 232 5568 Nos
255 5510 309 5570 bis
334 5511 369 5571 et
394 5510 472 5570 aliis
496 5526 568 5587 quae
591 5511 724 5573 luerunt
744 5511 917 5572 hincinde
970 5507 1423 5589 aiaminjuriasetoffensas,
1440 5507 1767 5567 acrevocentomnia

139 5607 302 5680 proposita,
319 5606 457 5683 plenius
472 5607 658 5682 intellectis,
676 5608 716 5669 de
738 5609 918 5686 providen·
970 5610 1092 5680 banna,
1109 5606 1374 5674 constitutiones,
1392 5601 1575 5664 sententias
1590 5605 1624 5665 et
1638 5602 1777 5664 ordina-⁸
