3950 6200
305 319 366 379 407
737 323 770 383 a.
794 316 1012 385 snaucrscr
1034 323 1261 384 assrsmrrs
1283 297 1511 386 opuscuuu.
1833 342 1878 402 403

307 474 425 548 inmune
439 476 615 549 induxeritis,
629 486 661 536 ut
681 478 811 537 ecclesiis
822 481 886 554 jura
902 494 954 537 sua
969 478 1099 549 reddant,
1153 482 1223 539 ostis
1249 482 1409 539 animarum
1424 484 1551 540 omnium
1570 485 1664 557 gregis
1684 484 1877 565 vobiscommisi,
1903 484 1904 573 t

307 564 362 637 ipsi
376 579 428 622 vos
443 566 584 638 rogabunt
604 575 634 626 ut
655 569 739 626 saluti
760 570 855 642 populi
873 568 1056 642 provideatis,
1072 576 1100 627 et
1153 577 1184 627 et
1197 575 1332 643 patronus
1355 577 1491 643 paterque
1512 571 1652 643 piissimus
1669 575 1780 633 omnium
1799 577 1878 641 fratrum

306 653 436 709 omniurn
449 653 645 714 consessiones
655 657 788 726 audiatis,
803 659 869 715 iicet
883 659 919 715 de
933 657 989 715 lroc
1001 672 1100 731 parum
1155 667 1327 727 nostrorum,
1343 659 1391 730 qui
1406 659 1435 716 in
1453 658 1509 716 lunc
1530 661 1592 716 loco
1611 660 1691 718 modo
1711 678 1877 739 commumoni,

307 755 468 799 voscurare
482 743 662 802 desiderem:
676 760 743 803 nam
758 746 806 818 qui
819 745 855 803 ad
868 747 1020 804 Dominum
1032 761 1100 803 con·
1155 752 1204 804 aut
1218 754 1316 820 postea
1331 746 1531 817 habitaverint,
1551 756 1652 806 uicum
1672 749 1836 812 benedictione
1848 759 1878 814 bei
1903 776 1904 825 l

308 836 464 899 vertentur,
480 840 509 888 et
528 848 579 891 sua
593 835 704 907 piacula
721 834 879 907 deplorant,
900 834 1005 892 multos
1019 837 1097 892 inue-
1153 843 1183 891 et
1194 843 1287 892 vestra
1299 836 1474 908 tuguriolum
1499 843 1548 893 aut
1564 839 1752 895 monasterium
1767 856 1877 914 paupercu-
1903 834 1904 915 ff

309 917 399 988 nient,
425 920 527 992 quibus
549 937 601 979 sua
626 931 743 996 peccata
772 925 908 981 revelent.
930 926 991 981 lloc
1015 924 1101 982 ruodo
1154 924 1249 980 culum
1273 923 1356 980 nobis
1374 921 1515 981 edificare
1542 925 1688 997 possimus.
1711 928 1879 989 bouriuuseniu

197 1048 199 1055 ,
308 1007 460 1081 episcopos
473 1018 502 1068 et
517 1012 649 1082 praelatos
664 1011 747 1070 facilc
761 1014 881 1070 vincetis
897 1012 949 1086 (l).
1153 1012 1267 1068 vocarit
1280 1026 1334 1069 nos
1343 1012 1373 1067 in
1386 1010 1556 1084 adjutorium
1567 1012 1630 1069 iidei
1639 1028 1705 1083 suae,
1716 1023 1741 1071 et
1751 1018 1879 1087 prelatum

1154 1107 1183 1157 et
1209 1101 1376 1158 clericorum
1401 1109 1509 1158 sanctae
1536 1101 1676 1159 Ecclesia,
1704 1104 1821 1162 Tenemur
1837 1122 1880 1181 erga

548 1182 779 1251 COLLOQUlUll
798 1185 860 1245 XV.
1154 1190 1242 1260 ipsos,
1271 1196 1408 1261 quantum
1435 1204 1598 1261 possumus,
1627 1189 1746 1263 diligere,
1776 1192 1880 1263 bonnam,

309 1293 411 1362 Quare,
424 1295 517 1352 deceat
530 1312 597 1367 „339
612 1299 660 1369 qm·
672 1299 775 1356 ‘mem
789 1299 916 1357 ,mmo
927 1298 1098 1356 mmm·
1154 1283 1183 1333 et
1197 1279 1337 1335 uenerari.
1347 1279 1493 1343 Vocantur
1505 1280 1609 1335 etenim
1622 1278 1683 1335 ideo
1695 1278 1782 1338 iratres
1789 1281 1879 1351 llinoms

1154 1366 1218 1436 ouia
1239 1367 1312 1423 sicut
1339 1367 1467 1436 nomine,
1497 1367 1534 1423 ita
1559 1368 1878 1441 etexemploctoperepre

1154 1454 1265 1511 ceteris
1287 1454 1450 1513 hominibus
1469 1455 1555 1528 hujus
1573 1456 1665 1512 seculi
1681 1456 1879 1514 bumtlcssssed·

1154 1541 1231 1599 beot.
1247 1545 1282 1600 Et
1301 1544 1367 1615 quia
1388 1543 1425 1600 ab
1446 1544 1526 1600 initio
1545 1559 1617 1601 moe
1635 1547 1807 1602 conversionis
1820 1547 1880 1617 posit
1903 1524 1904 1601 i

1154 1632 1292 1687 Dommm
1311 1633 1340 1687 in
1357 1646 1407 1689 ore
1419 1633 1545 1705 episcopi
1561 1632 1658 1690 Assisii
1672 1633 1776 1690 uerbum
1787 1640 1879 1700 suumut
1903 1642 1904 1703 ξ

1154 1719 1223 1775 mibi
1247 1718 1321 1775 bene
1340 1720 1512 1789 consuleret,
1530 1728 1559 1777 et
1574 1722 1711 1792 sapienter
1724 1720 1854 1777 confortaret
1862 1721 1879 1775 in

1153 1807 1269 1863 servitio
1292 1809 1359 1864 lesu
1388 1807 1511 1866 Christi:
1526 1816 1641 1882 propter
1658 1808 1710 1866 hoc
1729 1816 1755 1866 et
1772 1810 1814 1865 alia
1825 1809 1880 1863 nuit

1154 1894 1365 1964 excellentiora,
1378 1911 1442 1968 qum
1452 1897 1481 1952 in
1496 1897 1620 1969 prelatis
1633 1897 1778 1967 considero,
1789 1911 1831 1952 non
1841 1904 1879 1952 un·
1903 1922 1904 1973 3

1153 1982 1213 2040 mm
1228 1985 1389 2057 episcopos,
1410 1982 1461 2040 sed
1482 1992 1510 2041 et
1525 1986 1708 2057 pauperculos
1718 1983 1880 2043 mcerdotesd·
1903 1992 1904 2009 ²

1153 2072 1244 2146 ligero
1253 2073 1329 2141 volo,
1345 2081 1374 2131 et
1384 2073 1525 2143 venerari,
1537 2080 1568 2131 et
1579 2089 1630 2146 pro
1639 2073 1752 2131 dominis
1764 2074 1819 2130 meis
1829 2086 1879 2128 rere·
1903 2072 1904 2137 g

1151 2162 1218 2235 reri.
1234 2161 1357 2235 Accepta
1372 2161 1476 2220 deinde
1487 2161 1684 2220 benedictione
1697 2170 1722 2219 et
1732 2162 1822 2219 licemia
1832 2162 1880 2232 epis
1903 2156 1904 2179 ¹

1153 2250 1227 2322 copi,
1249 2250 1356 2307 radant
1373 2258 1403 2308 et
1423 2249 1529 2307 iaciant
1550 2251 1623 2308 mitti
1642 2266 1766 2324 magnam
1786 2249 1880 2306 cabum
1903 2278 1904 2323 3

1153 2339 1225 2395 riam
1238 2339 1398 2397 incircuitu
1413 2347 1506 2411 terras,
1523 2355 1610 2413 quam
1625 2355 1675 2413 pro
1687 2338 1841 2397 ediculositu
1851 2350 1881 2391 uc·
1903 2404 1904 2429 1

1153 2434 1298 2498 ceperunt,
1322 2434 1351 2484 et
1377 2440 1428 2500 pro
1446 2442 1527 2485 muro
1547 2427 1623 2486 bona
1645 2443 1710 2500 sepe
1722 2424 1857 2484 circumdent
1865 2430 1882 2478 et
1903 2440 1904 2495 3

1152 2515 1366 2573 circumvallent
1376 2516 1405 2572 in
1418 2517 1534 2589 signum
1546 2524 1653 2575 sanetus
1667 2515 1815 2591 paupertatis
1826 2511 1883 2569 otiu
1903 2518 1904 2555 l

1153 2604 1288 2662 militatis.
1304 2606 1411 2662 Donum
1425 2606 1512 2662 etiam
1525 2606 1651 2663 construi
1665 2604 1760 2662 iaciant
1771 2613 1880 2675 paupercu-
1903 2592 1904 2685 l

1152 2692 1195 2749 las
1209 2706 1245 2749 cx
1255 2694 1315 2750 luto
1330 2699 1359 2749 et
1372 2693 1468 2765 lignis,
1485 2700 1513 2750 et
1526 2694 1637 2766 aliquas
1654 2694 1769 2761 cebulas,
1784 2687 1882 2761 mosibo
1903 2720 1904 2743 2

1152 2779 1252 2838 [ratres
1281 2781 1390 2853 possint
1415 2781 1570 2853 aliquando
1593 2796 1673 2840 orare
1699 2789 1726 2839 el
1750 2778 1847 2836 laborare
1861 2772 1882 2829 ad

448 2906 460 2936 ·
532 2900 764 2969 ⁶⁰ll⁰⁰l¹ll¹
790 2901 866 2960 ill
1152 2867 1883 3016 litt-ttitittttttttlllttttttti

305 3014 435 3082 Qualiter
445 3014 641 3118 {etprimitias
653 3017 796 3088 Ralipiooe
816 3016 935 3074 cenobio
953 3017 1098 3075 llinorum
1151 3046 1229 3103 enim
1250 3060 1416 3104 sermonum
1430 3059 1510 3120 ergo,
1527 3054 1579 3106 au,
1592 3048 1647 3106 alia
1660 3056 1815 3120 quacumqu,
1829 3052 1882 3096 w.

588 3106 810 3179 oedfifflbamm·
1151 3134 1233 3192 sione
1250 3133 1387 3192 ccclesias
1408 3142 1457 3191 aut
1471 3136 1578 3208 templa
1597 3136 1732 3209 speciosa,
1751 3139 1792 3188 aot
1808 3138 1884 3224 mamb
1903 3157 1904 3196 3

338 3219 496 3278 incivitate
510 3222 649 3280 senarum
662 3236 773 3279 moram
783 3220 905 3280 iaciente
916 3220 1001 3279 beato
1013 3224 1095 3280 Patre
1150 3223 1317 3296 capacitatis
1337 3222 1383 3279 vel
1411 3223 1495 3280 molis
1513 3222 1657 3281 mdiilcare
1672 3221 1774 3288 debent,
1788 3225 1884 3287 mauouu
1903 3227 1904 3298 j

305 3315 420 3381 propter
432 3308 625 3367 infirmitatem
639 3310 798 3380 oculorum,
810 3311 901 3368 lleros
913 3309 1028 3382 quidam
1043 3311 1093 3368 Se·
1150 3311 1257 3368 etenim
1269 3309 1459 3369 humilitatem
1483 3318 1511 3369 et
1535 3313 1639 3370 medus
1657 3309 1800 3381 exemplum
1815 3301 1885 3377 popili

301 3397 409 3466 nensis,
431 3400 628 3456 &deventura
650 3399 777 3467 nomine,
803 3397 922 3456 fundum
941 3397 1018 3455 dedit
1038 3396 1095 3455 ira·
1151 3398 1332 3472 praebebunt,
1345 3413 1411 3457 cum
1426 3400 1456 3455 iu
1477 3399 1541 3458 aliis
1558 3401 1604 3458 vel
1618 3393 1904 3466 alieniseuriosiisus·

302 3484 401 3556 tribus,
410 3494 440 3544 ut
455 3485 483 3543 in
496 3502 531 3544 eo
540 3489 746 3545 monasterium
757 3486 813 3545 sibi
826 3486 1010 3544 aediiicareut.
1027 3487 1097 3546 Con·
1150 3487 1320 3546 dicaverint.
1334 3490 1369 3545 Et
1385 3488 1409 3544 si
1430 3488 1585 3559 aliqnando
1600 3487 1714 3561 prelati
1726 3486 1766 3542 rel
1778 3479 1885 3576 duisino·

301 3574 387 3632 suluit
395 3584 491 3633 mmeu
503 3576 617 3634 beatum
626 3578 719 3635 uirum
734 3577 853 3649 qualiter
863 3575 1094 3634 constituendum
1150 3577 1256 3649 ligiosi,
1272 3584 1321 3634 aut
1340 3576 1492 3633 seculares
1514 3574 1552 3633 ad
1578 3578 1639 3634 loca
1662 3577 1775 3649 ipsorum
1789 3569 1904 3665 venenat}

301 3670 387 3732 esset,
402 3663 519 3722 dicens2
537 3668 631 3734 Pater,
644 3665 711 3738 quid
720 3665 770 3722 tibi
784 3665 820 3722 de
830 3665 955 3723 lncoisto
965 3663 1096 3722 videtur?
1150 3664 1254 3723 domus
1268 3664 1456 3737 pauperculae,
1473 3671 1501 3722 et
1515 3665 1597 3722 ccllae
1608 3670 1733 3738 anguste
1745 3661 1781 3718 eis
1790 3653 1886 3731 pradict-

301 3751 348 3808 vel
362 3752 506 3823 quomodo
516 3754 670 3812 Semneum
683 3761 732 3812 aut
742 3754 948 3811 monasterium
963 3752 1011 3811 bic
1024 3751 1093 3810 aedi·
1149 3753 1230 3822 bunt,
1245 3760 1275 3810 et
1289 3754 1401 3810 animas
1424 3752 1640 3811 adventantium
1649 3752 1738 3826 magis
1750 3760 1820 3821 mam
1829 3737 1885 3798 ruba
1903 3797 1904 3802 ,

302 3837 381 3895 ficari
393 3840 443 3897 tibi
457 3841 559 3913 placet,
576 3843 605 3898 in
618 3856 675 3914 quo
694 3840 795 3900 iratres
810 3842 849 3898 tui
871 3848 1094 3912 commorentur,
1150 3842 1309 3914 composita
1324 3840 1505 3899 educabunt
1521 3841 1572 3914 (3).
1593 3863 1604 3892 ι

301 3937 423 3995 quorum
437 3925 613 3982 orationibus
633 3926 786 3982 meritoriis
810 3923 957 3998 operibus,
985 3926 1010 3982 si
1033 3941 1096 3998 quae

303 4010 374 4068 mibi
388 4015 602 4071 communicare
618 4015 770 4083 volueriut,
797 4029 855 4070 non
880 4029 926 4071 me
946 4028 1046 4086 parum
1065 4014 1095 4070 in
1373 4018 1606 4087 conlocutus
1628 4019 1715 4079 XVII.

301 4100 406 4158 animae
419 4100 502 4159 bouis
520 4101 712 4176 proiecturum
725 4101 847 4160 conlido.
863 4103 913 4161 Cui
928 4102 1029 4159 beatus
1039 4103 1095 4160 Pa·

302 4191 648 4264 ter.‹Proagello,quem
662 4190 1096 4250 adaediculaesitumsatiscom·
1866 4259 1870 4269 ¹

300 4278 417 4338 modum
438 4279 544 4354 judico,
567 4281 676 4355 gratias
697 4279 746 4338 tibi
767 4279 915 4349 babemus,
932 4279 1094 4337 honoratis·
1186 4278 1282 4334 Frater
1297 4276 1355 4334 Leo
1369 4273 1464 4331 socius
1478 4281 1535 4331 cta
1550 4267 1887 4360 contempsissemus

300 4367 372 4426 sime
398 4369 493 4440 irater,
520 4372 697 4440 innumeras,
734 4368 907 4442 modumque
939 4366 1096 4426 fabricandi
1150 4364 1251 4422 videns
1274 4366 1354 4437 plura
1383 4362 1492 4435 majora
1514 4371 1543 4420 et
1554 4363 1756 4436 sumptuosiora
1769 4359 1793 4414 in
1803 4350 1888 4453 sublime

300 4458 399 4530 paucis
423 4458 583 4518 ostendam.
614 4464 656 4517 Ex
681 4459 738 4517 hoc
762 4457 850 4516 inodo
871 4457 976 4515 debent
995 4455 1096 4513 iratres
1149 4455 1209 4510 tolli
1230 4453 1362 4521 aediilcia,
1385 4450 1488 4508 strictae
1508 4449 1650 4509 Minorem
1669 4447 1888 4524 paupertatrpaull

299 4545 482 4604 considerare
494 4549 670 4621 quotjugera
686 4548 740 4605 sibi
754 4547 909 4615 sufficiunt,
922 4547 951 4603 in
964 4545 1019 4603 hac
1034 4545 1096 4618 ipsa
1150 4541 1291 4610 decentia,
1316 4542 1405 4615 patris
1427 4540 1602 4598 voluntatem
1629 4539 1745 4612 experiri
1769 4533 1857 4624 rolens,
1871 4525 1889 4575 et

300 4633 529 4692 consideratione
541 4637 577 4693 ad
600 4645 731 4694 sanctam
747 4635 927 4694 attendentes
941 4643 1094 4708 pauperta·
1151 4630 1218 4703 quid
1231 4630 1267 4688 dc
1288 4630 1343 4688 hac
1355 4643 1385 4685 re
1400 4629 1517 4687 sentiret
1537 4630 1727 4702 maximopere
1737 4625 1800 4682 scire
1810 4609 1888 4675 tande·

300 4727 368 4790 tem,
394 4737 479 4793 quam
495 4725 618 4780 Domino
639 4725 709 4795 ipsis
722 4725 827 4796 placuit
843 4724 999 4792 unverein
1019 4723 1096 4781 nullo
1150 4735 1228 4789 rans,
1244 4734 1340 4777 corana
1361 4718 1424 4778 aliis
1445 4716 1578 4774 iratribus
1597 4715 1632 4773 ad
1648 4716 1757 4774 beatum
1776 4695 1889 4784 pauendi

301 4809 441 4867 violantes
455 4810 563 4868 bonum
585 4811 759 4882 exemplum,
775 4811 849 4883 quod
864 4812 1000 4884 proximis
1014 4811 1096 4869 decet
1151 4807 1197 4866 bis
1217 4822 1380 4866 sermonem
1400 4806 1508 4863 babuit.
1526 4804 1568 4863 nd
1583 4821 1666 4877 qums
1681 4811 1708 4861 et
1724 4795 1889 4860 casanaula

300 4896 446 4955 exhibere,
461 4899 520 4966 Qua
538 4914 569 4955 re
588 4899 661 4956 bene
671 4914 822 4971 perpensa,
833 4898 887 4955 loci
902 4898 1096 4956 dioecesanum
1151 4899 1210 4955 ait:
1230 4900 1365 4954 «Fratres
1378 4896 1433 4952 mei
1448 4894 1553 4962 audite,
1566 4909 1601 4951 ex
1613 4894 1715 4952 nostris
1725 4887 1822 4963 quidam
1833 4870 1888 4935 molo

302 4985 407 5044 adeant
424 4987 602 5059 episcopum,
625 4987 753 5044 dicentes
769 4988 920 5055 :Domina
934 4988 1096 5059 Herosqui-
1151 4987 1238 5044 multa
1260 4993 1290 5043 et
1303 5000 1410 5057 magna
1431 4982 1573 5040 oedilicant
1596 4983 1732 5049 coenobia,
1754 4983 1780 5034 cl
1795 4971 1889 5071 postibi

301 5074 368 5132 dam
383 5075 466 5132 nobis
485 5075 563 5133 dedrt
585 5092 636 5148 pro
651 5075 703 5133 Dei
716 5090 824 5145 amore,
836 5082 866 5132 et
884 5076 975 5131 salute
993 5077 1096 5133 anime
1150 5076 1267 5132 venient
1281 5074 1327 5132 alli
1343 5072 1444 5130 iratres
1461 5071 1623 5143 nostriani
1640 5082 1756 5143 magnas
1767 5049 1889 5161 lactantio

301 5179 370 5234 suaa,
382 5165 476 5221 locum
487 5173 583 5239 aptum
595 5166 631 5223 ad
641 5165 845 5222 monasterium
858 5163 1094 5234 construendum,
1151 5180 1224 5234 mos,
1240 5163 1384 5236 inquibus
1400 5163 1540 5222 notabiles
1554 5162 1702 5221 seculares
1716 5149 1845 5214 nonorrioc
1855 5139 1889 5194 hl·

302 5252 338 5311 ad
359 5269 411 5312 vos
438 5256 530 5329 primo
547 5255 731 5324 recurrimus,
747 5254 795 5326 qui
810 5260 890 5327 pater
913 5260 942 5309 ct
962 5252 1096 5311 domiuus
1151 5253 1240 5311 bitare
1250 5261 1392 5326 poterunt,
1409 5262 1437 5311 ct
1450 5245 1732 5313 tunicusiacientsibi
1743 5234 1888 5301 valdebonus.

343 1415 500 1476 audientes
515 1419 630 1492 quidam
645 1437 680 1477 ex
689 1423 784 1492 sociis,
798 1423 915 1481 Lutetie
928 1424 1099 1480 Parisiorum

309 1505 441 1565 doctores
455 1509 649 1580 quamplures,
666 1511 793 1583 aliosque
812 1513 916 1569 multos
937 1513 965 1568 in
980 1513 1098 1570 Germa·

309 1594 375 1664 nie,
395 1597 484 1654 italie
498 1605 527 1654 et
537 1599 689 1657 Galliarum
704 1601 945 1674 plagisiiinorum
960 1599 1099 1667 habitum,

308 1686 477 1757 sumpsisse,
503 1687 752 1760 interrogaverunt
774 1689 888 1746 beatum
912 1691 1037 1759 Patrem,
1064 1703 1100 1745 au

308 1772 362 1830 sibi
377 1773 501 1845 placeret
516 1777 592 1848 quod
614 1776 715 1834 iratres
736 1793 826 1835 sacras
841 1779 992 1850 scripturae
1007 1776 1100 1835 studio

306 1860 495 1919 intenderent.
505 1864 612 1933 Quibus
622 1866 679 1923 ait:
695 1888 706 1916 ι
718 1866 786 1923 llibi
795 1865 910 1938 quidem
921 1866 1023 1938 placet,
1031 1864 1100 1923 dum

307 1950 517 2010 tamenChristi
532 1954 674 2025 exemplo,
699 1955 746 2025 qui
767 1954 861 2027 magis
884 1969 982 2010 orasse
996 1954 1100 2026 legitur

306 2040 660 2113 qutamlegisse,orationis
673 2042 797 2100 studium
814 2057 870 2099 non
884 2043 1028 2100 omittant.
1040 2044 1100 2100 Nec

305 2132 416 2185 tanturn
431 2128 574 2200 studeant,
587 2138 618 2188 ut
630 2132 721 2189 sciant
736 2132 856 2204 qualiter
870 2131 994 2188 debeant
1011 2131 1098 2203 loqui,

305 2214 356 2272 sed
365 2222 394 2273 ut
404 2211 499 2275 audita
514 2217 629 2288 iaciant,
644 2227 747 2277 etcum
759 2217 885 2288 iecerint,
897 2219 959 2276 aliis
969 2217 1098 2277 iacienda

305 2306 534 2376 proponantvel
544 2308 620 2363 enim
633 2306 733 2366 iratres
753 2323 834 2366 meos
845 2307 1001 2379 discipulos
1016 2322 1100 2365 evan-

304 2392 500 2465 gelicosesse,
524 2397 624 2469 sicque
646 2397 674 2454 in
695 2398 794 2455 notitia
810 2397 936 2455 veritatis
948 2396 1097 2469 prolicere,

304 2481 381 2553 quod
395 2484 424 2539 in
439 2484 628 2557 simplicitatis
640 2487 761 2559 puritate
772 2493 967 2556 concrescant,
983 2493 1015 2544 ut
1028 2486 1096 2543 sim·

305 2570 460 2642 plicitatem
470 2573 662 2631 columbinam
678 2590 694 2632 a
709 2574 858 2648 prudentia
869 2575 1032 2647 serpentina
1041 2588 1097 2631 non

305 2667 449 2733 separent,
466 2676 537 2733 quas
562 2663 700 2737 Magister
720 2663 842 2720 eximius
863 2677 912 2720 ore
934 2678 986 2721 suo
1009 2661 1096 2720 benc·

305 2745 381 2805 dicto
395 2748 540 2820 conjunxit
554 2771 566 2799 r
583 2750 634 2823 (Ξ).

1228 4142 1319 4199 Plora
1335 4137 1389 4213 pro
1406 4147 1564 4213 temporum
1581 4143 1690 4199 rationo
1706 4132 1837 4197 lobruudo.

336 5425 377 5499 (l)
392 5426 486 5485 chrt.
503 5427 551 5483 ubi
570 5440 671 5498 supra3
686 5424 782 5483 Alvar.
798 5424 909 5494 Pelag,
924 5423 944 5478 l.
957 5424 995 5491 11,
1006 5437 1032 5479 c.
1049 5423 1095 5492 bb,
1152 5422 1187 5480 ad
1203 5423 1305 5496 princ,
1321 5431 1349 5480 et
1361 5424 1409 5481 lib.
1426 5421 1585 5480 delumin.
1602 5419 1713 5482 umus,
1727 5414 1806 5470 serm.
1817 5400 1850 5482 2²·
1866 5463 1881 5519 Η

301 5497 329 5554 in
346 5498 416 5565 irne3
428 5499 535 5564 Pisas,
551 5497 570 5552 l.
583 5500 605 5564 l,
623 5498 704 5565 dont.
726 5497 768 5563 uo,
782 5494 887 5551 memb.
901 5495 926 5551 2.
1187 5494 1228 5565 (a)
1249 5496 1357 5562 Pisan,
1382 5493 1429 5551 lib.
1444 5497 1471 5572 l.
1493 5496 1575 5566 Coras.
1592 5492 1635 5572 la,
1651 5502 1711 5570 cap.
1727 5484 1767 5548 23,
1780 5483 1805 5532 θῑ
1819 5470 1855 5527 ¹¹¹³·
1884 5499 1889 5512 “

338 5568 380 5638 (2)
397 5569 505 5635 Pisum,
522 5567 592 5624 libro
615 5569 637 5633 l,
664 5567 745 5636 dous.
772 5566 815 5632 la,
836 5579 899 5636 cap.
919 5565 969 5632 203
987 5562 1093 5631 Scdul,
1152 5565 1234 5636 Cous.
1251 5566 1285 5635 43
1300 5567 1409 5636 Spectat.
1435 5565 1504 5622 Vite
1517 5567 1671 5629 Fennssstt,
1684 5570 1741 5627 cop.
1757 5550 1794 5607 ¹0·

302 5636 350 5693 lib.
364 5640 415 5706 iil,
429 5639 556 5709 Apatna,
572 5652 635 5709 cap.
649 5638 698 5708 {03
715 5638 904 5708 Bonav.‚cap.
919 5637 962 5702 ll,
976 5636 1094 5704 Lepeud.
