3950 6200
206 303 310 366 *1091
629 305 689 366 s.
717 303 892 367 urrann
920 303 1108 369 annuam
1136 309 1277 371 oraru
1303 307 1448 370 onom.
1791 305 1856 371 roo
1946 275 1947 306 ³

232 464 372 527 Domino
385 463 532 525 intrandi
544 462 585 524 ad
600 479 669 536 cor,
685 466 825 543 oportet,
839 464 926 544 qnod
942 465 1029 528 oria·
1085 468 1174 529 tuus.
1192 467 1247 529 Sic
1258 453 1381 538 homo,
1397 467 1455 545 qui
1468 465 1654 529 delectatur
1667 465 1784 528 audire
1794 481 1856 529 rno-

160 617 165 622 .
233 563 290 621 tur
303 561 493 635 tempestas,
510 560 544 620 et
556 560 686 621 oriatur
696 560 794 623 turbo
808 562 844 622 ln
854 564 977 634 mente,
995 563 1030 624 et
1083 577 1149 637 res,
1166 567 1200 626 et
1228 580 1294 625 non
1321 565 1433 626 tacere
1451 562 1692 641 operaremus
1718 564 1858 631 est,dun
1935 567 1937 572 '

232 657 393 718 ascendat
421 647 577 733 peccator
614 655 764 719 tribunal
794 660 914 726 mentis
944 675 1027 731 suaa,
1083 662 1185 723 ritem
1200 677 1294 723 suam
1307 661 1513 723 consumitis
1524 660 1675 721 scientiis
1689 660 1858 737 lucrahris,

232 754 437 816 conscientia
463 756 654 832 accusante,
682 756 716 817 et
745 756 968 828 remordente,
995 758 1029 818 et
1083 759 1186 820 moris
1209 760 1337 820 lucrum
1356 758 1544 836 acqnlrens.
1572 760 1637 818 Per
1660 759 1860 836 quinquem-

230 852 405 926 turbante;
423 853 456 914 et
468 852 517 914 sic
529 853 638 914 oritur
651 855 762 930 gratia
777 855 812 914 in
828 854 939 916 corde.
1083 858 1232 931 genteos,
1261 856 1408 933 quinque
1437 871 1567 916 sensus.
1595 856 1755 928 Quam
1780 855 1859 917 multi

272 952 315 1011 Io
327 954 504 1025 trroquoso.
521 952 558 1011 ln
569 949 732 1028 inaquosa
747 955 798 1013 est
807 951 867 1012 illa
877 966 982 1025 mens,
991 951 1027 1014 in
1083 953 1224 1014 multum
1239 952 1400 1024 laborent,
1421 952 1556 1014 nonnisi
1576 955 1733 1030 quartam
1749 955 1859 1029 purten
1946 957 1947 960 ’

231 1063 298 1125 qua
313 1062 379 1108 non
408 1048 460 1109 est
483 1046 601 1109 hortus
626 1047 818 1126 voluptatis,
849 1063 908 1126 per
929 1065 1026 1127 quem
1083 1050 1241 1111 stercoris
1260 1049 1498 1121 columbarum,
1515 1049 1602 1110 idest
1618 1049 1783 1110 modicam
1796 1065 1862 1126 par-

231 1144 354 1208 fluvius
375 1145 411 1206 in
440 1146 585 1222 quatuor
607 1146 717 1221 capita
745 1145 914 1218 discurrit,
940 1146 1029 1208 idest
1083 1147 1398 1224 temtemporalium
1413 1146 1862 1225 commiserandum

230 1244 375 1320 quatuor
387 1241 529 1305 virtutes
551 1242 754 1312 cardinales,
776 1242 906 1306 scilicet
920 1244 1027 1321 tusti-
1082 1244 1244 1322 argentei,
1259 1244 1407 1323 quinque
1420 1259 1556 1306 senensi
1571 1247 1733 1315 stercora,
1751 1245 1862 1321 tempo-

229 1339 325 1411 tiam,
340 1336 562 1417 prudentiam,
573 1340 840 1417 temperantiam,
856 1339 1028 1403 tortitudi-
1082 1342 1184 1416 ralla;
1206 1342 1284 1420 quia
1308 1342 1402 1404 multi
1422 1341 1616 1419 expendunt
1636 1341 1752 1403 etitem
1774 1343 1862 1418 quin·

230 1452 318 1509 nem,
335 1436 455 1515 quihus
479 1453 546 1500 non
562 1437 741 1512 irrigatum
757 1437 845 1498 unde
871 1437 958 1500 hene
981 1437 1028 1500 di·
1082 1455 1146 1517 que
1157 1453 1315 1501 sensuum
1327 1441 1463 1517 propter
1474 1442 1622 1501 stercora
1634 1438 1861 1510 columbarum

231 1534 320 1597 citur
348 1554 356 1594 ε
384 1534 521 1596 «Viam
559 1534 706 1596 civitatis
741 1534 925 1597 habitaculi
958 1550 1026 1597 non
1082 1537 1168 1599 idest
1180 1537 1388 1615 temporalia,
1401 1551 1474 1614 qnae
1483 1531 1657 1607 colunne,
1666 1529 1862 1598 idestsancti

231 1632 442 1694 invenerunt.
459 1649 478 1693 a
497 1630 556 1693 Est
574 1632 693 1693 civitas
708 1631 938 1705 habitationis,
955 1633 1026 1697 sci·
1083 1635 1284 1712 despiciunt3
1313 1633 1402 1695 unde
1424 1634 1601 1711 Apostolus
1620 1632 1763 1712 (Philip.
1777 1634 1805 1701 3,
1818 1631 1864 1710 dl:

233 1730 313 1792 licet
326 1728 473 1792 coelestis
488 1730 609 1807 patria,
629 1746 729 1808 quam
742 1727 822 1792 mali
838 1730 1025 1802 inveniunt,
1083 1735 1206 1794 omniu
1221 1732 1392 1806 tanquam
1418 1731 1576 1793 stercora
1598 1731 1765 1804 reputavi
1775 1728 1819 1809 (1)
1835 1731 1864 1790 et

233 1844 295 1890 nec
317 1827 359 1889 ad
388 1843 463 1889 eam
491 1827 641 1899 veniunt,
659 1830 692 1890 et
716 1825 793 1889 ideo
813 1825 1025 1903 assignatum
1083 1833 1193 1891 tamen
1209 1844 1315 1905 pauca
1336 1828 1525 1906 acquirunt.

230 1925 318 1987 unde
357 1925 393 1986 in
433 1925 637 1987 Ecclesiaste
664 1923 729 2004 (10,
756 1923 809 2003 15)
841 1945 849 1986 ε
879 1926 1027 1987 conatus
1122 1926 1168 1988 Et
1187 1927 1419 1989 cuissiacus
1437 1924 1866 1987 hacsitihabaturinbcu-

232 2022 409 2085 stultorum
425 2021 606 2098 affligetur,
621 2022 678 2100 qui
700 2037 768 2085 non
790 2021 903 2085 sciunt
917 2023 951 2084 in
964 2037 1027 2084 ur·
1084 2024 1269 2086 teronomlo
1282 2022 1326 2101 (8,
1337 2021 1402 2103 15),
1414 2021 1623 2084 ubidicitur:
1641 2022 1866 2084 ‹Ductortnns
1943 2025 1948 2054 t

232 2119 308 2182 hem
322 2120 464 2197 ingredi.
478 2120 539 2181 Vel
554 2118 604 2181 sic
620 2141 628 2180 ε
645 2118 754 2181 Labor
777 2121 954 2182 stultorum
976 2119 1030 2182 at·
1077 2109 1132 2182 'tui
1146 2122 1182 2182 in
1197 2119 1376 2182 solitudine
1390 2133 1523 2197 magna,
1543 2121 1643 2196 atque
1666 2119 1818 2189 temibili,
1837 2119 1868 2178 in

234 2217 328 2295 diget
347 2233 417 2291 eos,
441 2217 499 2295 qui
515 2217 669 2279 nesciunt
683 2219 718 2278 in
735 2217 851 2279 urbem
875 2231 1027 2294 pergere.
1084 2232 1150 2297 qua
1180 2220 1254 2280 eret
1281 2231 1421 2295 serpens
1444 2216 1526 2278 flatu
1551 2216 1710 2288 adurens,
1729 2218 1766 2278 et
1783 2223 1868 2277 soor-

234 2317 294 2378 list
315 2315 435 2377 civitas
448 2314 699 2387 combustionis,
721 2315 757 2376 ln
785 2330 851 2393 qua
875 2314 1029 2376 habitare
1085 2316 1151 2393 pio,
1165 2318 1199 2377 et
1212 2315 1336 2392 dipsas,
1351 2311 1871 2391 acnullaeomninoaquae.›llip-
1946 2361 1947 2376 .

153 2441 156 2448 ·
234 2411 1030 2489 uolunt,nectamenpossunt3undellsechielis
1086 2415 1194 2488 sas‚et
1208 2412 1307 2475 situla
1319 2413 1407 2474 idem
1419 2413 1471 2474 est
1480 2423 1631 2488 serpens,
1641 2411 1699 2489 qui
1710 2411 1770 2473 siti
1781 2411 1870 2471 ister

236 2510 302 2590 (24,
315 2513 337 2573 6
349 2511 385 2574 et
395 2508 450 2589 7):
464 2512 549 2572 ‹Vae
564 2508 694 2572 civitati
709 2509 923 2586 sanguinum,
940 2505 1028 2577 olla,
1086 2511 1165 2573 dcit.
1182 2512 1262 2571 llaec
1276 2512 1327 2571 est
1340 2509 1507 2586 voluptas,
1523 2523 1598 2585 quae
1613 2522 1750 2585 semper
1761 2508 1811 2568 sui
1822 2506 1871 2566 is·

234 2611 335 2685 cujus
348 2607 469 2684 rubigo
486 2608 521 2668 ln
543 2621 583 2668 ea
607 2608 669 2677 est,
689 2608 723 2668 et
737 2605 856 2684 ruhigu
869 2609 942 2681 ejus
963 2621 1030 2666 non
1086 2624 1171 2669 mem
1184 2605 1329 2685 patiens,
1345 2607 1374 2668 si
1395 2607 1454 2668 diu
1469 2606 1579 2676 duret,
1594 2605 1768 2672 interficit.
1795 2605 1830 2664 Bt
1841 2603 1870 2662 ia

234 2705 340 2766 exivit
365 2705 406 2765 de
431 2721 473 2766 ea
498 2726 506 2765 r
536 2719 596 2781 per
622 2705 807 2782 perisset
832 2719 892 2780 per
919 2705 1030 2780 partes
1086 2704 1207 2768 Genesi
1223 2704 1288 2784 (21,
1306 2706 1344 2766 14
1354 2705 1394 2765 ad
1405 2702 1470 2782 19),
1486 2702 1543 2764 ubi
1556 2696 1874 2779 dicitur,qnodhgar

236 2817 316 2862 suas
332 2801 417 2879 eJice
431 2816 517 2873 eam,
530 2816 598 2861 non
612 2800 734 2863 cecidit
745 2816 846 2877 super
856 2815 929 2861 eam
940 2815 1029 2861 sors:
1085 2819 1104 2863 s
1121 2801 1255 2865 errabat
1268 2801 1303 2863 in
1318 2801 1501 2863 solitudine
1523 2800 1703 2862 Bersabee.
1721 2801 1801 2861 Cum
1815 2812 1872 2857 an·

235 2900 375 2975 sanguis
391 2898 480 2960 enim
505 2901 577 2975 ejus
593 2898 628 2958 ln
648 2898 757 2959 medio
771 2901 846 2976 ejus
859 2899 947 2960 est.»
971 2897 1031 2959 Vas
1086 2903 1151 2963 tem
1169 2902 1364 2976 consumpta
1390 2899 1480 2960 esset
1493 2911 1582 2973 aqua
1603 2897 1640 2957 in
1659 2899 1751 2969 utre,
1764 2893 1875 2971 abjecit

236 2996 366 3058 civitati
390 2995 592 3071 sanguinum
614 3015 622 3055 ε
645 2996 725 3058 llaec
752 2991 874 3058 civitas
889 2993 1032 3056 mundus
1087 3001 1314 3075 puerum,›et
1325 2996 1493 3059 clamauit.
1509 2997 1551 3056 Et
1561 2995 1725 3056 Dominus
1741 2990 1876 3055 asendit

234 3096 298 3163 est,
309 3093 386 3156 ollm
401 3093 521 3154 similis
537 3115 546 3154 ε
569 3091 696 3170 peceati
710 3091 866 3170 rubigine
875 3091 1033 3155 obfusca-
1086 3096 1118 3157 el
1133 3097 1280 3174 puteum,
1295 3092 1436 3164 subibit,
1452 3094 1486 3155 et
1502 3093 1619 3155 sedata
1642 3094 1694 3154 est
1707 3091 1785 3154 sitis
1798 3091 1874 3167 ojus

235 3193 350 3262 tus,de
360 3207 426 3269 quo
439 3204 500 3268 per
509 3192 621 3269 partes
630 3191 796 3253 amatores
806 3193 878 3268 etus
889 3189 1033 3267 eliciun·
1085 3191 1253 3256 Bersabee
1277 3191 1519 3269 interpretatur
1546 3193 1668 3268 puteus
1698 3186 1876 3251 satietatis:

235 3292 312 3351 tur:
328 3294 362 3351 er
384 3292 496 3351 tamen
522 3304 588 3350 non
616 3287 706 3349 cadit
726 3302 802 3348 sors
828 3286 929 3365 super
943 3300 1030 3357 sam,
1087 3293 1152 3353 Per
1166 3292 1273 3352 auem
1285 3288 1433 3352 carnmts
1447 3301 1541 3349 mens
1553 3287 1770 3363 intentatur,
1778 3287 1879 3360 inqua

236 3387 316 3464 quia
335 3385 447 3448 nullus
466 3398 541 3447 oum
558 3388 635 3463 ejus
652 3396 767 3446 amore
783 3384 941 3447 advitam
955 3394 1034 3460 par·
1087 3402 1173 3466 aqua
1193 3386 1341 3449 carnalis
1365 3384 1657 3462 concupiscentie,
1683 3399 1746 3444 seu
1766 3382 1877 3456 volup-

237 3485 340 3547 uenit.
349 3487 407 3546 Vae
416 3480 1032 3559 ornatisanguinumsetlicetmundo
1086 3485 1165 3546 tatis
1179 3483 1397 3554 crescit,dum
1412 3480 1601 3544 satietatem
1611 3480 1760 3542 coelestis
1769 3477 1880 3556 gratia

239 3580 338 3659 pleno
353 3582 511 3659 peccatis,
524 3580 613 3649 olim,
624 3583 720 3658 cujus
733 3576 864 3656 rubigo,
881 3577 966 3640 idest
978 3592 1034 3638 cu·
1087 3580 1227 3653 deserit;
1242 3583 1276 3641 et
1290 3580 1339 3641 sic
1348 3582 1469 3641 antaeo
1475 3592 1600 3640 corum
1611 3583 1649 3639 io
1658 3581 1748 3651 ipsis
1759 3574 1878 3647 delict·

234 3682 292 3756 Jus
311 3678 479 3741 amatores
507 3692 574 3740 non
591 3670 670 3740 sint
688 3676 820 3739 excocti
842 3676 932 3751 igne,
947 3674 1035 3736 idest
1088 3679 1148 3740 Vel
1173 3679 1291 3754 putens
1318 3676 1485 3738 satietatis
1506 3676 1558 3736 est
1576 3686 1676 3735 sacra
1699 3675 1880 3749 scriptura,

236 3774 464 3847 tribulatione,
485 3774 539 3836 vel
566 3775 763 3845 tentatibus,
783 3773 861 3851 quia
883 3771 1033 3833 ibinon·
1089 3791 1188 3853 quam
1204 3774 1262 3851 qui
1275 3768 1878 3849 deserit,sitltsotuptatescarnales:

239 3872 317 3934 dum
330 3874 512 3949 posuerunt
524 3870 714 3948 rubiginem
725 3871 936 3949 peccatorum
951 3884 961 3923 τ
975 3868 1032 3931 sed
1089 3873 1118 3933 si
1128 3888 1209 3933 vero
1222 3872 1258 3932 in
1272 3874 1345 3933 utre
1355 3869 1539 3931 defecerint
1552 3882 1650 3946 aquae
1664 3867 1817 3929 carnalis
1830 3864 1882 3924 de-

238 3985 300 4048 per
315 3970 449 4048 ,partes
486 3968 668 4046 eliciuntur
691 3966 893 4045 peccatores,
919 3964 1034 4027 mundi
1089 3969 1290 4040 lactationis,
1306 3969 1340 4030 et
1353 3966 1395 4029 ad
1410 3970 1515 4028 Mum
1528 3968 1604 4045 quis
1617 3964 1827 4032 clamaverit,
1838 3970 1883 4020 ds·

237 4069 424 4143 amatorem
440 4081 502 4127 nec
526 4065 648 4127 cecidit
664 4078 765 4142 super
786 4078 844 4124 eos
865 4076 949 4134 sors,
965 4061 1036 4124 sci·
1088 4068 1185 4128 tenso
1198 4066 1298 4142 puteo
1319 4078 1425 4125 sacrae
1440 4061 1614 4131 doctrina,
1631 4062 1675 4123 ab
1689 4057 1881 4123 inteliciills

242 4165 502 4227 licetadultam.
1090 4160 1146 4224 etti
1156 4161 1365 4223 liberabitur.

279 4260 1036 4338 heemanticactrtttentcssoutmacoromm

240 4363 328 4434 ipsis
348 4361 483 4434 darem.
498 4360 545 4420 be
559 4358 622 4419 hac
636 4357 749 4419 esurie
761 4356 904 4418 hahetur
917 4357 1035 4432 quarto
1348 4365 1489 4426 Sillttdo
1518 4360 1627 4425 edili.

242 4471 359 4531 ‘⁰8⁰³‘
382 4453 428 4534 (θ’
443 4454 509 4534 25),
531 4454 589 4515 ΠΜ
612 4454 747 4524 dmm
774 4453 861 4532 md
882 4451 970 4514 facta
985 4453 1037 4547 θεῖ
1091 4486 1280 4546 Dedesccnsu
1296 4486 1480 4544 Praelatorum
1496 4500 1546 4558 per
1561 4483 1770 4553 humilitatem,
1785 4481 1886 4539 neele·

241 4553 349 4614 ‘³11¹ssss
361 4566 482 4628 madssa
496 4552 533 4612 1¹¹
548 4551 757 4624 Sammaei
768 4549 885 4612 ΜΝ
899 4548 1035 4611 ⁰h³⁶⁸⁸fl
1134 4580 1237 4632 ventur
1249 4588 1300 4646 per
1311 4572 1475 4646 superbiam
1482 4587 1492 4645 ;
1507 4562 1544 4630 da
1557 4573 1685 4629 naribus
1700 4571 1848 4629 molada.

241 4651 305 4721 aet,
322 4649 427 4710 donec
438 4647 638 4711 venderetur
654 4646 755 4724 caput
768 4647 856 4707 asini
868 4646 1037 4721 octoginta
1092 4703 1156 4771 om.
1169 4700 1378 4763 dorcadum
1388 4713 1490 4762 mare
1503 4701 1543 4761 m
1554 4700 1713 4771 maiheu,
1724 4698 1891 4772 saepem,

243 4745 423 4822 argenteis,
439 4748 473 4807 et
485 4748 603 4822 quarta
618 4756 696 4819 pars
711 4740 785 4804 cabi
801 4740 959 4804 stercoris
974 4758 1036 4803 co·
1261 4801 1267 4813 ,
1641 4799 1648 4812 ,
1714 4797 1721 4810 ,
1772 4796 1780 4811 ,
1830 4797 1837 4808 ,

243 4842 431 4905 lumbarum
455 4842 602 4919 quinque
622 4838 801 4915 argenteis.
819 4852 837 4899 s
862 4839 1037 4915 Octoginta
1131 4799 1350 4872 mmmm
1369 4800 1406 4857 ⁶⁷²
1424 4799 1526 4908 (ΨΜ
1545 4796 1668 4907 '²²²4‘ae
1681 4809 1780 4906 {⁸9⁸²
1798 4794 1893 4904 W

1131 4897 1218 4956 runt
1236 4895 1508 4969 eperchomene,
1524 4892 1559 4954 et
1574 4893 1753 4953 mereboto
1770 4904 1846 4963 mats
1859 4891 1892 4949 io

385 4940 391 4953 ‘
451 4955 472 4998 n
524 4936 670 5006 onaDei,
703 4935 936 4997 uaenobistan
961 4951 1038 4996 uam

243 4938 594 5114 ἓὲξίἶξζηπὲἓίᾱίι,
622 5034 658 5095 ut
680 4953 718 5093 (ila
746 5032 795 5095 eis
818 4952 1037 5108 negotielmur.
1130 4989 1315 5064 mamm·
1332 4984 1437 5064 (ΡΜ
1453 4986 1524 5054 ¹⁰⁶³
1539 4985 1580 5046 ²3
1594 4985 1629 5045 ⁹t
1642 4982 1710 5063 Ἀ)

246 5134 332 5194 Sunt
344 5133 456 5192 autem
481 5129 662 5204 automata,
678 5128 755 5206 qula
771 5129 806 5189 in
818 5129 870 5190 eis
880 5124 1039 5189 debemus
1132 5128 1266 5190 beistis
1280 5126 1480 5198 navibuset
1494 5140 1612 5187 earum
1627 5124 1824 5186 rectoribus
1832 5120 1893 5184 dic·

247 5227 413 5304 negotiari
429 5241 488 5305 pro
504 5227 621 5289 octava
645 5220 851 5287 heahtudine
865 5238 1039 5288 resurrec-
1093 5227 1163 5288 tum
1184 5227 1236 5288 est
1258 5240 1362 5303 supra
1380 5222 1442 5309 (2),
1459 5224 1493 5285 et
1513 5223 1607 5287 alibi.
1631 5223 1671 5285 at
1690 5224 1791 5297 n'ota,
1813 5219 1893 5301 quod

246 5325 359 5388 tionis
375 5323 471 5385 Multi
487 5324 598 5385 tamen
617 5324 809 5385 mercantur
823 5322 923 5398 caput
936 5321 1038 5393 asini,
1094 5322 1176 5385 dicit
1191 5343 1199 5383 z
1217 5322 1456 5393 baccadas&
1475 5336 1556 5392 uon,
1582 5317 1786 5381 asceudant
1798 5322 1893 5379 Pre-

249 5421 306 5496 qui
328 5418 430 5480 babet
451 5433 550 5479 aures
569 5417 836 5495 incircumcisas,
861 5420 894 5480 et
917 5419 968 5480 est
984 5419 1039 5480 la·
1094 5419 1181 5481 latus
1194 5417 1284 5483 enim
1294 5419 1431 5495 accepto
1443 5417 1551 5496 gradu
1566 5412 1743 5493 dignitatis
1757 5415 1895 5479 descen·

288 5612 329 5678 (l)
348 5612 434 5683 vntg.
451 5613 595 5673 sarmium
610 5620 640 5677 ut
655 5624 791 5674 atercma.
1086 5665 1091 5671 ,
1131 5618 1174 5690 (i)
1193 5621 1284 5677 serm
1300 5619 1419 5679 CXCIV.
