<?xml version="1.0" encoding="UTF-8"?>
<!DOCTYPE html PUBLIC "-//W3C//DTD XHTML 1.0 Transitional//EN"
    "http://www.w3.org/TR/xhtml1/DTD/xhtml1-transitional.dtd">
<html xmlns="http://www.w3.org/1999/xhtml" xml:lang="en" lang="en">
 <head>
  <title>
</title>
<meta http-equiv="Content-Type" content="text/html;charset=utf-8" />
  <meta name='ocr-system' content='tesseract 3.04.00' />
  <meta name='ocr-capabilities' content='ocr_page ocr_carea ocr_par ocr_line ocrx_word'/>
</head>
<body>
  <div class='ocr_page' id='page_1' title='image "./mediiaevibiblio09bottgoog_0526.png"; bbox 0 0 3950 6200; ppageno 0'>
   <div class='ocr_carea' id='block_1_1' title="bbox 246 269 1841 357">
    <p class='ocr_par' dir='ltr' id='par_1_1' title="bbox 246 269 1841 357">
     <span class='ocr_line' id='line_1_1' title="bbox 246 269 1841 357; baseline 0.016 -29"><span class='ocrx_word' id='word_1_1' title='bbox 246 269 308 329; x_wconf 76' lang='lat'>775</span> <span class='ocrx_word' id='word_1_2' title='bbox 669 274 703 335; x_wconf 85' lang='lat' dir='ltr'>S.</span> <span class='ocrx_word' id='word_1_3' title='bbox 729 272 903 340; x_wconf 67' lang='lat' dir='ltr'>thlONll</span> <span class='ocrx_word' id='word_1_4' title='bbox 935 272 1122 344; x_wconf 74' lang='lat' dir='ltr'>PADUANI</span> <span class='ocrx_word' id='word_1_5' title='bbox 1152 274 1288 345; x_wconf 72' lang='lat' dir='ltr'>oraha</span> <span class='ocrx_word' id='word_1_6' title='bbox 1318 278 1466 347; x_wconf 69' lang='lat' dir='ltr'>ollula</span> <span class='ocrx_word' id='word_1_7' title='bbox 1792 292 1841 357; x_wconf 77' lang='lat' dir='ltr'>ito</span> 
     </span>
    </p>
   </div>
   <div class='ocr_carea' id='block_1_2' title="bbox 196 426 1844 1975">
    <p class='ocr_par' dir='ltr' id='par_1_2' title="bbox 196 426 1844 1975">
     <span class='ocr_line' id='line_1_2' title="bbox 245 426 1842 525; baseline 0.015 -35"><span class='ocrx_word' id='word_1_8' title='bbox 245 429 279 491; x_wconf 85' lang='lat' dir='ltr'>ot</span> <span class='ocrx_word' id='word_1_9' title='bbox 292 426 334 490; x_wconf 92' lang='lat' dir='ltr'>de</span> <span class='ocrx_word' id='word_1_10' title='bbox 352 429 487 493; x_wconf 75' lang='lat' dir='ltr'>Arabia.</span> <span class='ocrx_word' id='word_1_11' title='bbox 503 432 640 493; x_wconf 79' lang='lat' dir='ltr'>Tharais</span> <span class='ocrx_word' id='word_1_12' title='bbox 661 434 899 513; x_wconf 89' lang='lat' dir='ltr'>interpretatur</span> <span class='ocrx_word' id='word_1_13' title='bbox 918 437 1039 517; x_wconf 84' lang='lat' dir='ltr'>explo-</span> <span class='ocrx_word' id='word_1_14' title='bbox 1091 442 1187 518; x_wconf 86' lang='lat' dir='ltr'>cujus</span> <span class='ocrx_word' id='word_1_15' title='bbox 1201 438 1342 505; x_wconf 89' lang='lat' dir='ltr'>latitudo</span> <span class='ocrx_word' id='word_1_16' title='bbox 1362 444 1413 523; x_wconf 76' lang='lat' dir='ltr'>est</span> <span class='ocrx_word' id='word_1_17' title='bbox 1433 441 1556 506; x_wconf 88' lang='lat' dir='ltr'>bonnm</span> <span class='ocrx_word' id='word_1_18' title='bbox 1570 458 1662 522; x_wconf 85' lang='lat' dir='ltr'>opus,</span> <span class='ocrx_word' id='word_1_19' title='bbox 1683 445 1758 525; x_wconf 89' lang='lat' dir='ltr'>quod</span> <span class='ocrx_word' id='word_1_20' title='bbox 1775 464 1842 514; x_wconf 83' lang='lat' dir='ltr'>cor·</span> 
     </span>
     <span class='ocr_line' id='line_1_3' title="bbox 244 526 1842 610; baseline 0.014 -24"><span class='ocrx_word' id='word_1_21' title='bbox 244 526 331 588; x_wconf 86' lang='lat' dir='ltr'>ratio</span> <span class='ocrx_word' id='word_1_22' title='bbox 352 528 476 603; x_wconf 88' lang='lat' dir='ltr'>gaudii.</span> <span class='ocrx_word' id='word_1_23' title='bbox 498 531 576 591; x_wconf 73' lang='lat' dir='ltr'>Haec</span> <span class='ocrx_word' id='word_1_24' title='bbox 597 531 648 593; x_wconf 86' lang='lat' dir='ltr'>est</span> <span class='ocrx_word' id='word_1_25' title='bbox 667 532 862 610; x_wconf 87' lang='lat' dir='ltr'>temporalis</span> <span class='ocrx_word' id='word_1_26' title='bbox 882 534 1035 610; x_wconf 78' lang='lat' dir='ltr'>felicitas,</span> <span class='ocrx_word' id='word_1_27' title='bbox 1090 533 1179 601; x_wconf 86' lang='lat' dir='ltr'>sistit</span> <span class='ocrx_word' id='word_1_28' title='bbox 1199 536 1233 599; x_wconf 91' lang='lat' dir='ltr'>in</span> <span class='ocrx_word' id='word_1_29' title='bbox 1254 538 1487 603; x_wconf 77' lang='lat' dir='ltr'>observatione</span> <span class='ocrx_word' id='word_1_30' title='bbox 1506 540 1617 603; x_wconf 84' lang='lat' dir='ltr'>decem</span> <span class='ocrx_word' id='word_1_31' title='bbox 1636 544 1842 609; x_wconf 83' lang='lat' dir='ltr'>mandriomn.</span> 
     </span>
     <span class='ocr_line' id='line_1_4' title="bbox 244 625 1843 715; baseline 0.013 -32"><span class='ocrx_word' id='word_1_32' title='bbox 244 639 318 700; x_wconf 85' lang='lat' dir='ltr'>quae</span> <span class='ocrx_word' id='word_1_33' title='bbox 345 626 442 701; x_wconf 81' lang='lat' dir='ltr'>quasi</span> <span class='ocrx_word' id='word_1_34' title='bbox 472 625 583 688; x_wconf 90' lang='lat' dir='ltr'>insula</span> <span class='ocrx_word' id='word_1_35' title='bbox 616 629 650 689; x_wconf 92' lang='lat' dir='ltr'>in</span> <span class='ocrx_word' id='word_1_36' title='bbox 679 630 750 692; x_wconf 86' lang='lat' dir='ltr'>salo</span> <span class='ocrx_word' id='word_1_37' title='bbox 776 634 844 707; x_wconf 90' lang='lat' dir='ltr'>est;</span> <span class='ocrx_word' id='word_1_38' title='bbox 879 635 1036 709; x_wconf 86' lang='lat' dir='ltr'>quoniam</span> <span class='ocrx_word' id='word_1_39' title='bbox 1090 632 1245 698; x_wconf 81' lang='lat' dir='ltr'>Latitudo</span> <span class='ocrx_word' id='word_1_40' title='bbox 1263 636 1383 714; x_wconf 84' lang='lat' dir='ltr'>simpla</span> <span class='ocrx_word' id='word_1_41' title='bbox 1404 638 1469 711; x_wconf 76' lang='lat' dir='ltr'>est:</span> <span class='ocrx_word' id='word_1_42' title='bbox 1492 634 1549 699; x_wconf 87' lang='lat' dir='ltr'>sed</span> <span class='ocrx_word' id='word_1_43' title='bbox 1571 634 1732 715; x_wconf 81' lang='lat' dir='ltr'>longitudo</span> <span class='ocrx_word' id='word_1_44' title='bbox 1749 638 1779 703; x_wconf 90' lang='lat' dir='ltr'>lu</span> <span class='ocrx_word' id='word_1_45' title='bbox 1795 643 1843 703; x_wconf 87' lang='lat' dir='ltr'>do-</span> 
     </span>
     <span class='ocr_line' id='line_1_5' title="bbox 243 722 1843 815; baseline 0.013 -35"><span class='ocrx_word' id='word_1_46' title='bbox 243 722 533 799; x_wconf 89' lang='lat' dir='ltr'>quantumcunque</span> <span class='ocrx_word' id='word_1_47' title='bbox 561 725 606 786; x_wconf 87' lang='lat' dir='ltr'>sit</span> <span class='ocrx_word' id='word_1_48' title='bbox 637 725 811 788; x_wconf 90' lang='lat' dir='ltr'>abundans</span> <span class='ocrx_word' id='word_1_49' title='bbox 840 730 1036 807; x_wconf 87' lang='lat' dir='ltr'>temporalis</span> <span class='ocrx_word' id='word_1_50' title='bbox 1090 730 1179 807; x_wconf 90' lang='lat' dir='ltr'>plum</span> <span class='ocrx_word' id='word_1_51' title='bbox 1205 730 1408 806; x_wconf 79' lang='lat' dir='ltr'>extenditur,</span> <span class='ocrx_word' id='word_1_52' title='bbox 1441 734 1597 812; x_wconf 86' lang='lat' dir='ltr'>quoniam</span> <span class='ocrx_word' id='word_1_53' title='bbox 1628 737 1694 813; x_wconf 82' lang='lat' dir='ltr'>spei</span> <span class='ocrx_word' id='word_1_54' title='bbox 1717 737 1843 815; x_wconf 86' lang='lat' dir='ltr'>longani-</span> 
     </span>
     <span class='ocr_line' id='line_1_6' title="bbox 242 817 1841 909; baseline 0.012 -31"><span class='ocrx_word' id='word_1_55' title='bbox 242 817 397 890; x_wconf 84' lang='lat' dir='ltr'>ieiicitas,</span> <span class='ocrx_word' id='word_1_56' title='bbox 414 836 545 897; x_wconf 88' lang='lat' dir='ltr'>sempor</span> <span class='ocrx_word' id='word_1_57' title='bbox 558 823 669 884; x_wconf 86' lang='lat' dir='ltr'>tamen</span> <span class='ocrx_word' id='word_1_58' title='bbox 692 823 847 885; x_wconf 85' lang='lat' dir='ltr'>ductibus</span> <span class='ocrx_word' id='word_1_59' title='bbox 868 827 1034 888; x_wconf 86' lang='lat' dir='ltr'>amaritu·</span> <span class='ocrx_word' id='word_1_60' title='bbox 1089 826 1198 902; x_wconf 82' lang='lat' dir='ltr'>mltos,</span> <span class='ocrx_word' id='word_1_61' title='bbox 1218 845 1293 906; x_wconf 83' lang='lat' dir='ltr'>quae</span> <span class='ocrx_word' id='word_1_62' title='bbox 1316 845 1377 908; x_wconf 90' lang='lat' dir='ltr'>per</span> <span class='ocrx_word' id='word_1_63' title='bbox 1395 830 1635 907; x_wconf 75' lang='lat' dir='ltr'>longitudinem</span> <span class='ocrx_word' id='word_1_64' title='bbox 1656 833 1841 909; x_wconf 77' lang='lat' dir='ltr'>significatur,</span> 
     </span>
     <span class='ocr_line' id='line_1_7' title="bbox 242 915 1843 1006; baseline 0.011 -31"><span class='ocrx_word' id='word_1_65' title='bbox 242 915 330 977; x_wconf 89' lang='lat' dir='ltr'>dinis</span> <span class='ocrx_word' id='word_1_66' title='bbox 345 916 576 992; x_wconf 79' lang='lat' dir='ltr'>contunditur;</span> <span class='ocrx_word' id='word_1_67' title='bbox 594 920 680 981; x_wconf 90' lang='lat' dir='ltr'>unde</span> <span class='ocrx_word' id='word_1_68' title='bbox 701 919 786 983; x_wconf 93' lang='lat' dir='ltr'>bene</span> <span class='ocrx_word' id='word_1_69' title='bbox 806 922 896 995; x_wconf 89' lang='lat' dir='ltr'>dicit,</span> <span class='ocrx_word' id='word_1_70' title='bbox 914 922 1035 986; x_wconf 83' lang='lat' dir='ltr'>adduci</span> <span class='ocrx_word' id='word_1_71' title='bbox 1088 924 1123 985; x_wconf 92' lang='lat' dir='ltr'>in</span> <span class='ocrx_word' id='word_1_72' title='bbox 1150 927 1308 1003; x_wconf 82' lang='lat' dir='ltr'>praeseuti</span> <span class='ocrx_word' id='word_1_73' title='bbox 1332 928 1452 989; x_wconf 89' lang='lat' dir='ltr'>mentis</span> <span class='ocrx_word' id='word_1_74' title='bbox 1478 924 1580 990; x_wconf 87' lang='lat' dir='ltr'>habet</span> <span class='ocrx_word' id='word_1_75' title='bbox 1602 927 1747 1006; x_wconf 85' lang='lat' dir='ltr'>quietem,</span> <span class='ocrx_word' id='word_1_76' title='bbox 1766 947 1843 993; x_wconf 86' lang='lat' dir='ltr'>cons·</span> 
     </span>
     <span class='ocr_line' id='line_1_8' title="bbox 240 1013 1844 1109; baseline 0.01 -36"><span class='ocrx_word' id='word_1_77' title='bbox 240 1024 336 1089; x_wconf 88' lang='lat' dir='ltr'>reges</span> <span class='ocrx_word' id='word_1_78' title='bbox 359 1013 399 1075; x_wconf 93' lang='lat' dir='ltr'>de</span> <span class='ocrx_word' id='word_1_79' title='bbox 423 1015 571 1109; x_wconf 77' lang='lat' dir='ltr'>Tharsis,</span> <span class='ocrx_word' id='word_1_80' title='bbox 597 1017 629 1078; x_wconf 88' lang='lat' dir='ltr'>ot</span> <span class='ocrx_word' id='word_1_81' title='bbox 651 1018 775 1079; x_wconf 85' lang='lat' dir='ltr'>insula.</span> <span class='ocrx_word' id='word_1_82' title='bbox 801 1020 909 1095; x_wconf 87' lang='lat' dir='ltr'>Reges</span> <span class='ocrx_word' id='word_1_83' title='bbox 933 1022 1034 1083; x_wconf 87' lang='lat' dir='ltr'>etiam</span> <span class='ocrx_word' id='word_1_84' title='bbox 1087 1021 1219 1084; x_wconf 79' lang='lat' dir='ltr'>cientiae</span> <span class='ocrx_word' id='word_1_85' title='bbox 1235 1024 1444 1093; x_wconf 76' lang='lat' dir='ltr'>suavitatem,</span> <span class='ocrx_word' id='word_1_86' title='bbox 1464 1026 1497 1088; x_wconf 87' lang='lat' dir='ltr'>et</span> <span class='ocrx_word' id='word_1_87' title='bbox 1514 1026 1552 1086; x_wconf 89' lang='lat' dir='ltr'>in</span> <span class='ocrx_word' id='word_1_88' title='bbox 1572 1025 1681 1087; x_wconf 85' lang='lat' dir='ltr'>tuturo</span> <span class='ocrx_word' id='word_1_89' title='bbox 1694 1026 1782 1089; x_wconf 83' lang='lat' dir='ltr'>vitam</span> <span class='ocrx_word' id='word_1_90' title='bbox 1797 1044 1844 1089; x_wconf 81' lang='lat' dir='ltr'>ex·</span> 
     </span>
     <span class='ocr_line' id='line_1_9' title="bbox 240 1111 1843 1195; baseline 0.01 -25"><span class='ocrx_word' id='word_1_91' title='bbox 240 1112 404 1174; x_wconf 82' lang='lat' dir='ltr'>venerunt</span> <span class='ocrx_word' id='word_1_92' title='bbox 418 1111 459 1173; x_wconf 90' lang='lat' dir='ltr'>de</span> <span class='ocrx_word' id='word_1_93' title='bbox 481 1113 579 1185; x_wconf 84' lang='lat' dir='ltr'>Saba,</span> <span class='ocrx_word' id='word_1_94' title='bbox 597 1114 633 1176; x_wconf 86' lang='lat' dir='ltr'>et</span> <span class='ocrx_word' id='word_1_95' title='bbox 653 1115 788 1176; x_wconf 78' lang='lat' dir='ltr'>Arabia.</span> <span class='ocrx_word' id='word_1_96' title='bbox 811 1115 897 1177; x_wconf 84' lang='lat' dir='ltr'>Saba</span> <span class='ocrx_word' id='word_1_97' title='bbox 922 1118 1032 1179; x_wconf 90' lang='lat' dir='ltr'>inter·</span> <span class='ocrx_word' id='word_1_98' title='bbox 1087 1120 1199 1195; x_wconf 86' lang='lat' dir='ltr'>peotat</span> <span class='ocrx_word' id='word_1_99' title='bbox 1220 1123 1391 1182; x_wconf 83' lang='lat' dir='ltr'>aeternam.</span> <span class='ocrx_word' id='word_1_100' title='bbox 1417 1121 1608 1185; x_wconf 82' lang='lat' dir='ltr'>Maledictis</span> <span class='ocrx_word' id='word_1_101' title='bbox 1628 1122 1763 1185; x_wconf 84' lang='lat' dir='ltr'>coelestia</span> <span class='ocrx_word' id='word_1_102' title='bbox 1781 1123 1843 1186; x_wconf 86' lang='lat' dir='ltr'>doc·</span> 
     </span>
     <span class='ocr_line' id='line_1_10' title="bbox 239 1210 1841 1294; baseline 0.008 -25"><span class='ocrx_word' id='word_1_103' title='bbox 239 1210 390 1285; x_wconf 87' lang='lat' dir='ltr'>pretatur</span> <span class='ocrx_word' id='word_1_104' title='bbox 416 1211 608 1285; x_wconf 63' lang='lat' dir='ltr'>conversim</span> <span class='ocrx_word' id='word_1_105' title='bbox 637 1211 760 1273; x_wconf 81' lang='lat' dir='ltr'>Arabia</span> <span class='ocrx_word' id='word_1_106' title='bbox 793 1214 1034 1292; x_wconf 86' lang='lat' dir='ltr'>interpretatur</span> <span class='ocrx_word' id='word_1_107' title='bbox 1086 1215 1183 1278; x_wconf 86' lang='lat' dir='ltr'>trinae</span> <span class='ocrx_word' id='word_1_108' title='bbox 1209 1217 1380 1293; x_wconf 86' lang='lat' dir='ltr'>egreditur</span> <span class='ocrx_word' id='word_1_109' title='bbox 1409 1234 1517 1294; x_wconf 79' lang='lat' dir='ltr'>super·</span> <span class='ocrx_word' id='word_1_110' title='bbox 1549 1222 1672 1294; x_wconf 79' lang='lat' dir='ltr'>sociem</span> <span class='ocrx_word' id='word_1_111' title='bbox 1696 1224 1841 1282; x_wconf 69' lang='lat' dir='ltr'>umor-sc</span> 
     </span>
     <span class='ocr_line' id='line_1_11' title="bbox 239 1304 1842 1395; baseline 0.008 -29"><span class='ocrx_word' id='word_1_112' title='bbox 239 1304 423 1369; x_wconf 86' lang='lat' dir='ltr'>humilitas.</span> <span class='ocrx_word' id='word_1_113' title='bbox 441 1310 506 1369; x_wconf 90' lang='lat' dir='ltr'>Per</span> <span class='ocrx_word' id='word_1_114' title='bbox 519 1308 631 1370; x_wconf 88' lang='lat' dir='ltr'>lumea</span> <span class='ocrx_word' id='word_1_115' title='bbox 647 1310 750 1386; x_wconf 89' lang='lat' dir='ltr'>igitur</span> <span class='ocrx_word' id='word_1_116' title='bbox 763 1311 892 1387; x_wconf 84' lang='lat' dir='ltr'>gratiae,</span> <span class='ocrx_word' id='word_1_117' title='bbox 909 1313 943 1373; x_wconf 91' lang='lat' dir='ltr'>in</span> <span class='ocrx_word' id='word_1_118' title='bbox 957 1326 1034 1374; x_wconf 91' lang='lat' dir='ltr'>con·</span> <span class='ocrx_word' id='word_1_119' title='bbox 1086 1313 1203 1387; x_wconf 81' lang='lat' dir='ltr'>terroe,</span> <span class='ocrx_word' id='word_1_120' title='bbox 1219 1314 1306 1376; x_wconf 86' lang='lat' dir='ltr'>idest</span> <span class='ocrx_word' id='word_1_121' title='bbox 1320 1330 1421 1391; x_wconf 86' lang='lat' dir='ltr'>super</span> <span class='ocrx_word' id='word_1_122' title='bbox 1438 1331 1565 1388; x_wconf 89' lang='lat' dir='ltr'>omnes,</span> <span class='ocrx_word' id='word_1_123' title='bbox 1581 1317 1638 1395; x_wconf 88' lang='lat' dir='ltr'>qui</span> <span class='ocrx_word' id='word_1_124' title='bbox 1652 1319 1780 1379; x_wconf 77' lang='lat' dir='ltr'>terrene</span> <span class='ocrx_word' id='word_1_125' title='bbox 1794 1316 1842 1378; x_wconf 86' lang='lat' dir='ltr'>dc·</span> 
     </span>
     <span class='ocr_line' id='line_1_12' title="bbox 238 1405 1843 1492; baseline 0.007 -27"><span class='ocrx_word' id='word_1_126' title='bbox 238 1405 393 1466; x_wconf 83' lang='lat' dir='ltr'>versione</span> <span class='ocrx_word' id='word_1_127' title='bbox 408 1406 623 1482; x_wconf 84' lang='lat' dir='ltr'>poenitentiae,</span> <span class='ocrx_word' id='word_1_128' title='bbox 641 1410 674 1469; x_wconf 90' lang='lat' dir='ltr'>et</span> <span class='ocrx_word' id='word_1_129' title='bbox 689 1408 920 1471; x_wconf 86' lang='lat' dir='ltr'>humiliatione</span> <span class='ocrx_word' id='word_1_130' title='bbox 935 1411 1033 1472; x_wconf 83' lang='lat' dir='ltr'>veni·</span> <span class='ocrx_word' id='word_1_131' title='bbox 1085 1408 1145 1471; x_wconf 88' lang='lat' dir='ltr'>diti</span> <span class='ocrx_word' id='word_1_132' title='bbox 1160 1410 1238 1472; x_wconf 88' lang='lat' dir='ltr'>sunt</span> <span class='ocrx_word' id='word_1_133' title='bbox 1257 1411 1434 1489; x_wconf 82' lang='lat' dir='ltr'>voluptati;</span> <span class='ocrx_word' id='word_1_134' title='bbox 1456 1414 1534 1489; x_wconf 93' lang='lat' dir='ltr'>quia</span> <span class='ocrx_word' id='word_1_135' title='bbox 1553 1414 1660 1475; x_wconf 90' lang='lat' dir='ltr'>omnis</span> <span class='ocrx_word' id='word_1_136' title='bbox 1680 1413 1738 1487; x_wconf 86' lang='lat' dir='ltr'>lor,</span> <span class='ocrx_word' id='word_1_137' title='bbox 1753 1414 1801 1492; x_wconf 91' lang='lat' dir='ltr'>qui</span> <span class='ocrx_word' id='word_1_138' title='bbox 1816 1430 1843 1475; x_wconf 84' lang='grc'>11</span> 
     </span>
     <span class='ocr_line' id='line_1_13' title="bbox 237 1500 1844 1589; baseline 0.005 -25"><span class='ocrx_word' id='word_1_139' title='bbox 237 1500 293 1564; x_wconf 84' lang='lat' dir='ltr'>tur</span> <span class='ocrx_word' id='word_1_140' title='bbox 319 1503 361 1563; x_wconf 86' lang='lat' dir='ltr'>ad</span> <span class='ocrx_word' id='word_1_141' title='bbox 390 1505 504 1565; x_wconf 86' lang='lat' dir='ltr'>Deum.</span> <span class='ocrx_word' id='word_1_142' title='bbox 536 1507 573 1565; x_wconf 94' lang='lat' dir='ltr'>ln</span> <span class='ocrx_word' id='word_1_143' title='bbox 603 1507 763 1568; x_wconf 82' lang='lat' dir='ltr'>Passieno</span> <span class='ocrx_word' id='word_1_144' title='bbox 789 1507 881 1570; x_wconf 91' lang='lat' dir='ltr'>dedit</span> <span class='ocrx_word' id='word_1_145' title='bbox 904 1508 1028 1580; x_wconf 91' lang='lat' dir='ltr'>lumen,</span> <span class='ocrx_word' id='word_1_146' title='bbox 1085 1507 1152 1568; x_wconf 88' lang='lat' dir='ltr'>Deo</span> <span class='ocrx_word' id='word_1_147' title='bbox 1176 1509 1318 1585; x_wconf 90' lang='lat' dir='ltr'>surripit</span> <span class='ocrx_word' id='word_1_148' title='bbox 1340 1524 1400 1587; x_wconf 91' lang='lat' dir='ltr'>per</span> <span class='ocrx_word' id='word_1_149' title='bbox 1422 1510 1563 1572; x_wconf 80' lang='lat' dir='ltr'>mortale</span> <span class='ocrx_word' id='word_1_150' title='bbox 1585 1512 1758 1589; x_wconf 86' lang='lat' dir='ltr'>peccatum,</span> <span class='ocrx_word' id='word_1_151' title='bbox 1777 1510 1844 1572; x_wconf 86' lang='lat' dir='ltr'>sicut</span> 
     </span>
     <span class='ocr_line' id='line_1_14' title="bbox 237 1600 1842 1682; baseline 0.006 -24"><span class='ocrx_word' id='word_1_152' title='bbox 237 1600 369 1677; x_wconf 89' lang='lat' dir='ltr'>qnando</span> <span class='ocrx_word' id='word_1_153' title='bbox 385 1601 517 1663; x_wconf 88' lang='lat' dir='ltr'>scilicet</span> <span class='ocrx_word' id='word_1_154' title='bbox 530 1602 701 1665; x_wconf 85' lang='lat' dir='ltr'>contracta</span> <span class='ocrx_word' id='word_1_155' title='bbox 717 1605 829 1665; x_wconf 88' lang='lat' dir='ltr'>carnis</span> <span class='ocrx_word' id='word_1_156' title='bbox 850 1604 1029 1682; x_wconf 76' lang='lat' dir='ltr'>laguncula</span> <span class='ocrx_word' id='word_1_157' title='bbox 1084 1601 1129 1663; x_wconf 88' lang='lat' dir='ltr'>lbi</span> <span class='ocrx_word' id='word_1_158' title='bbox 1149 1604 1309 1682; x_wconf 87' lang='lat' dir='ltr'>scriptum</span> <span class='ocrx_word' id='word_1_159' title='bbox 1329 1606 1391 1677; x_wconf 87' lang='lat' dir='ltr'>est,</span> <span class='ocrx_word' id='word_1_160' title='bbox 1406 1606 1690 1680; x_wconf 83' lang='lat' dir='ltr'>condemnabitur,</span> <span class='ocrx_word' id='word_1_161' title='bbox 1710 1610 1741 1670; x_wconf 89' lang='lat' dir='ltr'>et</span> <span class='ocrx_word' id='word_1_162' title='bbox 1757 1608 1842 1669; x_wconf 89' lang='lat' dir='ltr'>omnis</span> 
     </span>
     <span class='ocr_line' id='line_1_15' title="bbox 236 1694 1843 1776; baseline 0.004 -18"><span class='ocrx_word' id='word_1_163' title='bbox 236 1694 391 1773; x_wconf 80' lang='lat' dir='ltr'>apparuit</span> <span class='ocrx_word' id='word_1_164' title='bbox 415 1698 449 1759; x_wconf 93' lang='lat' dir='ltr'>in</span> <span class='ocrx_word' id='word_1_165' title='bbox 474 1700 720 1762; x_wconf 88' lang='lat' dir='ltr'>resurrectione</span> <span class='ocrx_word' id='word_1_166' title='bbox 747 1701 933 1765; x_wconf 78' lang='lat' dir='ltr'>divinitatis</span> <span class='ocrx_word' id='word_1_167' title='bbox 957 1718 1031 1765; x_wconf 90' lang='lat' dir='ltr'>ma·</span> <span class='ocrx_word' id='word_1_168' title='bbox 1079 1701 1198 1776; x_wconf 76' lang='lat' dir='ltr'>iurans</span> <span class='ocrx_word' id='word_1_169' title='bbox 1209 1703 1245 1762; x_wconf 93' lang='lat' dir='ltr'>in</span> <span class='ocrx_word' id='word_1_170' title='bbox 1257 1702 1393 1765; x_wconf 89' lang='lat' dir='ltr'>nomine</span> <span class='ocrx_word' id='word_1_171' title='bbox 1406 1704 1538 1765; x_wconf 86' lang='lat' dir='ltr'>Domini</span> <span class='ocrx_word' id='word_1_172' title='bbox 1550 1704 1757 1766; x_wconf 88' lang='lat' dir='ltr'>mendaciter.</span> <span class='ocrx_word' id='word_1_173' title='bbox 1770 1706 1843 1767; x_wconf 82' lang='lat' dir='ltr'>lura·</span> 
     </span>
     <span class='ocr_line' id='line_1_16' title="bbox 231 1795 1841 1878; baseline 0.004 -23"><span class='ocrx_word' id='word_1_174' title='bbox 231 1796 353 1871; x_wconf 79' lang='lat' dir='ltr'>Jestas3</span> <span class='ocrx_word' id='word_1_175' title='bbox 375 1795 460 1873; x_wconf 91' lang='lat' dir='ltr'>quod</span> <span class='ocrx_word' id='word_1_176' title='bbox 485 1796 708 1873; x_wconf 76' lang='lat' dir='ltr'>significatum</span> <span class='ocrx_word' id='word_1_177' title='bbox 730 1800 780 1860; x_wconf 91' lang='lat' dir='ltr'>est</span> <span class='ocrx_word' id='word_1_178' title='bbox 803 1800 838 1860; x_wconf 91' lang='lat' dir='ltr'>in</span> <span class='ocrx_word' id='word_1_179' title='bbox 863 1800 1027 1872; x_wconf 73' lang='lat' dir='ltr'>flodoeno,</span> <span class='ocrx_word' id='word_1_180' title='bbox 1083 1795 1191 1859; x_wconf 83' lang='lat' dir='ltr'>vimus</span> <span class='ocrx_word' id='word_1_181' title='bbox 1216 1798 1390 1876; x_wconf 84' lang='lat' dir='ltr'>siquidem,</span> <span class='ocrx_word' id='word_1_182' title='bbox 1425 1801 1459 1863; x_wconf 88' lang='lat' dir='ltr'>et</span> <span class='ocrx_word' id='word_1_183' title='bbox 1485 1801 1697 1878; x_wconf 87' lang='lat' dir='ltr'>promisimus</span> <span class='ocrx_word' id='word_1_184' title='bbox 1722 1800 1754 1862; x_wconf 89' lang='lat' dir='ltr'>in</span> <span class='ocrx_word' id='word_1_185' title='bbox 1774 1801 1841 1877; x_wconf 83' lang='lat' dir='ltr'>bap·</span> 
     </span>
     <span class='ocr_line' id='line_1_17' title="bbox 196 1892 1842 1975; baseline 0.003 -23"><span class='ocrx_word' id='word_1_186' title='bbox 196 1970 199 1975; x_wconf 12' lang='lat' dir='ltr'>x</span> <span class='ocrx_word' id='word_1_187' title='bbox 235 1892 292 1968; x_wconf 88' lang='lat' dir='ltr'>qui</span> <span class='ocrx_word' id='word_1_188' title='bbox 317 1894 352 1953; x_wconf 95' lang='lat' dir='ltr'>in</span> <span class='ocrx_word' id='word_1_189' title='bbox 376 1892 604 1955; x_wconf 83' lang='lat' dir='ltr'>contractione</span> <span class='ocrx_word' id='word_1_190' title='bbox 629 1894 881 1971; x_wconf 82' lang='lat' dir='ltr'>laguncularum</span> <span class='ocrx_word' id='word_1_191' title='bbox 906 1897 1029 1959; x_wconf 79' lang='grc'><strong>11111111-</strong></span> <span class='ocrx_word' id='word_1_192' title='bbox 1083 1894 1192 1965; x_wconf 80' lang='lat' dir='ltr'>tiemo,</span> <span class='ocrx_word' id='word_1_193' title='bbox 1224 1910 1360 1958; x_wconf 83' lang='lat' dir='ltr'>serrare</span> <span class='ocrx_word' id='word_1_194' title='bbox 1383 1897 1539 1959; x_wconf 83' lang='lat' dir='ltr'>mandata</span> <span class='ocrx_word' id='word_1_195' title='bbox 1569 1899 1642 1970; x_wconf 77' lang='lat' dir='ltr'>Ilei,</span> <span class='ocrx_word' id='word_1_196' title='bbox 1666 1913 1736 1975; x_wconf 80' lang='lat' dir='ltr'>qua</span> <span class='ocrx_word' id='word_1_197' title='bbox 1756 1898 1842 1959; x_wconf 87' lang='lat' dir='ltr'>tamen</span> 
     </span>
    </p>
   </div>
   <div class='ocr_carea' id='block_1_3' title="bbox 93 1989 1843 2070">
    <p class='ocr_par' dir='ltr' id='par_1_3' title="bbox 93 1989 1843 2070">
     <span class='ocr_line' id='line_1_18' title="bbox 93 1989 1843 2070; baseline 0.002 -21"><span class='ocrx_word' id='word_1_198' title='bbox 93 1996 100 2007; x_wconf 87' lang='lat'><strong><em>‘</em></strong></span> <span class='ocrx_word' id='word_1_199' title='bbox 234 1989 351 2067; x_wconf 86' lang='lat' dir='ltr'>phavit</span> <span class='ocrx_word' id='word_1_200' title='bbox 365 1989 406 2051; x_wconf 90' lang='lat' dir='ltr'>de</span> <span class='ocrx_word' id='word_1_201' title='bbox 420 1990 582 2053; x_wconf 88' lang='lat' dir='ltr'>hostibus.</span> <span class='ocrx_word' id='word_1_202' title='bbox 599 1991 784 2054; x_wconf 82' lang='lat' dir='ltr'>Contractis</span> <span class='ocrx_word' id='word_1_203' title='bbox 799 1994 888 2054; x_wconf 92' lang='lat' dir='ltr'>enim</span> <span class='ocrx_word' id='word_1_204' title='bbox 904 1994 1028 2070; x_wconf 88' lang='lat' dir='ltr'>lagun-</span> <span class='ocrx_word' id='word_1_205' title='bbox 1082 1990 1230 2066; x_wconf 89' lang='lat' dir='ltr'>quotidie</span> <span class='ocrx_word' id='word_1_206' title='bbox 1240 1992 1518 2070; x_wconf 86' lang='lat' dir='ltr'>transgredimur,</span> <span class='ocrx_word' id='word_1_207' title='bbox 1532 2010 1595 2055; x_wconf 90' lang='lat' dir='ltr'>nec</span> <span class='ocrx_word' id='word_1_208' title='bbox 1608 1996 1715 2056; x_wconf 84' lang='lat' dir='ltr'>tamen</span> <span class='ocrx_word' id='word_1_209' title='bbox 1730 2007 1843 2055; x_wconf 86' lang='lat' dir='ltr'>conrar-</span> 
     </span>
    </p>
   </div>
   <div class='ocr_carea' id='block_1_4' title="bbox 230 2086 1844 3042">
    <p class='ocr_par' dir='ltr' id='par_1_4' title="bbox 230 2086 1844 3042">
     <span class='ocr_line' id='line_1_19' title="bbox 235 2086 1842 2166; baseline 0.002 -19"><span class='ocrx_word' id='word_1_210' title='bbox 235 2086 331 2159; x_wconf 90' lang='lat' dir='ltr'>oulis,</span> <span class='ocrx_word' id='word_1_211' title='bbox 361 2087 474 2150; x_wconf 84' lang='lat' dir='ltr'>lumen</span> <span class='ocrx_word' id='word_1_212' title='bbox 507 2090 680 2166; x_wconf 78' lang='lat' dir='ltr'>apparuit3</span> <span class='ocrx_word' id='word_1_213' title='bbox 711 2104 777 2166; x_wconf 87' lang='lat' dir='ltr'>quo</span> <span class='ocrx_word' id='word_1_214' title='bbox 807 2090 881 2152; x_wconf 85' lang='lat' dir='ltr'>viso</span> <span class='ocrx_word' id='word_1_215' title='bbox 911 2105 1028 2152; x_wconf 90' lang='lat' dir='ltr'>omnes</span> <span class='ocrx_word' id='word_1_216' title='bbox 1081 2087 1199 2161; x_wconf 90' lang='lat' dir='ltr'>timur;</span> <span class='ocrx_word' id='word_1_217' title='bbox 1223 2088 1313 2152; x_wconf 91' lang='lat' dir='ltr'>unde</span> <span class='ocrx_word' id='word_1_218' title='bbox 1331 2111 1340 2151; x_wconf 73' lang='grc' dir='ltr'>ε</span> <span class='ocrx_word' id='word_1_219' title='bbox 1360 2093 1497 2162; x_wconf 73' lang='lat' dir='ltr'>latrant,</span> <span class='ocrx_word' id='word_1_220' title='bbox 1523 2092 1558 2153; x_wconf 81' lang='lat' dir='ltr'>et</span> <span class='ocrx_word' id='word_1_221' title='bbox 1579 2092 1681 2163; x_wconf 67' lang='lat' dir='ltr'>statut</span> <span class='ocrx_word' id='word_1_222' title='bbox 1699 2091 1842 2152; x_wconf 76' lang='grc'><strong>1111111111</strong></span> 
     </span>
     <span class='ocr_line' id='line_1_20' title="bbox 234 2184 1843 2266; baseline 0.001 -22"><span class='ocrx_word' id='word_1_223' title='bbox 234 2184 348 2245; x_wconf 88' lang='lat' dir='ltr'>hostes</span> <span class='ocrx_word' id='word_1_224' title='bbox 364 2185 517 2246; x_wconf 83' lang='lat' dir='ltr'>conversi</span> <span class='ocrx_word' id='word_1_225' title='bbox 539 2187 616 2247; x_wconf 88' lang='lat' dir='ltr'>sunt</span> <span class='ocrx_word' id='word_1_226' title='bbox 637 2185 672 2246; x_wconf 91' lang='lat' dir='ltr'>in</span> <span class='ocrx_word' id='word_1_227' title='bbox 693 2185 816 2263; x_wconf 85' lang='lat' dir='ltr'>lugam.</span> <span class='ocrx_word' id='word_1_228' title='bbox 834 2189 872 2248; x_wconf 92' lang='lat' dir='ltr'>ln</span> <span class='ocrx_word' id='word_1_229' title='bbox 891 2203 957 2264; x_wconf 91' lang='lat' dir='ltr'>quo</span> <span class='ocrx_word' id='word_1_230' title='bbox 971 2202 1028 2249; x_wconf 85' lang='lat' dir='ltr'>os·</span> <span class='ocrx_word' id='word_1_231' title='bbox 1073 2187 1208 2258; x_wconf 74' lang='lat' dir='ltr'>judicto</span> <span class='ocrx_word' id='word_1_232' title='bbox 1232 2186 1383 2259; x_wconf 74' lang='lat' dir='ltr'>justitior</span> <span class='ocrx_word' id='word_1_233' title='bbox 1406 2187 1476 2248; x_wconf 79' lang='lat' dir='ltr'>tuor</span> <span class='ocrx_word' id='word_1_234' title='bbox 1499 2185 1572 2266; x_wconf 87' lang='lat' dir='ltr'>(Ps.</span> <span class='ocrx_word' id='word_1_235' title='bbox 1605 2189 1673 2259; x_wconf 84' lang='grc'><strong>118,</strong></span> <span class='ocrx_word' id='word_1_236' title='bbox 1696 2185 1774 2266; x_wconf 85' lang='grc'><strong>106).</strong></span> <span class='ocrx_word' id='word_1_237' title='bbox 1794 2188 1843 2247; x_wconf 84' lang='lat' dir='ltr'>Per</span> 
     </span>
     <span class='ocr_line' id='line_1_21' title="bbox 233 2281 1843 2361; baseline 0 -18"><span class='ocrx_word' id='word_1_238' title='bbox 233 2281 382 2343; x_wconf 86' lang='lat' dir='ltr'>tenditur</span> <span class='ocrx_word' id='word_1_239' title='bbox 407 2281 493 2359; x_wconf 91' lang='lat' dir='ltr'>quod</span> <span class='ocrx_word' id='word_1_240' title='bbox 518 2297 585 2344; x_wconf 91' lang='lat' dir='ltr'>non</span> <span class='ocrx_word' id='word_1_241' title='bbox 616 2282 713 2360; x_wconf 92' lang='lat' dir='ltr'>plene</span> <span class='ocrx_word' id='word_1_242' title='bbox 739 2283 966 2361; x_wconf 85' lang='lat' dir='ltr'>triumphatur</span> <span class='ocrx_word' id='word_1_243' title='bbox 986 2284 1028 2346; x_wconf 92' lang='lat' dir='ltr'>de</span> <span class='ocrx_word' id='word_1_244' title='bbox 1081 2297 1179 2358; x_wconf 88' lang='lat' dir='ltr'>quam</span> <span class='ocrx_word' id='word_1_245' title='bbox 1192 2283 1493 2359; x_wconf 77' lang='lat' dir='ltr'>transgressionem</span> <span class='ocrx_word' id='word_1_246' title='bbox 1507 2286 1575 2347; x_wconf 89' lang='lat' dir='ltr'>tam</span> <span class='ocrx_word' id='word_1_247' title='bbox 1588 2288 1692 2361; x_wconf 77' lang='lat' dir='ltr'>tigno,</span> <span class='ocrx_word' id='word_1_248' title='bbox 1708 2283 1784 2345; x_wconf 85' lang='lat' dir='ltr'>idest</span> <span class='ocrx_word' id='word_1_249' title='bbox 1794 2282 1843 2342; x_wconf 88' lang='lat' dir='ltr'>mi·</span> 
     </span>
     <span class='ocr_line' id='line_1_22' title="bbox 232 2378 1841 2458; baseline -0.001 -18"><span class='ocrx_word' id='word_1_250' title='bbox 232 2378 384 2440; x_wconf 88' lang='lat' dir='ltr'>hostibus</span> <span class='ocrx_word' id='word_1_251' title='bbox 406 2379 537 2451; x_wconf 86' lang='lat' dir='ltr'>animae,</span> <span class='ocrx_word' id='word_1_252' title='bbox 562 2380 627 2440; x_wconf 89' lang='lat' dir='ltr'>nisi</span> <span class='ocrx_word' id='word_1_253' title='bbox 648 2381 745 2458; x_wconf 90' lang='lat' dir='ltr'>plene</span> <span class='ocrx_word' id='word_1_254' title='bbox 765 2380 878 2442; x_wconf 90' lang='lat' dir='ltr'>lumen</span> <span class='ocrx_word' id='word_1_255' title='bbox 898 2381 1026 2442; x_wconf 75' lang='lat' dir='ltr'>divini·</span> <span class='ocrx_word' id='word_1_256' title='bbox 1081 2392 1163 2439; x_wconf 89' lang='lat' dir='ltr'>nora</span> <span class='ocrx_word' id='word_1_257' title='bbox 1178 2381 1325 2456; x_wconf 88' lang='lat' dir='ltr'>peccata,</span> <span class='ocrx_word' id='word_1_258' title='bbox 1342 2395 1440 2457; x_wconf 92' lang='lat' dir='ltr'>quam</span> <span class='ocrx_word' id='word_1_259' title='bbox 1455 2380 1596 2458; x_wconf 80' lang='lat' dir='ltr'>lapidea,</span> <span class='ocrx_word' id='word_1_260' title='bbox 1609 2381 1694 2443; x_wconf 89' lang='lat' dir='ltr'>idest</span> <span class='ocrx_word' id='word_1_261' title='bbox 1705 2380 1841 2447; x_wconf 82' lang='lat' dir='ltr'>indurata,</span> 
     </span>
     <span class='ocr_line' id='line_1_23' title="bbox 233 2474 1841 2555; baseline -0.003 -17"><span class='ocrx_word' id='word_1_262' title='bbox 233 2477 311 2538; x_wconf 83' lang='lat' dir='ltr'>tatis</span> <span class='ocrx_word' id='word_1_263' title='bbox 326 2477 550 2554; x_wconf 86' lang='lat' dir='ltr'>percipiamus</span> <span class='ocrx_word' id='word_1_264' title='bbox 569 2499 576 2537; x_wconf 92' lang='lat'>:</span> <span class='ocrx_word' id='word_1_265' title='bbox 593 2493 655 2540; x_wconf 88' lang='lat' dir='ltr'>noc</span> <span class='ocrx_word' id='word_1_266' title='bbox 674 2478 806 2555; x_wconf 91' lang='lat' dir='ltr'>plenam</span> <span class='ocrx_word' id='word_1_267' title='bbox 826 2478 1025 2540; x_wconf 84' lang='lat' dir='ltr'>delectatio·</span> <span class='ocrx_word' id='word_1_268' title='bbox 1079 2474 1115 2534; x_wconf 91' lang='lat' dir='ltr'>in</span> <span class='ocrx_word' id='word_1_269' title='bbox 1127 2474 1258 2537; x_wconf 89' lang='lat' dir='ltr'>inlerno</span> <span class='ocrx_word' id='word_1_270' title='bbox 1271 2476 1521 2552; x_wconf 77' lang='lat' dir='ltr'>inextinguibili</span> <span class='ocrx_word' id='word_1_271' title='bbox 1532 2478 1611 2553; x_wconf 90' lang='lat' dir='ltr'>igne</span> <span class='ocrx_word' id='word_1_272' title='bbox 1624 2476 1841 2539; x_wconf 74' lang='lat' dir='ltr'>comburantur.</span> 
     </span>
     <span class='ocr_line' id='line_1_24' title="bbox 232 2572 1841 2653; baseline -0.001 -19"><span class='ocrx_word' id='word_1_273' title='bbox 232 2588 319 2645; x_wconf 87' lang='lat' dir='ltr'>nem,</span> <span class='ocrx_word' id='word_1_274' title='bbox 351 2576 384 2635; x_wconf 87' lang='lat' dir='ltr'>et</span> <span class='ocrx_word' id='word_1_275' title='bbox 405 2574 683 2650; x_wconf 81' lang='lat' dir='ltr'>glorificationem</span> <span class='ocrx_word' id='word_1_276' title='bbox 714 2574 886 2648; x_wconf 85' lang='lat' dir='ltr'>habemus,</span> <span class='ocrx_word' id='word_1_277' title='bbox 921 2575 1026 2637; x_wconf 89' lang='lat' dir='ltr'>donec</span> <span class='ocrx_word' id='word_1_278' title='bbox 1080 2572 1228 2633; x_wconf 88' lang='lat' dir='ltr'>Petimus</span> <span class='ocrx_word' id='word_1_279' title='bbox 1239 2572 1841 2653; x_wconf 79' lang='lat' dir='ltr'>etiamabominoreritatemjustitie3</span> 
     </span>
     <span class='ocr_line' id='line_1_25' title="bbox 232 2670 1842 2750; baseline -0.002 -18"><span class='ocrx_word' id='word_1_280' title='bbox 232 2670 402 2733; x_wconf 77' lang='lat' dir='ltr'>contracta</span> <span class='ocrx_word' id='word_1_281' title='bbox 413 2671 457 2733; x_wconf 86' lang='lat' dir='ltr'>sit</span> <span class='ocrx_word' id='word_1_282' title='bbox 467 2672 617 2748; x_wconf 87' lang='lat' dir='ltr'>corporis</span> <span class='ocrx_word' id='word_1_283' title='bbox 628 2672 735 2735; x_wconf 90' lang='lat' dir='ltr'>nostrl</span> <span class='ocrx_word' id='word_1_284' title='bbox 744 2672 935 2749; x_wconf 90' lang='lat' dir='ltr'>laguncula.</span> <span class='ocrx_word' id='word_1_285' title='bbox 950 2673 1025 2734; x_wconf 92' lang='lat' dir='ltr'>Non</span> <span class='ocrx_word' id='word_1_286' title='bbox 1078 2670 1112 2730; x_wconf 90' lang='lat' dir='ltr'>et</span> <span class='ocrx_word' id='word_1_287' title='bbox 1131 2670 1361 2732; x_wconf 88' lang='lat' dir='ltr'>necessarium</span> <span class='ocrx_word' id='word_1_288' title='bbox 1377 2673 1438 2744; x_wconf 82' lang='lat' dir='ltr'>est,</span> <span class='ocrx_word' id='word_1_289' title='bbox 1462 2671 1541 2750; x_wconf 91' lang='lat' dir='ltr'>quia</span> <span class='ocrx_word' id='word_1_290' title='bbox 1564 2688 1707 2748; x_wconf 91' lang='lat' dir='ltr'>magnus</span> <span class='ocrx_word' id='word_1_291' title='bbox 1725 2670 1842 2745; x_wconf 75' lang='grc'><strong>1111111</strong></span> 
     </span>
     <span class='ocr_line' id='line_1_26' title="bbox 231 2765 1842 2848; baseline -0.002 -19"><span class='ocrx_word' id='word_1_292' title='bbox 231 2767 321 2829; x_wconf 91' lang='lat' dir='ltr'>enim</span> <span class='ocrx_word' id='word_1_293' title='bbox 347 2767 382 2827; x_wconf 92' lang='lat' dir='ltr'>in</span> <span class='ocrx_word' id='word_1_294' title='bbox 406 2782 546 2843; x_wconf 86' lang='lat' dir='ltr'>corpore</span> <span class='ocrx_word' id='word_1_295' title='bbox 567 2769 728 2829; x_wconf 86' lang='lat' dir='ltr'>Dominus</span> <span class='ocrx_word' id='word_1_296' title='bbox 750 2772 848 2831; x_wconf 76' lang='grc' dir='ltr'>ιῐθειιε</span> <span class='ocrx_word' id='word_1_297' title='bbox 873 2769 1025 2830; x_wconf 86' lang='lat' dir='ltr'>Christus</span> <span class='ocrx_word' id='word_1_298' title='bbox 1078 2765 1242 2843; x_wconf 62' lang='lat' dir='ltr'>deiectum</span> <span class='ocrx_word' id='word_1_299' title='bbox 1259 2767 1347 2830; x_wconf 91' lang='lat' dir='ltr'>unde</span> <span class='ocrx_word' id='word_1_300' title='bbox 1364 2769 1460 2829; x_wconf 82' lang='lat' dir='ltr'>isaim</span> <span class='ocrx_word' id='word_1_301' title='bbox 1478 2766 1543 2847; x_wconf 79' lang='lat'>(59,</span> <span class='ocrx_word' id='word_1_302' title='bbox 1565 2767 1842 2848; x_wconf 76' lang='grc'><strong>141115);«111-</strong></span> 
     </span>
     <span class='ocr_line' id='line_1_27' title="bbox 230 2861 1843 2943; baseline -0.001 -19"><span class='ocrx_word' id='word_1_303' title='bbox 230 2864 437 2942; x_wconf 81' lang='lat' dir='ltr'>glorificatus</span> <span class='ocrx_word' id='word_1_304' title='bbox 458 2865 519 2936; x_wconf 80' lang='lat' dir='ltr'>est,</span> <span class='ocrx_word' id='word_1_305' title='bbox 552 2865 745 2943; x_wconf 87' lang='lat' dir='ltr'>priusquam</span> <span class='ocrx_word' id='word_1_306' title='bbox 772 2866 807 2926; x_wconf 89' lang='grc'>111</span> <span class='ocrx_word' id='word_1_307' title='bbox 831 2882 930 2927; x_wconf 88' lang='lat' dir='ltr'>cruce</span> <span class='ocrx_word' id='word_1_308' title='bbox 951 2870 1024 2943; x_wconf 82' lang='lat' dir='ltr'>ojus</span> <span class='ocrx_word' id='word_1_309' title='bbox 1077 2878 1212 2924; x_wconf 80' lang='lat' dir='ltr'>versum</span> <span class='ocrx_word' id='word_1_310' title='bbox 1228 2865 1278 2927; x_wconf 88' lang='lat' dir='ltr'>est</span> <span class='ocrx_word' id='word_1_311' title='bbox 1294 2864 1458 2942; x_wconf 83' lang='lat' dir='ltr'>judicium</span> <span class='ocrx_word' id='word_1_312' title='bbox 1481 2868 1678 2939; x_wconf 87' lang='lat' dir='ltr'>retrorsum,</span> <span class='ocrx_word' id='word_1_313' title='bbox 1693 2868 1725 2928; x_wconf 90' lang='lat' dir='ltr'>et</span> <span class='ocrx_word' id='word_1_314' title='bbox 1737 2861 1843 2942; x_wconf 75' lang='lat' dir='ltr'>iustitia</span> 
     </span>
     <span class='ocr_line' id='line_1_28' title="bbox 230 2959 1844 3042; baseline -0.003 -19"><span class='ocrx_word' id='word_1_315' title='bbox 230 2977 309 3024; x_wconf 88' lang='lat' dir='ltr'>caro</span> <span class='ocrx_word' id='word_1_316' title='bbox 324 2960 495 3024; x_wconf 78' lang='lat' dir='ltr'>confracta</span> <span class='ocrx_word' id='word_1_317' title='bbox 517 2964 626 3023; x_wconf 86' lang='lat' dir='ltr'>esset:</span> <span class='ocrx_word' id='word_1_318' title='bbox 651 2965 684 3025; x_wconf 85' lang='lat' dir='ltr'>et</span> <span class='ocrx_word' id='word_1_319' title='bbox 705 2978 765 3023; x_wconf 91' lang='lat' dir='ltr'>nos</span> <span class='ocrx_word' id='word_1_320' title='bbox 787 2962 944 3025; x_wconf 89' lang='lat' dir='ltr'>debemus</span> <span class='ocrx_word' id='word_1_321' title='bbox 967 2965 1023 3025; x_wconf 87' lang='lat' dir='ltr'>at·</span> <span class='ocrx_word' id='word_1_322' title='bbox 1078 2960 1176 3036; x_wconf 89' lang='lat' dir='ltr'>longe</span> <span class='ocrx_word' id='word_1_323' title='bbox 1190 2962 1304 3024; x_wconf 86' lang='lat' dir='ltr'>stetit:</span> <span class='ocrx_word' id='word_1_324' title='bbox 1320 2959 1411 3041; x_wconf 81' lang='lat' dir='ltr'>et(2)</span> <span class='ocrx_word' id='word_1_325' title='bbox 1426 2962 1553 3025; x_wconf 90' lang='lat' dir='ltr'>corruit</span> <span class='ocrx_word' id='word_1_326' title='bbox 1565 2963 1603 3024; x_wconf 90' lang='lat' dir='ltr'>in</span> <span class='ocrx_word' id='word_1_327' title='bbox 1619 2963 1734 3042; x_wconf 88' lang='lat' dir='ltr'>plateis</span> <span class='ocrx_word' id='word_1_328' title='bbox 1746 2960 1787 3041; x_wconf 79' lang='grc'>(3)</span> <span class='ocrx_word' id='word_1_329' title='bbox 1798 2973 1844 3019; x_wconf 84' lang='grc'>11-</span> 
     </span>
    </p>
   </div>
   <div class='ocr_carea' id='block_1_5' title="bbox 228 3054 1919 3138">
    <p class='ocr_par' dir='ltr' id='par_1_5' title="bbox 228 3054 1919 3138">
     <span class='ocr_line' id='line_1_29' title="bbox 228 3054 1919 3138; baseline -0.004 -16"><span class='ocrx_word' id='word_1_330' title='bbox 228 3058 378 3133; x_wconf 86' lang='lat' dir='ltr'>tendere,</span> <span class='ocrx_word' id='word_1_331' title='bbox 394 3057 554 3136; x_wconf 81' lang='lat' dir='ltr'>quianon</span> <span class='ocrx_word' id='word_1_332' title='bbox 568 3059 1026 3136; x_wconf 77' lang='lat' dir='ltr'>cstdtsctpzdussupermo·</span> <span class='ocrx_word' id='word_1_333' title='bbox 1077 3056 1171 3131; x_wconf 84' lang='lat' dir='ltr'>ritas,</span> <span class='ocrx_word' id='word_1_334' title='bbox 1199 3060 1232 3121; x_wconf 90' lang='lat' dir='ltr'>et</span> <span class='ocrx_word' id='word_1_335' title='bbox 1256 3058 1397 3137; x_wconf 78' lang='lat' dir='ltr'>aquius</span> <span class='ocrx_word' id='word_1_336' title='bbox 1429 3074 1496 3122; x_wconf 90' lang='lat' dir='ltr'>non</span> <span class='ocrx_word' id='word_1_337' title='bbox 1522 3061 1634 3138; x_wconf 89' lang='lat' dir='ltr'>potuit</span> <span class='ocrx_word' id='word_1_338' title='bbox 1664 3056 1792 3138; x_wconf 85' lang='lat' dir='ltr'>ingredi.</span> <span class='ocrx_word' id='word_1_339' title='bbox 1813 3054 1843 3116; x_wconf 83' lang='lat' dir='ltr'>st</span> <span class='ocrx_word' id='word_1_340' title='bbox 1918 3056 1919 3065; x_wconf 77' lang='grc'>’</span> 
     </span>
    </p>
   </div>
   <div class='ocr_carea' id='block_1_6' title="bbox 228 3154 1843 3332">
    <p class='ocr_par' dir='ltr' id='par_1_6' title="bbox 228 3154 1843 3332">
     <span class='ocr_line' id='line_1_30' title="bbox 228 3154 1842 3236; baseline -0.003 -18"><span class='ocrx_word' id='word_1_341' title='bbox 228 3159 379 3235; x_wconf 70' lang='lat' dir='ltr'>parimus</span> <span class='ocrx_word' id='word_1_342' title='bbox 395 3155 516 3235; x_wconf 85' lang='lat' dir='ltr'>(Matt,</span> <span class='ocrx_word' id='word_1_343' title='bbox 534 3158 582 3229; x_wconf 85' lang='lat'>10,</span> <span class='ocrx_word' id='word_1_344' title='bbox 597 3155 663 3236; x_wconf 80' lang='grc'><strong>21).</strong></span> <span class='ocrx_word' id='word_1_345' title='bbox 1076 3154 1163 3217; x_wconf 85' lang='lat' dir='ltr'>iacta</span> <span class='ocrx_word' id='word_1_346' title='bbox 1180 3156 1232 3218; x_wconf 86' lang='lat' dir='ltr'>est</span> <span class='ocrx_word' id='word_1_347' title='bbox 1249 3157 1375 3218; x_wconf 84' lang='lat' dir='ltr'>raritas</span> <span class='ocrx_word' id='word_1_348' title='bbox 1390 3156 1424 3218; x_wconf 93' lang='grc'>111</span> <span class='ocrx_word' id='word_1_349' title='bbox 1443 3157 1661 3233; x_wconf 79' lang='lat' dir='ltr'>oblivionem,</span> <span class='ocrx_word' id='word_1_350' title='bbox 1682 3160 1715 3219; x_wconf 86' lang='lat' dir='ltr'>et</span> <span class='ocrx_word' id='word_1_351' title='bbox 1732 3155 1781 3234; x_wconf 90' lang='lat' dir='ltr'>qui</span> <span class='ocrx_word' id='word_1_352' title='bbox 1797 3166 1842 3213; x_wconf 85' lang='lat' dir='ltr'>re·</span> 
     </span>
     <span class='ocr_line' id='line_1_31' title="bbox 269 3248 1843 3332; baseline -0.003 -17"><span class='ocrx_word' id='word_1_353' title='bbox 269 3254 397 3316; x_wconf 81' lang='lat' dir='ltr'>Emittit</span> <span class='ocrx_word' id='word_1_354' title='bbox 415 3256 516 3317; x_wconf 86' lang='lat' dir='ltr'>etiam</span> <span class='ocrx_word' id='word_1_355' title='bbox 531 3257 619 3315; x_wconf 85' lang='lat' dir='ltr'>Deus</span> <span class='ocrx_word' id='word_1_356' title='bbox 638 3253 824 3316; x_wconf 64' lang='lat' dir='ltr'>vamtatem</span> <span class='ocrx_word' id='word_1_357' title='bbox 837 3253 926 3327; x_wconf 73' lang='lat' dir='ltr'>ritae,</span> <span class='ocrx_word' id='word_1_358' title='bbox 943 3253 1025 3315; x_wconf 93' lang='lat' dir='ltr'>doc-</span> <span class='ocrx_word' id='word_1_359' title='bbox 1076 3251 1178 3315; x_wconf 88' lang='lat' dir='ltr'>cessit</span> <span class='ocrx_word' id='word_1_360' title='bbox 1193 3267 1214 3314; x_wconf 87' lang='lat' dir='ltr'>a</span> <span class='ocrx_word' id='word_1_361' title='bbox 1235 3253 1335 3325; x_wconf 91' lang='lat' dir='ltr'>malo,</span> <span class='ocrx_word' id='word_1_362' title='bbox 1358 3254 1480 3331; x_wconf 81' lang='lat' dir='ltr'>praedre</span> <span class='ocrx_word' id='word_1_363' title='bbox 1502 3255 1624 3332; x_wconf 87' lang='lat' dir='ltr'>patuit.</span> <span class='ocrx_word' id='word_1_364' title='bbox 1647 3272 1667 3315; x_wconf 74' lang='grc' dir='ltr'>ε</span> <span class='ocrx_word' id='word_1_365' title='bbox 1685 3256 1793 3315; x_wconf 86' lang='lat' dir='ltr'>Omnes</span> <span class='ocrx_word' id='word_1_366' title='bbox 1807 3248 1843 3309; x_wconf 87' lang='lat' dir='ltr'>si·</span> 
     </span>
    </p>
   </div>
   <div class='ocr_carea' id='block_1_7' title="bbox 227 3345 1918 3526">
    <p class='ocr_par' dir='ltr' id='par_1_7' title="bbox 227 3345 1918 3526">
     <span class='ocr_line' id='line_1_32' title="bbox 227 3345 1918 3444; baseline -0.006 -30"><span class='ocrx_word' id='word_1_367' title='bbox 227 3351 336 3424; x_wconf 86' lang='lat' dir='ltr'>triuae,</span> <span class='ocrx_word' id='word_1_368' title='bbox 353 3354 386 3413; x_wconf 89' lang='lat' dir='ltr'>et</span> <span class='ocrx_word' id='word_1_369' title='bbox 396 3351 548 3429; x_wconf 77' lang='lat' dir='ltr'>justitiae.</span> <span class='ocrx_word' id='word_1_370' title='bbox 564 3352 746 3413; x_wconf 86' lang='lat' dir='ltr'>Veritatem</span> <span class='ocrx_word' id='word_1_371' title='bbox 762 3350 925 3429; x_wconf 85' lang='lat' dir='ltr'>siquidem</span> <span class='ocrx_word' id='word_1_372' title='bbox 944 3352 1023 3413; x_wconf 78' lang='lat' dir='ltr'>vitm</span> <span class='ocrx_word' id='word_1_373' title='bbox 1076 3348 1209 3426; x_wconf 88' lang='lat' dir='ltr'>quidem</span> <span class='ocrx_word' id='word_1_374' title='bbox 1231 3365 1252 3412; x_wconf 87' lang='lat' dir='ltr'>a</span> <span class='ocrx_word' id='word_1_375' title='bbox 1271 3348 1359 3412; x_wconf 93' lang='lat' dir='ltr'>bono</span> <span class='ocrx_word' id='word_1_376' title='bbox 1380 3351 1550 3423; x_wconf 90' lang='lat' dir='ltr'>recedunt,</span> <span class='ocrx_word' id='word_1_377' title='bbox 1575 3353 1634 3430; x_wconf 92' lang='lat' dir='ltr'>qui</span> <span class='ocrx_word' id='word_1_378' title='bbox 1653 3351 1734 3413; x_wconf 90' lang='lat' dir='ltr'>bene</span> <span class='ocrx_word' id='word_1_379' title='bbox 1751 3345 1843 3410; x_wconf 86' lang='lat' dir='ltr'>nolunt</span> <span class='ocrx_word' id='word_1_380' title='bbox 1917 3365 1918 3444; x_wconf 64' lang='lat'>,</span> 
     </span>
     <span class='ocr_line' id='line_1_33' title="bbox 228 3444 1918 3526; baseline -0.004 -17"><span class='ocrx_word' id='word_1_381' title='bbox 228 3448 325 3510; x_wconf 89' lang='lat' dir='ltr'>nobis</span> <span class='ocrx_word' id='word_1_382' title='bbox 351 3449 450 3511; x_wconf 90' lang='lat' dir='ltr'>mittit</span> <span class='ocrx_word' id='word_1_383' title='bbox 473 3449 509 3509; x_wconf 90' lang='grc'>111</span> <span class='ocrx_word' id='word_1_384' title='bbox 537 3448 689 3525; x_wconf 80' lang='lat' dir='ltr'>exemplo</span> <span class='ocrx_word' id='word_1_385' title='bbox 712 3448 808 3510; x_wconf 85' lang='lat' dir='ltr'>bonae</span> <span class='ocrx_word' id='word_1_386' title='bbox 836 3463 1021 3510; x_wconf 84' lang='lat' dir='ltr'>conversa·</span> <span class='ocrx_word' id='word_1_387' title='bbox 1075 3460 1188 3521; x_wconf 89' lang='lat' dir='ltr'>agere,</span> <span class='ocrx_word' id='word_1_388' title='bbox 1208 3447 1241 3508; x_wconf 88' lang='lat' dir='ltr'>et</span> <span class='ocrx_word' id='word_1_389' title='bbox 1259 3461 1375 3508; x_wconf 85' lang='lat' dir='ltr'>omnes</span> <span class='ocrx_word' id='word_1_390' title='bbox 1390 3463 1466 3508; x_wconf 89' lang='lat' dir='ltr'>eum</span> <span class='ocrx_word' id='word_1_391' title='bbox 1489 3448 1692 3521; x_wconf 87' lang='lat' dir='ltr'>deriserunt,</span> <span class='ocrx_word' id='word_1_392' title='bbox 1712 3444 1843 3526; x_wconf 90' lang='lat' dir='ltr'>quoniam</span> <span class='ocrx_word' id='word_1_393' title='bbox 1917 3455 1918 3480; x_wconf 62' lang='lat'>¹</span> 
     </span>
    </p>
   </div>
   <div class='ocr_carea' id='block_1_8' title="bbox 227 3541 1844 3817">
    <p class='ocr_par' dir='ltr' id='par_1_8' title="bbox 227 3541 1844 3817">
     <span class='ocr_line' id='line_1_34' title="bbox 227 3541 1797 3625; baseline -0.004 -17"><span class='ocrx_word' id='word_1_394' title='bbox 227 3545 330 3608; x_wconf 84' lang='lat' dir='ltr'>tionis</span> <span class='ocrx_word' id='word_1_395' title='bbox 346 3546 546 3618; x_wconf 89' lang='lat' dir='ltr'>sanctorum,</span> <span class='ocrx_word' id='word_1_396' title='bbox 564 3545 683 3623; x_wconf 91' lang='lat' dir='ltr'>quibus</span> <span class='ocrx_word' id='word_1_397' title='bbox 698 3544 901 3606; x_wconf 75' lang='lat' dir='ltr'>conformari</span> <span class='ocrx_word' id='word_1_398' title='bbox 916 3544 1021 3606; x_wconf 90' lang='lat' dir='ltr'>debe·</span> <span class='ocrx_word' id='word_1_399' title='bbox 1075 3543 1352 3616; x_wconf 68' lang='lat' dir='ltr'>demdeturjustt</span> <span class='ocrx_word' id='word_1_400' title='bbox 1363 3545 1566 3618; x_wconf 80' lang='lat' dir='ltr'>stmpttcttos</span> <span class='ocrx_word' id='word_1_401' title='bbox 1582 3544 1685 3625; x_wconf 77' lang='lat' dir='ltr'>(iob,</span> <span class='ocrx_word' id='word_1_402' title='bbox 1701 3546 1747 3617; x_wconf 78' lang='lat'>12,</span> <span class='ocrx_word' id='word_1_403' title='bbox 1759 3541 1797 3620; x_wconf 83' lang='grc'>1).</span> 
     </span>
     <span class='ocr_line' id='line_1_35' title="bbox 228 3637 1844 3721; baseline -0.003 -18"><span class='ocrx_word' id='word_1_404' title='bbox 228 3659 318 3717; x_wconf 86' lang='grc' dir='ltr'><strong>11111ε;</strong></span> <span class='ocrx_word' id='word_1_405' title='bbox 335 3642 532 3705; x_wconf 82' lang='grc' dir='ltr'><strong>111111θ11111οε</strong></span> <span class='ocrx_word' id='word_1_406' title='bbox 549 3641 593 3721; x_wconf 89' lang='lat'>(8,</span> <span class='ocrx_word' id='word_1_407' title='bbox 605 3640 639 3721; x_wconf 84' lang='grc'>9)</span> <span class='ocrx_word' id='word_1_408' title='bbox 652 3658 690 3703; x_wconf 81' lang='lat'>2«</span> <span class='ocrx_word' id='word_1_409' title='bbox 706 3643 742 3703; x_wconf 93' lang='lat' dir='ltr'>In</span> <span class='ocrx_word' id='word_1_410' title='bbox 756 3641 811 3703; x_wconf 90' lang='lat' dir='ltr'>die</span> <span class='ocrx_word' id='word_1_411' title='bbox 823 3641 881 3702; x_wconf 88' lang='lat' dir='ltr'>iila</span> <span class='ocrx_word' id='word_1_412' title='bbox 893 3640 1023 3703; x_wconf 88' lang='lat' dir='ltr'>occidet</span> <span class='ocrx_word' id='word_1_413' title='bbox 1114 3639 1272 3716; x_wconf 82' lang='lat' dir='ltr'>Sequitur</span> <span class='ocrx_word' id='word_1_414' title='bbox 1292 3662 1301 3700; x_wconf 76' lang='grc' dir='ltr'>ε</span> <span class='ocrx_word' id='word_1_415' title='bbox 1323 3644 1404 3715; x_wconf 80' lang='lat' dir='ltr'>ipsa</span> <span class='ocrx_word' id='word_1_416' title='bbox 1419 3656 1475 3704; x_wconf 86' lang='lat' dir='ltr'>me</span> <span class='ocrx_word' id='word_1_417' title='bbox 1495 3641 1727 3713; x_wconf 63' lang='lat' dir='ltr'>deduxerunt,</span> <span class='ocrx_word' id='word_1_418' title='bbox 1750 3639 1780 3702; x_wconf 88' lang='lat' dir='ltr'>et</span> <span class='ocrx_word' id='word_1_419' title='bbox 1795 3637 1844 3698; x_wconf 85' lang='lat' dir='ltr'>od·</span> 
     </span>
     <span class='ocr_line' id='line_1_36' title="bbox 227 3734 1842 3817; baseline -0.006 -17"><span class='ocrx_word' id='word_1_420' title='bbox 227 3740 276 3801; x_wconf 93' lang='lat' dir='ltr'>sol</span> <span class='ocrx_word' id='word_1_421' title='bbox 289 3741 324 3800; x_wconf 93' lang='lat' dir='ltr'>in</span> <span class='ocrx_word' id='word_1_422' title='bbox 337 3740 486 3812; x_wconf 89' lang='lat' dir='ltr'>meridie,</span> <span class='ocrx_word' id='word_1_423' title='bbox 503 3742 535 3802; x_wconf 88' lang='lat' dir='ltr'>et</span> <span class='ocrx_word' id='word_1_424' title='bbox 550 3739 759 3802; x_wconf 85' lang='lat' dir='ltr'>tenebrosam</span> <span class='ocrx_word' id='word_1_425' title='bbox 772 3754 847 3800; x_wconf 90' lang='grc' dir='ltr'>θεεθ</span> <span class='ocrx_word' id='word_1_426' title='bbox 862 3738 962 3801; x_wconf 86' lang='lat' dir='ltr'>iaciat</span> <span class='ocrx_word' id='word_1_427' title='bbox 972 3736 1020 3817; x_wconf 89' lang='lat'>(1)</span> <span class='ocrx_word' id='word_1_428' title='bbox 1074 3738 1253 3798; x_wconf 73' lang='lat' dir='ltr'>quaerunt</span> <span class='ocrx_word' id='word_1_429' title='bbox 1266 3740 1303 3799; x_wconf 81' lang='lat' dir='ltr'>tn</span> <span class='ocrx_word' id='word_1_430' title='bbox 1317 3738 1645 3801; x_wconf 67' lang='lat' dir='ltr'>montemacutum</span> <span class='ocrx_word' id='word_1_431' title='bbox 1664 3734 1842 3809; x_wconf 67' lang='lat' dir='ltr'>irrumator</span> 
     </span>
    </p>
   </div>
   <div class='ocr_carea' id='block_1_9' title="bbox 226 3811 1917 3908">
    <p class='ocr_par' dir='ltr' id='par_1_9' title="bbox 226 3811 1917 3908">
     <span class='ocr_line' id='line_1_37' title="bbox 226 3811 1917 3908; baseline -0.007 -9"><span class='ocrx_word' id='word_1_432' title='bbox 226 3839 353 3899; x_wconf 88' lang='lat' dir='ltr'>terram</span> <span class='ocrx_word' id='word_1_433' title='bbox 378 3837 413 3898; x_wconf 92' lang='lat' dir='ltr'>in</span> <span class='ocrx_word' id='word_1_434' title='bbox 440 3837 494 3899; x_wconf 88' lang='lat' dir='ltr'>die</span> <span class='ocrx_word' id='word_1_435' title='bbox 522 3837 712 3897; x_wconf 78' lang='lat' dir='ltr'>luminis.»</span> <span class='ocrx_word' id='word_1_436' title='bbox 742 3839 808 3897; x_wconf 85' lang='lat' dir='ltr'>Per</span> <span class='ocrx_word' id='word_1_437' title='bbox 835 3835 1019 3908; x_wconf 87' lang='lat' dir='ltr'>meridiem,</span> <span class='ocrx_word' id='word_1_438' title='bbox 1074 3833 1294 3896; x_wconf 74' lang='lat' dir='ltr'>tabernaculo</span> <span class='ocrx_word' id='word_1_439' title='bbox 1310 3835 1380 3896; x_wconf 81' lang='lat' dir='ltr'>tua.</span> <span class='ocrx_word' id='word_1_440' title='bbox 1396 3833 1650 3898; x_wconf 83' lang='lat' dir='ltr'>Debocmonte</span> <span class='ocrx_word' id='word_1_441' title='bbox 1666 3826 1843 3896; x_wconf 82' lang='grc'><strong>1111111111-</strong></span> <span class='ocrx_word' id='word_1_442' title='bbox 1916 3811 1917 3880; x_wconf 67' lang='lat' dir='ltr'>i</span> 
     </span>
    </p>
   </div>
   <div class='ocr_carea' id='block_1_10' title="bbox 226 3925 1843 4109">
    <p class='ocr_par' dir='ltr' id='par_1_10' title="bbox 226 3925 1843 4109">
     <span class='ocr_line' id='line_1_38' title="bbox 227 3925 1842 4009; baseline -0.006 -13"><span class='ocrx_word' id='word_1_443' title='bbox 227 3937 261 3996; x_wconf 87' lang='lat' dir='ltr'>et</span> <span class='ocrx_word' id='word_1_444' title='bbox 289 3932 376 3994; x_wconf 90' lang='lat' dir='ltr'>diem</span> <span class='ocrx_word' id='word_1_445' title='bbox 405 3933 541 3994; x_wconf 90' lang='lat' dir='ltr'>luminis</span> <span class='ocrx_word' id='word_1_446' title='bbox 567 3933 777 4009; x_wconf 78' lang='lat' dir='ltr'>significatur</span> <span class='ocrx_word' id='word_1_447' title='bbox 810 3932 1020 3994; x_wconf 86' lang='lat' dir='ltr'>conversatio</span> <span class='ocrx_word' id='word_1_448' title='bbox 1074 3933 1177 3992; x_wconf 87' lang='lat' dir='ltr'>cetur.</span> <span class='ocrx_word' id='word_1_449' title='bbox 1199 3934 1245 3992; x_wconf 85' lang='lat' dir='ltr'>De</span> <span class='ocrx_word' id='word_1_450' title='bbox 1265 3925 1318 3992; x_wconf 85' lang='lat' dir='ltr'>his</span> <span class='ocrx_word' id='word_1_451' title='bbox 1337 3930 1563 3993; x_wconf 85' lang='lat' dir='ltr'>tabernaculis</span> <span class='ocrx_word' id='word_1_452' title='bbox 1582 3932 1726 3995; x_wconf 87' lang='lat' dir='ltr'>habetur</span> <span class='ocrx_word' id='word_1_453' title='bbox 1744 3931 1776 3992; x_wconf 94' lang='grc'>111</span> <span class='ocrx_word' id='word_1_454' title='bbox 1791 3926 1842 3987; x_wconf 77' lang='lat' dir='ltr'>dno</span> 
     </span>
     <span class='ocr_line' id='line_1_39' title="bbox 226 4020 1843 4109; baseline -0.005 -17"><span class='ocrx_word' id='word_1_455' title='bbox 226 4030 429 4103; x_wconf 89' lang='lat' dir='ltr'>sanctorum,</span> <span class='ocrx_word' id='word_1_456' title='bbox 444 4029 485 4091; x_wconf 88' lang='lat' dir='ltr'>ad</span> <span class='ocrx_word' id='word_1_457' title='bbox 501 4045 641 4108; x_wconf 89' lang='lat' dir='ltr'>quornm</span> <span class='ocrx_word' id='word_1_458' title='bbox 656 4030 737 4091; x_wconf 69' lang='lat' dir='ltr'>ritas</span> <span class='ocrx_word' id='word_1_459' title='bbox 756 4030 943 4106; x_wconf 86' lang='lat' dir='ltr'>respectum</span> <span class='ocrx_word' id='word_1_460' title='bbox 957 4044 1019 4090; x_wconf 91' lang='lat' dir='ltr'>oc·</span> <span class='ocrx_word' id='word_1_461' title='bbox 1076 4027 1245 4090; x_wconf 85' lang='lat' dir='ltr'>Zachariae</span> <span class='ocrx_word' id='word_1_462' title='bbox 1261 4026 1325 4107; x_wconf 85' lang='grc'><strong>(14,</strong></span> <span class='ocrx_word' id='word_1_463' title='bbox 1346 4028 1409 4109; x_wconf 83' lang='grc'><strong>18),</strong></span> <span class='ocrx_word' id='word_1_464' title='bbox 1431 4028 1488 4090; x_wconf 88' lang='lat' dir='ltr'>ubi</span> <span class='ocrx_word' id='word_1_465' title='bbox 1503 4028 1585 4091; x_wconf 92' lang='lat' dir='ltr'>dicit</span> <span class='ocrx_word' id='word_1_466' title='bbox 1603 4029 1691 4107; x_wconf 89' lang='lat' dir='ltr'>quod</span> <span class='ocrx_word' id='word_1_467' title='bbox 1705 4020 1843 4106; x_wconf 82' lang='lat' dir='ltr'>percutiet</span> 
     </span>
    </p>
   </div>
   <div class='ocr_carea' id='block_1_11' title="bbox 225 4120 1916 4205">
    <p class='ocr_par' dir='ltr' id='par_1_11' title="bbox 225 4120 1916 4205">
     <span class='ocr_line' id='line_1_40' title="bbox 225 4120 1916 4205; baseline -0.008 -14"><span class='ocrx_word' id='word_1_468' title='bbox 225 4127 314 4191; x_wconf 90' lang='lat' dir='ltr'>cidet</span> <span class='ocrx_word' id='word_1_469' title='bbox 327 4129 390 4202; x_wconf 88' lang='lat' dir='ltr'>sol,</span> <span class='ocrx_word' id='word_1_470' title='bbox 413 4127 498 4190; x_wconf 87' lang='lat' dir='ltr'>idest</span> <span class='ocrx_word' id='word_1_471' title='bbox 521 4125 705 4205; x_wconf 83' lang='lat' dir='ltr'>hypocrita,</span> <span class='ocrx_word' id='word_1_472' title='bbox 726 4125 783 4203; x_wconf 90' lang='lat' dir='ltr'>qui</span> <span class='ocrx_word' id='word_1_473' title='bbox 801 4124 934 4187; x_wconf 80' lang='lat' dir='ltr'>videtur</span> <span class='ocrx_word' id='word_1_474' title='bbox 955 4125 1017 4198; x_wconf 87' lang='lat' dir='ltr'>sol,</span> <span class='ocrx_word' id='word_1_475' title='bbox 1074 4126 1232 4186; x_wconf 85' lang='lat' dir='ltr'>Dominus</span> <span class='ocrx_word' id='word_1_476' title='bbox 1247 4140 1361 4187; x_wconf 91' lang='lat' dir='ltr'>omnes</span> <span class='ocrx_word' id='word_1_477' title='bbox 1383 4129 1510 4202; x_wconf 88' lang='lat' dir='ltr'>gentes,</span> <span class='ocrx_word' id='word_1_478' title='bbox 1527 4142 1602 4204; x_wconf 88' lang='lat' dir='ltr'>quae</span> <span class='ocrx_word' id='word_1_479' title='bbox 1621 4142 1690 4188; x_wconf 91' lang='lat' dir='ltr'>non</span> <span class='ocrx_word' id='word_1_480' title='bbox 1708 4120 1843 4187; x_wconf 84' lang='lat' dir='ltr'>ascende·</span> <span class='ocrx_word' id='word_1_481' title='bbox 1915 4169 1916 4202; x_wconf 14' lang='grc' dir='ltr'>ζ</span> 
     </span>
    </p>
   </div>
   <div class='ocr_carea' id='block_1_12' title="bbox 224 4219 1842 4398">
    <p class='ocr_par' dir='ltr' id='par_1_12' title="bbox 224 4219 1842 4398">
     <span class='ocr_line' id='line_1_41' title="bbox 225 4219 1841 4300; baseline -0.006 -11"><span class='ocrx_word' id='word_1_482' title='bbox 225 4229 257 4289; x_wconf 88' lang='grc' dir='ltr'>θ1</span> <span class='ocrx_word' id='word_1_483' title='bbox 276 4241 395 4289; x_wconf 81' lang='lat' dir='ltr'>revera</span> <span class='ocrx_word' id='word_1_484' title='bbox 418 4240 485 4287; x_wconf 88' lang='lat' dir='ltr'>uon</span> <span class='ocrx_word' id='word_1_485' title='bbox 507 4231 557 4287; x_wconf 87' lang='lat' dir='ltr'>est</span> <span class='ocrx_word' id='word_1_486' title='bbox 580 4224 614 4285; x_wconf 95' lang='grc'>111</span> <span class='ocrx_word' id='word_1_487' title='bbox 636 4226 826 4285; x_wconf 84' lang='lat' dir='ltr'>sanctorum</span> <span class='ocrx_word' id='word_1_488' title='bbox 841 4222 918 4285; x_wconf 78' lang='lat' dir='ltr'>vitra</span> <span class='ocrx_word' id='word_1_489' title='bbox 938 4237 1021 4285; x_wconf 88' lang='lat' dir='ltr'>con·</span> <span class='ocrx_word' id='word_1_490' title='bbox 1073 4224 1151 4284; x_wconf 90' lang='lat' dir='ltr'>runt</span> <span class='ocrx_word' id='word_1_491' title='bbox 1175 4219 1224 4300; x_wconf 83' lang='grc'>(1)</span> <span class='ocrx_word' id='word_1_492' title='bbox 1251 4221 1291 4283; x_wconf 92' lang='lat' dir='ltr'>ad</span> <span class='ocrx_word' id='word_1_493' title='bbox 1319 4221 1533 4286; x_wconf 84' lang='lat' dir='ltr'>testivitatem</span> <span class='ocrx_word' id='word_1_494' title='bbox 1561 4221 1841 4286; x_wconf 80' lang='lat' dir='ltr'>tabernaculorum</span> 
     </span>
     <span class='ocr_line' id='line_1_42' title="bbox 224 4314 1842 4398; baseline -0.007 -12"><span class='ocrx_word' id='word_1_495' title='bbox 224 4324 426 4386; x_wconf 76' lang='lat' dir='ltr'>versatione.</span> <span class='ocrx_word' id='word_1_496' title='bbox 448 4319 704 4384; x_wconf 90' lang='lat' dir='ltr'>Obnubilabitur</span> <span class='ocrx_word' id='word_1_497' title='bbox 717 4323 819 4393; x_wconf 85' lang='lat' dir='ltr'>terra,</span> <span class='ocrx_word' id='word_1_498' title='bbox 841 4320 925 4382; x_wconf 88' lang='lat' dir='ltr'>idest</span> <span class='ocrx_word' id='word_1_499' title='bbox 938 4335 1021 4381; x_wconf 90' lang='lat' dir='ltr'>con·</span> <span class='ocrx_word' id='word_1_500' title='bbox 1073 4321 1167 4380; x_wconf 87' lang='lat' dir='ltr'>Hanc</span> <span class='ocrx_word' id='word_1_501' title='bbox 1186 4317 1400 4382; x_wconf 80' lang='lat' dir='ltr'>testivitatem</span> <span class='ocrx_word' id='word_1_502' title='bbox 1421 4318 1569 4382; x_wconf 90' lang='lat' dir='ltr'>celebrat</span> <span class='ocrx_word' id='word_1_503' title='bbox 1590 4321 1648 4398; x_wconf 91' lang='lat' dir='ltr'>qui</span> <span class='ocrx_word' id='word_1_504' title='bbox 1669 4320 1705 4381; x_wconf 91' lang='lat' dir='ltr'>in</span> <span class='ocrx_word' id='word_1_505' title='bbox 1719 4314 1842 4396; x_wconf 77' lang='lat' dir='ltr'>proiecti</span> 
     </span>
    </p>
   </div>
   <div class='ocr_carea' id='block_1_13' title="bbox 224 4412 1915 4498">
    <p class='ocr_par' dir='ltr' id='par_1_13' title="bbox 224 4412 1915 4498">
     <span class='ocr_line' id='line_1_43' title="bbox 224 4412 1915 4498; baseline -0.005 -17"><span class='ocrx_word' id='word_1_506' title='bbox 224 4423 371 4483; x_wconf 74' lang='lat' dir='ltr'>versatio</span> <span class='ocrx_word' id='word_1_507' title='bbox 395 4423 607 4498; x_wconf 88' lang='lat' dir='ltr'>peccatorum</span> <span class='ocrx_word' id='word_1_508' title='bbox 633 4421 779 4481; x_wconf 88' lang='lat' dir='ltr'>terrena.</span> <span class='ocrx_word' id='word_1_509' title='bbox 807 4419 853 4478; x_wconf 85' lang='lat' dir='ltr'>be</span> <span class='ocrx_word' id='word_1_510' title='bbox 876 4417 1019 4478; x_wconf 83' lang='lat' dir='ltr'>veritate</span> <span class='ocrx_word' id='word_1_511' title='bbox 1072 4416 1235 4478; x_wconf 90' lang='lat' dir='ltr'>bonorum</span> <span class='ocrx_word' id='word_1_512' title='bbox 1261 4432 1410 4494; x_wconf 88' lang='lat' dir='ltr'>operum,</span> <span class='ocrx_word' id='word_1_513' title='bbox 1438 4418 1471 4480; x_wconf 89' lang='lat' dir='ltr'>at</span> <span class='ocrx_word' id='word_1_514' title='bbox 1495 4418 1530 4478; x_wconf 91' lang='lat' dir='ltr'>in</span> <span class='ocrx_word' id='word_1_515' title='bbox 1553 4417 1735 4479; x_wconf 88' lang='lat' dir='ltr'>certamine</span> <span class='ocrx_word' id='word_1_516' title='bbox 1752 4412 1843 4477; x_wconf 76' lang='grc'><strong>11111·</strong></span> <span class='ocrx_word' id='word_1_517' title='bbox 1914 4429 1915 4484; x_wconf 69' lang='lat'><em>3</em></span> 
     </span>
    </p>
   </div>
   <div class='ocr_carea' id='block_1_14' title="bbox 225 4510 1843 4690">
    <p class='ocr_par' dir='ltr' id='par_1_14' title="bbox 225 4510 1843 4690">
     <span class='ocr_line' id='line_1_44' title="bbox 225 4510 1842 4594; baseline -0.008 -17"><span class='ocrx_word' id='word_1_518' title='bbox 225 4517 386 4580; x_wconf 80' lang='lat' dir='ltr'>doctrinae</span> <span class='ocrx_word' id='word_1_519' title='bbox 405 4517 547 4578; x_wconf 88' lang='lat' dir='ltr'>habetur</span> <span class='ocrx_word' id='word_1_520' title='bbox 562 4516 731 4576; x_wconf 85' lang='lat' dir='ltr'>Zachariae</span> <span class='ocrx_word' id='word_1_521' title='bbox 747 4512 792 4594; x_wconf 83' lang='lat'>(5,</span> <span class='ocrx_word' id='word_1_522' title='bbox 808 4516 828 4575; x_wconf 84' lang='lat'>2</span> <span class='ocrx_word' id='word_1_523' title='bbox 842 4513 883 4575; x_wconf 87' lang='lat' dir='ltr'>ad</span> <span class='ocrx_word' id='word_1_524' title='bbox 898 4511 943 4592; x_wconf 82' lang='grc'>1),</span> <span class='ocrx_word' id='word_1_525' title='bbox 962 4513 1019 4590; x_wconf 91' lang='lat' dir='ltr'>qui</span> <span class='ocrx_word' id='word_1_526' title='bbox 1072 4513 1200 4574; x_wconf 89' lang='lat' dir='ltr'>tionum</span> <span class='ocrx_word' id='word_1_527' title='bbox 1212 4512 1341 4576; x_wconf 86' lang='lat' dir='ltr'>habitat</span> <span class='ocrx_word' id='word_1_528' title='bbox 1352 4515 1448 4591; x_wconf 84' lang='lat' dir='ltr'>quasi</span> <span class='ocrx_word' id='word_1_529' title='bbox 1461 4515 1674 4592; x_wconf 86' lang='lat' dir='ltr'>peregrinus,</span> <span class='ocrx_word' id='word_1_530' title='bbox 1688 4514 1721 4576; x_wconf 89' lang='lat' dir='ltr'>et</span> <span class='ocrx_word' id='word_1_531' title='bbox 1735 4510 1842 4574; x_wconf 87' lang='lat' dir='ltr'>advena</span> 
     </span>
     <span class='ocr_line' id='line_1_45' title="bbox 225 4601 1843 4690; baseline -0.009 -14"><span class='ocrx_word' id='word_1_532' title='bbox 225 4615 310 4676; x_wconf 76' lang='lat' dir='ltr'>vidit</span> <span class='ocrx_word' id='word_1_533' title='bbox 328 4615 483 4676; x_wconf 72' lang='lat' dir='ltr'>volumen</span> <span class='ocrx_word' id='word_1_534' title='bbox 508 4613 636 4683; x_wconf 86' lang='lat' dir='ltr'>volans,</span> <span class='ocrx_word' id='word_1_535' title='bbox 662 4615 758 4689; x_wconf 84' lang='lat' dir='ltr'>cujus</span> <span class='ocrx_word' id='word_1_536' title='bbox 781 4611 923 4672; x_wconf 88' lang='lat' dir='ltr'>latitudo</span> <span class='ocrx_word' id='word_1_537' title='bbox 947 4610 1020 4671; x_wconf 87' lang='lat' dir='ltr'>erat</span> <span class='ocrx_word' id='word_1_538' title='bbox 1072 4610 1107 4671; x_wconf 91' lang='lat' dir='ltr'>in</span> <span class='ocrx_word' id='word_1_539' title='bbox 1124 4610 1187 4672; x_wconf 91' lang='lat' dir='ltr'>hac</span> <span class='ocrx_word' id='word_1_540' title='bbox 1203 4611 1292 4673; x_wconf 80' lang='lat' dir='ltr'>valle</span> <span class='ocrx_word' id='word_1_541' title='bbox 1307 4611 1464 4672; x_wconf 85' lang='lat' dir='ltr'>miseriae.</span> <span class='ocrx_word' id='word_1_542' title='bbox 1481 4614 1527 4673; x_wconf 85' lang='lat' dir='ltr'>De</span> <span class='ocrx_word' id='word_1_543' title='bbox 1542 4612 1607 4674; x_wconf 90' lang='lat' dir='ltr'>isio</span> <span class='ocrx_word' id='word_1_544' title='bbox 1619 4610 1766 4690; x_wconf 87' lang='lat' dir='ltr'>proiectu</span> <span class='ocrx_word' id='word_1_545' title='bbox 1777 4601 1843 4666; x_wconf 88' lang='lat' dir='ltr'>dicit</span> 
     </span>
    </p>
   </div>
   <div class='ocr_carea' id='block_1_15' title="bbox 223 4705 1914 4882">
    <p class='ocr_par' dir='ltr' id='par_1_15' title="bbox 223 4705 1914 4882">
     <span class='ocr_line' id='line_1_46' title="bbox 225 4705 1914 4787; baseline -0.009 -14"><span class='ocrx_word' id='word_1_546' title='bbox 225 4712 339 4779; x_wconf 80' lang='lat' dir='ltr'>decem</span> <span class='ocrx_word' id='word_1_547' title='bbox 363 4710 560 4782; x_wconf 89' lang='lat' dir='ltr'>cubitorum,</span> <span class='ocrx_word' id='word_1_548' title='bbox 579 4708 750 4785; x_wconf 89' lang='lat' dir='ltr'>longitudo</span> <span class='ocrx_word' id='word_1_549' title='bbox 774 4721 855 4770; x_wconf 83' lang='lat' dir='ltr'>roro</span> <span class='ocrx_word' id='word_1_550' title='bbox 879 4706 1016 4783; x_wconf 80' lang='lat' dir='ltr'>viginti3</span> <span class='ocrx_word' id='word_1_551' title='bbox 1073 4706 1178 4768; x_wconf 89' lang='lat' dir='ltr'>isaias</span> <span class='ocrx_word' id='word_1_552' title='bbox 1199 4705 1265 4787; x_wconf 77' lang='lat'>(56,</span> <span class='ocrx_word' id='word_1_553' title='bbox 1284 4705 1404 4786; x_wconf 74' lang='grc'><strong>6117)</strong></span> <span class='ocrx_word' id='word_1_554' title='bbox 1428 4728 1437 4768; x_wconf 75' lang='lat' dir='ltr'><strong><em>z</em></strong></span> <span class='ocrx_word' id='word_1_555' title='bbox 1458 4709 1594 4770; x_wconf 90' lang='lat' dir='ltr'>Omnem</span> <span class='ocrx_word' id='word_1_556' title='bbox 1623 4705 1841 4770; x_wconf 86' lang='lat' dir='ltr'>custodientem</span> <span class='ocrx_word' id='word_1_557' title='bbox 1912 4749 1914 4784; x_wconf 70' lang='lat' dir='ltr'>z</span> 
     </span>
     <span class='ocr_line' id='line_1_47' title="bbox 223 4799 1914 4882; baseline -0.009 -8"><span class='ocrx_word' id='word_1_558' title='bbox 223 4813 258 4874; x_wconf 89' lang='lat' dir='ltr'>et</span> <span class='ocrx_word' id='word_1_559' title='bbox 272 4810 383 4876; x_wconf 81' lang='lat' dir='ltr'>subdit</span> <span class='ocrx_word' id='word_1_560' title='bbox 401 4830 408 4870; x_wconf 79' lang='lat' dir='ltr'>z</span> <span class='ocrx_word' id='word_1_561' title='bbox 429 4809 539 4872; x_wconf 79' lang='lat' dir='ltr'>‹Haec</span> <span class='ocrx_word' id='word_1_562' title='bbox 559 4807 610 4867; x_wconf 87' lang='lat' dir='ltr'>est</span> <span class='ocrx_word' id='word_1_563' title='bbox 630 4804 819 4867; x_wconf 88' lang='lat' dir='ltr'>maledictio</span> <span class='ocrx_word' id='word_1_564' title='bbox 843 4803 1019 4879; x_wconf 88' lang='lat' dir='ltr'>egrediens</span> <span class='ocrx_word' id='word_1_565' title='bbox 1072 4802 1255 4875; x_wconf 87' lang='lat' dir='ltr'>sabbatum,</span> <span class='ocrx_word' id='word_1_566' title='bbox 1268 4804 1354 4882; x_wconf 92' lang='lat' dir='ltr'>quod</span> <span class='ocrx_word' id='word_1_567' title='bbox 1369 4805 1421 4865; x_wconf 90' lang='lat' dir='ltr'>est</span> <span class='ocrx_word' id='word_1_568' title='bbox 1434 4805 1470 4866; x_wconf 93' lang='lat' dir='ltr'>in</span> <span class='ocrx_word' id='word_1_569' title='bbox 1483 4806 1671 4866; x_wconf 87' lang='lat' dir='ltr'>cessatione</span> <span class='ocrx_word' id='word_1_570' title='bbox 1683 4821 1703 4866; x_wconf 91' lang='lat' dir='ltr'>a</span> <span class='ocrx_word' id='word_1_571' title='bbox 1715 4799 1840 4880; x_wconf 82' lang='lat' dir='ltr'>peccato,</span> <span class='ocrx_word' id='word_1_572' title='bbox 1913 4799 1914 4830; x_wconf 69' lang='lat'>³</span> 
     </span>
    </p>
   </div>
   <div class='ocr_carea' id='block_1_16' title="bbox 224 4900 1841 5080">
    <p class='ocr_par' dir='ltr' id='par_1_16' title="bbox 224 4900 1841 5080">
     <span class='ocr_line' id='line_1_48' title="bbox 224 4900 1840 4987; baseline -0.011 -17"><span class='ocrx_word' id='word_1_573' title='bbox 224 4923 326 4987; x_wconf 82' lang='lat' dir='ltr'>super</span> <span class='ocrx_word' id='word_1_574' title='bbox 346 4907 465 4972; x_wconf 76' lang='lat' dir='ltr'>faciem</span> <span class='ocrx_word' id='word_1_575' title='bbox 483 4905 649 4968; x_wconf 81' lang='lat' dir='ltr'>universae</span> <span class='ocrx_word' id='word_1_576' title='bbox 674 4905 789 4976; x_wconf 81' lang='lat' dir='ltr'>terrae3</span> <span class='ocrx_word' id='word_1_577' title='bbox 811 4903 889 4979; x_wconf 91' lang='lat' dir='ltr'>quia</span> <span class='ocrx_word' id='word_1_578' title='bbox 910 4901 1018 4963; x_wconf 86' lang='lat' dir='ltr'>omnis</span> <span class='ocrx_word' id='word_1_579' title='bbox 1071 4916 1113 4961; x_wconf 91' lang='lat' dir='ltr'>ne</span> <span class='ocrx_word' id='word_1_580' title='bbox 1127 4900 1255 4978; x_wconf 90' lang='lat' dir='ltr'>polluat</span> <span class='ocrx_word' id='word_1_581' title='bbox 1269 4900 1363 4973; x_wconf 88' lang='lat' dir='ltr'>iilud,</span> <span class='ocrx_word' id='word_1_582' title='bbox 1383 4903 1416 4962; x_wconf 85' lang='lat' dir='ltr'>et</span> <span class='ocrx_word' id='word_1_583' title='bbox 1430 4902 1598 4963; x_wconf 90' lang='lat' dir='ltr'>tenentem</span> <span class='ocrx_word' id='word_1_584' title='bbox 1614 4901 1720 4963; x_wconf 85' lang='lat' dir='ltr'>loedus</span> <span class='ocrx_word' id='word_1_585' title='bbox 1739 4909 1840 4963; x_wconf 89' lang='lat' dir='ltr'>meum,</span> 
     </span>
     <span class='ocr_line' id='line_1_49' title="bbox 225 4994 1841 5080; baseline -0.01 -13"><span class='ocrx_word' id='word_1_586' title='bbox 225 5006 289 5078; x_wconf 87' lang='lat' dir='ltr'>inr,</span> <span class='ocrx_word' id='word_1_587' title='bbox 304 5004 599 5080; x_wconf 80' lang='lat' dir='ltr'>etomnisjurans,</span> <span class='ocrx_word' id='word_1_588' title='bbox 613 4999 701 5063; x_wconf 88' lang='lat' dir='ltr'>sicut</span> <span class='ocrx_word' id='word_1_589' title='bbox 715 4999 948 5076; x_wconf 87' lang='lat' dir='ltr'>scriptumest,</span> <span class='ocrx_word' id='word_1_590' title='bbox 961 5000 1019 5075; x_wconf 76' lang='grc'><strong>111-</strong></span> <span class='ocrx_word' id='word_1_591' title='bbox 1071 4998 1232 5059; x_wconf 89' lang='lat' dir='ltr'>adducam</span> <span class='ocrx_word' id='word_1_592' title='bbox 1248 4997 1287 5058; x_wconf 90' lang='lat' dir='ltr'>ad</span> <span class='ocrx_word' id='word_1_593' title='bbox 1304 4999 1460 5071; x_wconf 90' lang='lat' dir='ltr'>montem,</span> <span class='ocrx_word' id='word_1_594' title='bbox 1476 4998 1562 5060; x_wconf 87' lang='lat' dir='ltr'>idest</span> <span class='ocrx_word' id='word_1_595' title='bbox 1575 4999 1617 5060; x_wconf 89' lang='lat' dir='ltr'>ad</span> <span class='ocrx_word' id='word_1_596' title='bbox 1631 4994 1841 5059; x_wconf 86' lang='lat' dir='ltr'>celsitudinem</span> 
     </span>
    </p>
   </div>
   <div class='ocr_carea' id='block_1_17' title="bbox 224 5085 1913 5171">
    <p class='ocr_par' dir='ltr' id='par_1_17' title="bbox 224 5085 1913 5171">
     <span class='ocr_line' id='line_1_50' title="bbox 224 5085 1913 5171; baseline -0.01 -7"><span class='ocrx_word' id='word_1_597' title='bbox 224 5103 400 5165; x_wconf 86' lang='lat' dir='ltr'>dicabitur.</span> <span class='ocrx_word' id='word_1_598' title='bbox 426 5100 570 5162; x_wconf 83' lang='lat' dir='ltr'>Educam</span> <span class='ocrx_word' id='word_1_599' title='bbox 592 5098 687 5171; x_wconf 87' lang='lat' dir='ltr'>illud,</span> <span class='ocrx_word' id='word_1_600' title='bbox 709 5098 743 5160; x_wconf 88' lang='lat' dir='ltr'>et</span> <span class='ocrx_word' id='word_1_601' title='bbox 763 5096 875 5158; x_wconf 82' lang='lat' dir='ltr'>reniet</span> <span class='ocrx_word' id='word_1_602' title='bbox 893 5095 933 5156; x_wconf 91' lang='lat' dir='ltr'>ad</span> <span class='ocrx_word' id='word_1_603' title='bbox 954 5095 1018 5156; x_wconf 89' lang='lat' dir='ltr'>do·</span> <span class='ocrx_word' id='word_1_604' title='bbox 1071 5097 1204 5157; x_wconf 83' lang='lat' dir='ltr'>aeternae</span> <span class='ocrx_word' id='word_1_605' title='bbox 1228 5093 1407 5168; x_wconf 80' lang='lat' dir='ltr'>felicitatis,</span> <span class='ocrx_word' id='word_1_606' title='bbox 1430 5097 1466 5156; x_wconf 92' lang='lat' dir='ltr'>in</span> <span class='ocrx_word' id='word_1_607' title='bbox 1490 5095 1587 5157; x_wconf 92' lang='lat' dir='ltr'>domo</span> <span class='ocrx_word' id='word_1_608' title='bbox 1608 5110 1683 5156; x_wconf 87' lang='lat' dir='ltr'>mea</span> <span class='ocrx_word' id='word_1_609' title='bbox 1704 5092 1783 5154; x_wconf 86' lang='lat' dir='ltr'>dabo</span> <span class='ocrx_word' id='word_1_610' title='bbox 1801 5085 1841 5148; x_wconf 91' lang='lat' dir='ltr'>illi</span> <span class='ocrx_word' id='word_1_611' title='bbox 1912 5161 1913 5164; x_wconf 8' lang='grc' dir='ltr'><strong>Ἴ</strong></span> 
     </span>
    </p>
   </div>
   <div class='ocr_carea' id='block_1_18' title="bbox 224 5186 1841 5474">
    <p class='ocr_par' dir='ltr' id='par_1_18' title="bbox 224 5186 1841 5474">
     <span class='ocr_line' id='line_1_51' title="bbox 224 5186 1841 5273; baseline -0.012 -12"><span class='ocrx_word' id='word_1_612' title='bbox 224 5217 313 5261; x_wconf 91' lang='lat' dir='ltr'>mum</span> <span class='ocrx_word' id='word_1_613' title='bbox 329 5199 425 5269; x_wconf 88' lang='lat' dir='ltr'>iuris,</span> <span class='ocrx_word' id='word_1_614' title='bbox 441 5200 474 5259; x_wconf 91' lang='lat' dir='ltr'>et</span> <span class='ocrx_word' id='word_1_615' title='bbox 485 5195 631 5273; x_wconf 82' lang='lat' dir='ltr'>jurantis</span> <span class='ocrx_word' id='word_1_616' title='bbox 643 5195 678 5258; x_wconf 91' lang='lat' dir='ltr'>in</span> <span class='ocrx_word' id='word_1_617' title='bbox 692 5194 827 5256; x_wconf 90' lang='lat' dir='ltr'>nomine</span> <span class='ocrx_word' id='word_1_618' title='bbox 843 5207 916 5255; x_wconf 91' lang='lat' dir='ltr'>meo</span> <span class='ocrx_word' id='word_1_619' title='bbox 929 5206 1019 5253; x_wconf 90' lang='lat' dir='ltr'>men·</span> <span class='ocrx_word' id='word_1_620' title='bbox 1071 5191 1179 5253; x_wconf 91' lang='lat' dir='ltr'>locum</span> <span class='ocrx_word' id='word_1_621' title='bbox 1190 5191 1438 5270; x_wconf 85' lang='lat' dir='ltr'>sempiternum,</span> <span class='ocrx_word' id='word_1_622' title='bbox 1450 5195 1516 5255; x_wconf 89' lang='lat' dir='ltr'>uta</span> <span class='ocrx_word' id='word_1_623' title='bbox 1528 5195 1619 5265; x_wconf 82' lang='lat' dir='ltr'>iesu,</span> <span class='ocrx_word' id='word_1_624' title='bbox 1635 5192 1694 5269; x_wconf 92' lang='lat' dir='ltr'>qui</span> <span class='ocrx_word' id='word_1_625' title='bbox 1709 5186 1841 5251; x_wconf 83' lang='lat' dir='ltr'>Salvator</span> 
     </span>
     <span class='ocr_line' id='line_1_52' title="bbox 225 5279 1841 5367; baseline -0.006 -11"><span class='ocrx_word' id='word_1_626' title='bbox 225 5297 363 5367; x_wconf 86' lang='lat' dir='ltr'>daeiter,</span> <span class='ocrx_word' id='word_1_627' title='bbox 386 5299 419 5357; x_wconf 88' lang='lat' dir='ltr'>et</span> <span class='ocrx_word' id='word_1_628' title='bbox 439 5295 612 5356; x_wconf 89' lang='lat' dir='ltr'>consumet</span> <span class='ocrx_word' id='word_1_629' title='bbox 633 5308 719 5363; x_wconf 85' lang='lat' dir='ltr'>eum,</span> <span class='ocrx_word' id='word_1_630' title='bbox 736 5294 770 5354; x_wconf 91' lang='lat' dir='ltr'>et</span> <span class='ocrx_word' id='word_1_631' title='bbox 787 5291 892 5367; x_wconf 85' lang='lat' dir='ltr'>ligna,</span> <span class='ocrx_word' id='word_1_632' title='bbox 915 5292 949 5352; x_wconf 91' lang='lat' dir='ltr'>et</span> <span class='ocrx_word' id='word_1_633' title='bbox 966 5289 1019 5351; x_wconf 88' lang='lat' dir='ltr'>la·</span> <span class='ocrx_word' id='word_1_634' title='bbox 1071 5289 1319 5366; x_wconf 84' lang='lat' dir='ltr'>interpretatur,</span> <span class='ocrx_word' id='word_1_635' title='bbox 1343 5289 1469 5351; x_wconf 81' lang='lat' dir='ltr'>salvari</span> <span class='ocrx_word' id='word_1_636' title='bbox 1490 5287 1621 5351; x_wconf 86' lang='lat' dir='ltr'>dicatur</span> <span class='ocrx_word' id='word_1_637' title='bbox 1634 5291 1669 5351; x_wconf 90' lang='lat' dir='ltr'>et</span> <span class='ocrx_word' id='word_1_638' title='bbox 1683 5287 1748 5358; x_wconf 88' lang='lat' dir='ltr'>hio,</span> <span class='ocrx_word' id='word_1_639' title='bbox 1768 5285 1798 5345; x_wconf 88' lang='lat' dir='ltr'>ct</span> <span class='ocrx_word' id='word_1_640' title='bbox 1813 5279 1841 5338; x_wconf 76' lang='lat' dir='ltr'>iu</span> 
     </span>
     <span class='ocr_line' id='line_1_53' title="bbox 226 5386 1319 5474; baseline -0.007 -20"><span class='ocrx_word' id='word_1_641' title='bbox 226 5394 331 5474; x_wconf 89' lang='lat' dir='ltr'>pides.</span> <span class='ocrx_word' id='word_1_642' title='bbox 348 5391 542 5453; x_wconf 76' lang='lat' dir='ltr'>»volumen</span> <span class='ocrx_word' id='word_1_643' title='bbox 563 5389 649 5450; x_wconf 90' lang='lat' dir='ltr'>istud</span> <span class='ocrx_word' id='word_1_644' title='bbox 664 5391 715 5472; x_wconf 69' lang='lat' dir='ltr'>opt</span> <span class='ocrx_word' id='word_1_645' title='bbox 735 5387 887 5450; x_wconf 89' lang='lat' dir='ltr'>doctriua</span> <span class='ocrx_word' id='word_1_646' title='bbox 906 5401 1015 5458; x_wconf 87' lang='lat' dir='ltr'>sacra,</span> <span class='ocrx_word' id='word_1_647' title='bbox 1071 5386 1319 5463; x_wconf 89' lang='lat' dir='ltr'>sempiternum.</span> 
     </span>
    </p>
   </div>
   <div class='ocr_carea' id='block_1_19' title="bbox 260 5512 1480 5663">
    <p class='ocr_par' dir='ltr' id='par_1_19' title="bbox 260 5512 1480 5663">
     <span class='ocr_line' id='line_1_54' title="bbox 260 5512 1438 5599; baseline -0.005 -21"><span class='ocrx_word' id='word_1_648' title='bbox 260 5524 304 5590; x_wconf 80' lang='grc'>11)</span> <span class='ocrx_word' id='word_1_649' title='bbox 324 5522 409 5593; x_wconf 77' lang='lat' dir='ltr'>vulg.</span> <span class='ocrx_word' id='word_1_650' title='bbox 425 5538 431 5579; x_wconf 92' lang='lat'>:</span> <span class='ocrx_word' id='word_1_651' title='bbox 448 5528 476 5577; x_wconf 85' lang='lat' dir='ltr'>et</span> <span class='ocrx_word' id='word_1_652' title='bbox 491 5520 689 5580; x_wconf 83' lang='lat' dir='ltr'>tenebrescere</span> <span class='ocrx_word' id='word_1_653' title='bbox 701 5517 815 5582; x_wconf 76' lang='lat' dir='ltr'>fartam.</span> <span class='ocrx_word' id='word_1_654' title='bbox 1106 5512 1150 5586; x_wconf 77' lang='grc'>(1)</span> <span class='ocrx_word' id='word_1_655' title='bbox 1168 5515 1252 5590; x_wconf 86' lang='lat' dir='ltr'>Vulg.</span> <span class='ocrx_word' id='word_1_656' title='bbox 1266 5531 1274 5573; x_wconf 76' lang='grc' dir='ltr'><em>τ</em></span> <span class='ocrx_word' id='word_1_657' title='bbox 1290 5515 1394 5588; x_wconf 80' lang='lat' dir='ltr'>platea.</span> <span class='ocrx_word' id='word_1_658' title='bbox 1431 5584 1438 5599; x_wconf 29' lang='grc' dir='ltr'>ι</span> 
     </span>
     <span class='ocr_line' id='line_1_55' title="bbox 260 5585 1480 5663; baseline -0.005 -16"><span class='ocrx_word' id='word_1_659' title='bbox 260 5592 304 5660; x_wconf 75' lang='grc'>11)</span> <span class='ocrx_word' id='word_1_660' title='bbox 325 5593 408 5663; x_wconf 78' lang='lat' dir='ltr'>l&#39;uig.</span> <span class='ocrx_word' id='word_1_661' title='bbox 423 5609 429 5648; x_wconf 93' lang='lat'>:</span> <span class='ocrx_word' id='word_1_662' title='bbox 446 5591 521 5662; x_wconf 83' lang='lat' dir='ltr'>quia.</span> <span class='ocrx_word' id='word_1_663' title='bbox 1107 5585 1147 5659; x_wconf 77' lang='grc'>11)</span> <span class='ocrx_word' id='word_1_664' title='bbox 1168 5587 1275 5659; x_wconf 76' lang='lat' dir='ltr'>vulg:</span> <span class='ocrx_word' id='word_1_665' title='bbox 1292 5585 1480 5644; x_wconf 79' lang='lat' dir='ltr'>ascenderint.</span> 
     </span>
    </p>
   </div>
   <div class='ocr_carea' id='block_1_20' title="bbox 0 0 1980 6199">
    <p class='ocr_par' dir='ltr' id='par_1_20' title="bbox 0 0 1980 6199">
     <span class='ocr_line' id='line_1_56' title="bbox 0 0 1980 6199; baseline 0 0"><span class='ocrx_word' id='word_1_666' title='bbox 0 0 1980 6199; x_wconf 95' lang='lat' dir='ltr'> </span> 
     </span>
    </p>
   </div>
  </div>
 </body>
</html>
