3950 6200
279 297 320 359 95
717 295 771 356 nh
793 293 931 357 ordita
947 296 987 354 'S.
1011 291 1230 358 FRaNcisci
1253 295 1479 406 ASSlSlthS
1860 303 1893 363 bc

279 451 1069 532 deniesibimedicoquodabstineretaiacrymis,
1126 455 1300 526 attentet
1328 456 1463 516 allatam
1491 455 1586 530 signo
1609 455 1717 516 crucis
1731 453 1891 523 benedixit

280 555 320 626 si,
333 553 485 631 corporei
494 552 586 612 visus
597 551 782 612 coecitatem
794 550 1071 626 velietelsugere;
1126 554 1205 613 biox
1225 552 1339 613 viuum
1355 551 1499 613 efficitur
1519 552 1689 628 optimum,
1704 555 1787 631 quod
1802 556 1893 620 iuerat

279 652 332 712 vir
356 651 488 711 sanctus
508 648 678 724 respondit
694 670 701 707 :
718 649 792 709 Nou
805 651 865 719 esi,
883 637 987 710 irater
1002 664 1073 709 me·
1126 663 1212 726 aqua
1228 665 1321 725 pura,
1343 651 1377 711 et
1403 649 1489 726 quod
1509 649 1631 710 deserti
1653 651 1718 710 ioci
1736 657 1893 729 paupertas

279 748 363 818 dice,
390 746 430 808 ob
454 761 601 807 amorem
624 745 772 817 luminis,
801 746 886 822 quod
912 744 1072 806 habemus
1126 761 1192 805 non
1202 745 1392 821 potuit‚viri
1402 746 1509 807 sancti
1521 748 1648 822 puritas
1659 747 1893 823 impetravitid

280 859 535 906 communecum
547 843 833 915 muscis,visitatio
843 843 927 903 lucis
939 844 1071 905 aeternae
1126 846 1220 919 cujus
1233 844 1366 917 gustum
1380 845 1472 904 tanta
1488 844 1640 920 protinus
1654 843 1808 906 facilitate
1827 863 1893 908 con·

278 942 468 1019 repellenda
483 941 536 1002 vei
552 940 737 1002 modicum:
755 940 837 1011 Quia
854 956 920 1001 non
934 941 1072 1017 spiritus
1126 940 1242 1011 valuit,
1259 941 1295 1001 ut
1310 941 1440 1017 saporis
1451 941 1594 1011 uoviias,
1607 942 1640 1003 et
1650 942 1893 1005 innovatiosani·

278 1041 414 1118 propter
433 1053 579 1110 carnem,
605 1037 662 1098 sed
683 1052 760 1098 caro
773 1039 908 1114 propter
918 1038 1071 1113 spiritum
1124 1037 1214 1104 tatis,
1232 1035 1397 1113 gustabile
1409 1052 1449 1098 ac
1465 1040 1652 1113 gustantem
1670 1043 1892 1115 supernatura·

277 1136 474 1198 beneficium
490 1134 575 1196 lucis
588 1135 725 1211 accepit.
742 1132 887 1195 Maiebat
908 1134 1071 1211 siquidem
1125 1134 1203 1195 liter
1217 1134 1426 1205 innovantes,
1443 1134 1622 1210 perfectam
1648 1137 1770 1213 inipso
1791 1153 1893 1216 exspo-

278 1233 461 1311 corporaiis
477 1233 569 1294 visus
589 1232 701 1293 lumen
720 1232 884 1303 amittere,
901 1247 1000 1308 quam
1015 1232 1070 1292 ia·
1125 1231 1295 1292 ilationem
1319 1231 1442 1293 veteris
1466 1232 1621 1303 hominis,
1643 1236 1676 1294 et
1697 1234 1890 1296 induitionem

277 1347 419 1409 crymas,
437 1330 556 1407 quibus
581 1330 697 1390 oculus
720 1328 898 1389 mundatur
915 1329 1068 1401 interior,
1125 1329 1214 1399 novi,
1231 1329 1355 1405 duplici
1366 1329 1579 1390 attestatione
1592 1330 1772 1393 firmarent

277 1430 315 1490 ut
333 1431 438 1489 Deum
457 1427 571 1487 videre
583 1426 705 1498 valeat,
720 1439 873 1503 repressa
895 1424 1071 1487 devotione
1165 1428 1240 1487 Non
1259 1426 1366 1487 solum
1382 1428 1537 1488 creatura
1563 1441 1661 1488 servo
1679 1429 1738 1489 Dei
1750 1429 1891 1490 serviebat

279 1527 416 1603 spiritus
428 1524 602 1600 impedire.
1125 1523 1166 1583 ad
1182 1525 1308 1595 nutum,
1325 1523 1382 1583 sed
1393 1526 1426 1585 et
1436 1524 1733 1603 Creatorisubique
1743 1526 1891 1602 providen-

316 1626 395 1683 Cum
411 1622 521 1683 autem
532 1620 776 1682 semeldaretur
786 1621 963 1681 consilium
976 1636 1071 1682 arne·
1124 1619 1170 1680 tia
1187 1619 1474 1682 condescendebat
1487 1621 1528 1681 ad
1543 1621 1713 1697 placitum.
1727 1624 1803 1682 Cum
1820 1623 1891 1682 enim

277 1721 372 1792 dicis,
390 1723 423 1781 et
435 1720 596 1780 instanter
611 1718 836 1779 suaderetura
850 1717 1020 1790 iratribus,
1035 1720 1072 1782 ut
1123 1718 1272 1793 tempore
1284 1717 1426 1793 quodam
1437 1731 1480 1778 ex
1490 1719 1674 1784 muitarum
1687 1719 1889 1781 infirmitatum

277 1819 448 1896 pateretur
458 1815 521 1878 sibi
536 1832 596 1893 per
607 1816 790 1878 remedium
806 1814 977 1876 subveniri
987 1831 1069 1876 coc·
1125 1829 1288 1875 concursu
1300 1816 1482 1890 aggravato
1494 1829 1646 1891 corpore,
1672 1817 1712 1877 ad
1722 1817 1890 1893 jucundita-

275 1918 371 1986 ture,
386 1914 557 1975 humiliter
569 1913 621 1975 vir
635 1914 694 1974 Dei
708 1913 863 1984 assensit,
876 1912 954 1990 quia
977 1913 1070 1974 saiu-
1124 1913 1190 1972 tem
1205 1912 1342 1988 spiritus
1367 1912 1578 1974 excitandam
1596 1903 1739 1990 aiicujus
1756 1912 1889 1974 audiendi

275 2012 410 2074 iiierum
426 2011 489 2073 hoo
501 2011 642 2072 simulet
653 2025 890 2087 asperumesse
900 1998 1067 2073 cernebat.
1125 2007 1197 2070 soni
1216 2009 1402 2070 harmonici
1425 2009 1628 2070 desiderium
1651 2009 1824 2082 habuisset,
1842 2025 1889 2070 uec

275 2110 421 2171 Vocatus
436 2109 548 2185 itaque
559 2108 651 2170 veuit
661 2107 849 2183 chirurgus,
866 2108 1071 2169 instrumen-
1124 2105 1157 2166 id
1172 2103 1357 2168 honestatis
1371 2106 1524 2168 decentia
1537 2119 1596 2183 per
1605 2108 1820 2169 ministerium
1832 2106 1888 2168 ieri

277 2209 348 2269 tum
381 2204 527 2267 terreum
564 2205 634 2281 igni
672 2204 868 2266 submittens
882 2205 923 2265 ad
943 2203 1071 2266 iacien-
1123 2205 1295 2281 pateretur
1315 2203 1508 2276 humanum,
1525 2203 1631 2266 adsuit
1645 2203 1888 2281 augelorumob

274 2304 350 2365 dam
362 2304 542 2365 cocturam.
557 2301 857 2364 Athristiservus
870 2317 991 2378 corpus
998 2305 1068 2380 jam
1124 2302 1274 2378 sequium
1290 2301 1331 2362 ad
1346 2301 1412 2362 viri
1427 2302 1534 2362 sancti
1549 2302 1709 2379 placitum
1730 2302 1889 2379 adimplen-

275 2401 414 2463 horrore
429 2415 629 2462 concussum
648 2399 851 2472 confortans,
869 2400 956 2461 sicut
980 2401 1069 2461 ami·
1123 2398 1212 2459 dum.
1229 2399 1334 2460 Nocte
1348 2399 1470 2461 etenim
1490 2399 1631 2476 quadam
1657 2400 1811 2476 vigilante
1821 2400 1887 2475 ipso,

275 2481 938 2574 concepitignem‘alloquidicens:hii
952 2497 1066 2568 irater,
1123 2497 1156 2557 et
1168 2495 1347 2558 meditante
1370 2495 1411 2557 de
1436 2497 1587 2567 Domine,
1613 2498 1750 2574 repente
1766 2495 1888 2558 insonui

143 2671 149 2680 Ι
276 2595 374 2671 ignis,
389 2610 457 2673 prae
478 2595 598 2657 ceteris
618 2594 716 2656 rebus
736 2594 915 2656 aemulandi
938 2594 1068 2656 decoris
1123 2593 1251 2655 cithara
1287 2593 1437 2670 quaedam
1459 2593 1646 2655 harmoniae
1682 2594 1843 2664 mirabilis,
1863 2595 1888 2652 et

276 2693 474 2764 virtuosum,
491 2691 677 2769 pulchrum,
698 2692 730 2753 et
748 2691 863 2753 utilem
888 2694 921 2753 te
942 2692 1070 2755 creavit
1123 2690 1331 2752 suavissimae
1339 2688 1885 2767 melodiae.Nonvidebaturaiiquis

275 2789 571 2852 altissimuszestc
594 2789 678 2849 mihi
702 2789 765 2850 hac
788 2788 871 2850 hora
891 2789 1066 2867 propitius,

275 2888 347 2950 esto
371 2886 519 2948 curialis.
547 2889 671 2947 Precor
696 2901 853 2962 magnum
878 2887 1066 2959 Dominum,

276 2982 334 3060 qui
348 2984 382 3044 te
396 2981 532 3053 creavit,
553 2982 695 3043 utinum
719 2981 801 3041 mihi
821 2981 967 3042 calorem
979 2983 1080 3043 tem..

277 3081 381 3158 peret,
398 3093 462 3157 quo
482 3077 631 3141 suaviter
651 3079 800 3141 urenmm
819 3078 949 3140 valeam
962 3079 1067 3141 susti·

276 3177 533 3239 nereoratione
543 3176 648 3248 linita,
658 3175 1067 3252 contralguecandescens

274 3272 681 3337 terreaminslrumentum
692 3273 823 3348 signum
833 3272 942 3333 crucis
951 3273 1065 3342 edidit,

274 3386 314 3432 ac
324 3371 444 3432 deiude
455 3371 640 3446 intrepidus
655 3368 862 3446 persistebat.
880 3369 1068 3431 Profunda-

274 3470 344 3530 tum
355 3468 405 3530 est
428 3468 594 3545 crepitans
610 3467 734 3528 terrum
757 3467 791 3527 in
808 3468 923 3528 tenera
952 3482 1064 3540 carne,

275 3567 309 3627 et
327 3565 369 3627 ab
393 3580 474 3626 aure
500 3580 605 3640 nsque
619 3564 660 3624 ad
687 3564 915 3640 superciliium
931 3566 1066 3626 coctura

277 3664 456 3740 protracta.
483 3660 646 3733 Quantum
674 3660 876 3736 irrogaverit
901 3661 989 3737 iguis
1009 3662 1066 3723 ille

275 3760 435 3829 dolorem,
461 3758 514 3819 vir
541 3758 676 3818 sanctus
699 3758 875 3834 expressit.
906 3759 1063 3831 Laudate,

274 3857 384 3933 inquit
407 3854 448 3915 ad
475 3854 607 3926 iratres,
637 3854 865 3915 ditissimum:
883 3856 959 3932 quia
986 3871 1067 3919 vere

275 3952 349 4014 dico
358 3950 535 4023 vobis,uec
544 3951 634 4027 ignis
645 3952 797 4012 ardorem
808 3953 908 4023 sensi,
918 3966 979 4013 nec
990 3964 1067 4013 car-

275 4050 328 4111 nis
343 4049 447 4110 ulium
462 4047 622 4109 dolorem.
639 4049 679 4110 ut
698 4060 879 4110 conversus
901 4048 941 4109 ad
955 4051 1064 4111 medi·

275 4163 370 4210 cum:
386 4147 421 4207 Si
436 4161 502 4206 non
516 4148 577 4215 est,
593 4145 709 4223 inquit,
723 4160 802 4207 caro
816 4144 900 4206 bene
913 4147 1063 4219 decocta,

274 4244 426 4322 imprime
438 4245 559 4305 iterum
573 4242 706 4304 terrum.
722 4244 886 4319 Expertus
901 4244 1063 4317 medicus,

1122 2788 1179 2849 sed
1206 2787 1383 2849 transitum
1411 2789 1444 2850 et
1469 2787 1612 2851 reditum
1640 2788 1809 2852 citharoedi
1827 2789 1884 2863 ipsa

1122 2885 1290 2947 hincinde
1305 2885 1438 2947 auditus
1448 2884 1642 2947 volubilitas
1656 2886 1817 2947 innuebat
1832 2883 1886 2960 Spi-

1121 2984 1189 3044 ritu
1204 2982 1240 3043 in
1251 2985 1354 3044 Deum
1364 2973 1604 3056 directo,tauta
1619 2983 1683 3045 suit
1693 2984 1728 3045 in
1738 2984 1792 3044 iiio
1801 2980 1888 3042 dirici-

1122 3095 1203 3143 sono
1219 3080 1367 3143 carmine
1382 3080 1547 3143 suavitate
1561 3080 1754 3157 perfruitus,
1769 3081 1802 3142 ut
1813 3076 1885 3141 aliud

1122 3194 1158 3239 se
1179 3180 1310 3255 putaret
1333 3179 1493 3238 saeculum
1521 3180 1753 3241 commutasse.
1781 3180 1841 3239 Hoc
1860 3176 1886 3234 et

1122 3275 1242 3336 iratres
1266 3274 1329 3335 sibi
1355 3267 1538 3336 familiares
1563 3290 1629 3336 uon
1653 3277 1758 3348 latuit,
1780 3275 1829 3352 qui
1841 3284 1887 3349 per

1121 3373 1211 3433 certa
1227 3371 1417 3449 frequenter
1426 3370 1677 3447 conspiciebant
1690 3372 1817 3437 iudicia,
1827 3382 1885 3430 euru

1120 3468 1188 3528 tam
1202 3466 1388 3527 excessivis
1402 3467 1437 3528 et
1446 3465 1573 3527 crebris
1596 3463 1883 3529 consolationibusa

1120 3566 1188 3624 Deo
1198 3563 1340 3635 visitari,
1354 3563 1390 3623 ut
1404 3577 1465 3623 uec
1487 3563 1576 3639 ipsas
1592 3565 1728 3625 omnino
1741 3562 1884 3625 occultare

1120 3659 1257 3721 valeret.
1591 3716 1601 3731 ,

1159 3756 1233 3817 Alio
1247 3772 1377 3833 quoque
1387 3759 1536 3833 tempore
1550 3757 1623 3819 vlro
1637 3754 1887 3835 Deipraedicaiic·

1120 3854 1173 3914 nis
1195 3869 1296 3915 causa
1312 3854 1400 3915 inter
1419 3854 1653 3915 Lombardiam
1673 3859 1706 3917 et
1727 3852 1884 3915 biarchiam

1120 3952 1336 4012 Trevisanam
1346 3951 1411 4012 iter
1424 3954 1544 4026 agente
1554 3967 1628 4013 cum
1642 3954 1733 4014 socio
1741 3952 1829 4030 juxta
1839 3950 1886 4007 Pa·

1120 4033 1883 4126 dnm,tenebrosanoctissupervenitobscur‘itas.

1119 4147 1265 4222 Cumque
1276 4145 1329 4206 via
1343 4146 1432 4206 esset
1446 4147 1597 4221 exposita
1612 4146 1768 4223 periculis
1779 4139 1885 4217 magnis

1119 4244 1152 4304 et
1171 4243 1285 4304 multis
1304 4244 1439 4319 propter
1457 4242 1624 4316 tenebras,
1640 4245 1775 4305 fluvium
1788 4243 1817 4303 et
1833 4252 1882 4315 pa·

273 4344 309 4402 iu
321 4341 469 4402 invalida
484 4352 584 4402 carn'e
600 4340 755 4402 virtutem
766 4340 904 4417 spiritus
917 4343 985 4403 tam
999 4358 1063 4419 po·
1119 4340 1224 4411 indes,
1242 4340 1326 4401 dixit
1340 4339 1450 4401 socius
1462 4340 1503 4400 ad
1519 4341 1627 4402 virum
1647 4343 1792 4403 sanctum
1805 4338 1882 4401 :Ora

272 4440 397 4501 tentem
408 4439 548 4499 miratus
560 4439 623 4510 est,
632 4439 665 4499 et
679 4436 827 4499 divinum
840 4437 904 4499 hoc
924 4438 1065 4500 miracu·
1118 4438 1223 4514 pater,
1236 4439 1272 4498 ut
1283 4438 1323 4498 de
1333 4437 1533 4498 instantibus
1545 4439 1704 4515 periculis
1715 4438 1880 4498 liberemur.

272 4534 476 4606 lumertulit,
487 4534 602 4595 dicens
618 4555 626 4594 ε
640 4535 720 4595 Dico
734 4533 980 4608 vobis,iratres,
995 4535 1064 4598 vidi
1118 4536 1178 4595 Cui
1195 4535 1248 4595 vir
1267 4534 1326 4595 Dei
1354 4550 1429 4595 cum
1453 4534 1574 4597 fiducia
1589 4538 1694 4598 muita
1719 4529 1882 4611 respondit:

274 4631 373 4694 hodie
385 4630 563 4692 mirabilia.
576 4632 659 4702 Quia
669 4632 757 4692 enim
773 4631 813 4692 ad
829 4633 954 4692 tantam
968 4632 1065 4694 deve-
1119 4634 1239 4693 Potens
1252 4634 1304 4693 est
1317 4634 1417 4700 Deus,
1434 4633 1463 4693 si
1478 4632 1541 4692 sibi
1563 4633 1683 4709 piacet,
1696 4631 1883 4695 tenebrarum

274 4731 369 4793 uerat
382 4730 570 4807 puritatem,
581 4731 618 4789 ut
629 4743 707 4789 cero
720 4729 864 4805 spiritui.
877 4731 911 4790 et
925 4730 1063 4806 spiritus
1118 4729 1263 4805 effugata
1278 4728 1435 4804 caligine,
1456 4729 1654 4792 beneficium
1674 4731 1757 4791 lucis
1770 4729 1882 4802 impen-
1900 4806 1901 4809 Ἴ

272 4830 351 4898 Deo,
368 4825 543 4888 harmonia
568 4823 713 4885 mirabili
738 4824 990 4897 concordarent,
1012 4827 1065 4888 di·
1118 4827 1207 4887 dere.
1234 4826 1300 4886 Vix
1323 4842 1511 4888 sermonem
1523 4828 1756 4905 compleverat,
1780 4820 1901 4911 interce}¹

271 4925 350 4987 vina
360 4923 570 4985 ordinatione
579 4919 688 4991 tiebat,
702 4922 898 4983 uterentura
912 4924 1063 4985 Creatori
1116 4925 1209 4986 tauta
1224 4924 1283 4985 iux
1297 4922 1388 4985 illico
1404 4924 1503 5000 coepit
1521 4925 1610 4985 circa
1622 4941 1680 4987 eos
1694 4934 1827 5000 superna
1840 4914 1900 4976 ra·³'

273 5035 334 5083 suo
360 5019 562 5088 deserviens,
578 5017 743 5080 voluntati
763 5019 797 5079 et
824 5019 964 5095 imperio
990 5024 1063 5098 ejus
1118 5020 1210 5081 diere
1222 5022 1354 5092 virtute,
1380 5023 1417 5082 ut
1439 5023 1536 5083 nocte
1561 5012 1883 5083 aliisexisteuteobs·

272 5118 473 5181 mirabiliter
493 5114 689 5192 subjaceret.
710 5115 785 5176 Alio
804 5116 895 5176 enim
914 5118 1063 5194 tempore
1117 5114 1897 5193 curaipsiiuceciaraviderent,uonsoiumriamy

273 5216 359 5293 apud
386 5229 534 5277 eremum
561 5212 675 5274 Sancti
708 5211 834 5274 Urbani
869 5228 966 5274 servo
1003 5216 1062 5277 Dei
1117 5216 1344 5277 verumetiam
1360 5216 1502 5292 piurima
1521 5216 1784 5294 circumquaque.
1801 5210 1896 5284 eujus}

273 5313 471 5390 egritudine
485 5310 685 5387 gravissima
705 5309 889 5379 laborante,
906 5312 1063 5389 cumipse
1116 5312 1329 5374 lucisducatu
1343 5314 1699 5389 corporaliterdirecti,
1711 5307 1888 5386 etspiritna·

273 5414 404 5472 naturm
427 5409 591 5470 deiectum
613 5407 772 5480 sentiens,
800 5408 870 5469 vini
906 5411 1061 5485 poculum
1117 5410 1194 5472 liter
1215 5403 1403 5482 confortati,
1430 5426 1535 5488 usque
1560 5411 1602 5473 ab
1635 5411 1742 5472 locum
1768 5394 1881 5478 hospitii

273 5507 483 5585 postulasset,
496 5504 646 5582 nihilque
660 5505 702 5566 de
714 5505 804 5576 vino,
817 5505 902 5582 quod
913 5505 978 5567 sibi
989 5506 1061 5569 dari
1117 5523 1176 5584 per
1188 5523 1254 5567 uon
1266 5508 1431 5569 modicum
1443 5508 1508 5569 viae
1522 5510 1677 5586 spatium,
1694 5521 1765 5568 cum
1779 5496 1882 5563 divinis

274 5604 395 5683 posset,
408 5603 663 5679 responderetur
677 5601 810 5677 adesse3
827 5602 929 5679 jussit
942 5619 1062 5680 aquam
1117 5604 1248 5680 hymnis
1264 5606 1297 5665 et
1311 5603 1464 5665 laudibus
1478 5606 1659 5667 incolumes
1671 5594 1880 5681 pervenerunt.
