3950 6200
76 308 123 367 aor
571 313 576 320 ·
659 299 888 361 emenone.
917 300 997 362 nus.
1019 301 1075 362 xi.
1626 311 1687 371 202

76 465 108 525 de
124 458 344 538 impedimento
364 457 579 536 luminisque
597 457 719 520 dicitur
736 455 835 519 labo·
891 460 1224 533 morum,litterarum
1235 463 1387 537 seientia,
1399 465 1572 530 nobilitate
1581 481 1686 545 gene-
1712 521 1718 533 .

76 574 144 630 rare,
158 557 268 618 melius
287 557 319 618 si
343 571 487 634 praesens
509 554 612 616 luerit
631 555 742 617 valeat
763 554 837 616 deri
890 555 938 618 ris
960 558 993 618 et
1016 559 1145 619 oaeteris
1171 560 1237 621 tuae
1264 561 1437 637 probitatis
1466 564 1595 626 meritis
1622 567 1687 629 rite

76 656 150 718 nobis
161 655 245 726 tides,
261 656 297 716 et
310 654 388 731 quia
403 653 489 714 idern
502 653 683 714 canonicus
701 668 836 714 causam
892 654 1039 729 pensatis
1061 655 1121 716 tibi
1146 658 1358 726 concesserit,
1378 664 1413 721 ut
1431 662 1687 739 praeposituram

76 755 201 832 ipsamse
213 752 336 812 asserit
350 751 384 812 in
400 750 555 827 expensis
568 751 712 827 propriis
727 765 838 827 prose·
893 753 925 811 S.
942 752 1098 823 Victoris,
1122 753 1162 813 de
1185 755 1391 817 Undenheim
1415 760 1448 819 et
1468 758 1509 819 de
1531 762 1685 822 Genseim

75 854 171 919 cutum,
185 865 224 910 ne
237 850 322 926 ipsis
342 847 570 911 deficientibus
586 862 660 909 eam
684 848 838 910 deserere
892 849 1051 911 ecclesias
1064 866 1129 912 una
1143 865 1218 912 cum
1231 853 1394 916 decanatu
1402 854 1515 916 valeas
1528 858 1683 932 retinere,

74 946 270 1024 compellatur,
288 946 394 1007 donec
410 948 481 1023 ipsa
499 961 596 1006 suum
615 946 775 1007 sortiatur
788 945 840 1006 el·
892 947 1083 1023 supplicans
1098 948 1193 1009 nobis
1207 950 1382 1024 instanter,
1396 955 1431 1015 ut
1445 953 1508 1015 hoc
1523 954 1610 1017 idem
1624 956 1686 1017 tibi

74 1045 169 1106 tectum
184 1043 222 1105 de
234 1043 335 1105 bonis
346 1043 504 1121 episcopi,
520 1042 576 1120 qui
591 1043 772 1104 contumax
788 1044 839 1104 est
892 1059 935 1104 ex
947 1033 1205 1120 dispensationis
1217 1049 1340 1109 nostrae
1352 1049 1461 1124 gratia
1472 1051 1682 1127 largiremur.

74 1141 244 1219 reputandus
267 1158 314 1202 ex
338 1156 378 1203 eo
401 1141 488 1218 quod
508 1141 594 1203 sicut
619 1139 720 1204 talem
748 1139 837 1204 misit
892 1142 961 1203 Nos
974 1144 1047 1219 eius
1064 1143 1217 1219 precibus
1234 1145 1388 1209 inclinati
1403 1149 1436 1209 et
1450 1148 1606 1224 probitati
1620 1150 1687 1212 tuae
1816 1187 1819 1200 ·

74 1241 206 1309 nundum,
223 1239 269 1298 ita
292 1240 544 1315 procuratorem
562 1238 718 1300 idoneum
733 1238 839 1316 potuit
892 1240 1040 1301 savorem
1072 1240 1217 1302 debitum
1252 1242 1494 1320 impendentes,
1516 1246 1626 1308 tecum
1650 1248 1690 1309 ut

74 1333 220 1406 destinare,
234 1333 269 1393 in
284 1335 445 1411 expensis
466 1334 530 1396 sibi
549 1334 644 1411 petiit
657 1334 836 1411 provideri.
892 1337 1067 1415 praedictas
1091 1336 1269 1413 dignitates
1297 1343 1331 1402 et
1355 1341 1515 1403 ecclesias
1541 1344 1687 1405 retinere

76 1432 204 1502 Quocirca
217 1431 414 1493 discretioni
427 1432 547 1494 vestras
567 1448 627 1508 per
647 1431 839 1508 apostoliea
892 1431 1017 1503 valeas,
1031 1433 1227 1494 auctoritate
1238 1434 1428 1511 apostolica
1442 1436 1685 1512 dispensamus.

75 1530 169 1606 scripta
178 1529 384 1598 mandamus,
395 1531 558 1607 quatenus
578 1530 768 1606 episcopum
782 1529 838 1605 ip-
893 1529 985 1590 Nulli
1006 1545 1085 1605 ergo
1110 1531 1246 1592 omnino
1272 1531 1444 1593 hominum
1472 1533 1572 1595 liceat
1599 1535 1687 1596 banc

77 1626 175 1686 umad
192 1627 340 1688 nostram
360 1627 470 1689 citetis
489 1625 840 1704 praesentiamtermi-
893 1627 1687 1707 paginamnostraeconcessionisinfringereetc.

77 1723 202 1784 nonsibi
214 1725 489 1801 peremptorium,
505 1724 662 1789 videlicet
675 1724 716 1786 ad
732 1724 838 1801 primo
894 1722 930 1783 Si
943 1725 1018 1802 quis
1032 1726 1153 1796 aulem,
1170 1727 1233 1787 ete.
1249 1727 1366 1788 Datum
1380 1727 1547 1799 Laterani,
1560 1731 1606 1790 Vi
1619 1739 1689 1789 noc

76 1820 350 1882 rennmmlestum
359 1821 839 1896 OmniumSanctoruminquo
893 1834 954 1881 nas
968 1820 1091 1892 martii,
1107 1821 1316 1898 pontificatus
1341 1824 1447 1885 nostri
1470 1840 1559 1886 anno
1583 1825 1688 1886 unde-

76 1916 259 1990 personaliter
273 1932 392 1978 coram
414 1916 510 1978 nobis
526 1919 718 1993 compareat
731 1917 841 1994 assig·
894 1917 991 1978 simo.

75 2017 173 2084 ambs,
187 2017 217 2075 et
236 2014 279 2075 de
304 2014 466 2090 expensis
489 2013 660 2090 legitimis,
678 2016 712 2076 et
727 2013 840 2076 mode-

76 2107 145 2179 ratis,
158 2125 233 2188 quas
252 2109 349 2183 lecit,
365 2113 438 2188 ipse
452 2112 633 2173 canonicus
654 2127 674 2172 a
697 2111 839 2173 termino
1205 2097 1370 2185 LXXIII

75 2205 271 2279 perdccanum
285 2210 570 2283 xanctonensem,
584 2211 618 2271 et
640 2208 746 2286 ipsius
770 2207 842 2270 col-

76 2299 144 2377 legas
165 2305 312 2382 partibus
346 2306 536 2383 assignato,
566 2322 631 2383 quo
660 2321 697 2367 se
723 2308 840 2368 nostro

76 2402 229 2476 compectui
248 2404 515 2480 praesentarent,
539 2402 647 2465 eidem
677 2403 841 2465 canonico
1284 2475 1300 2488 ..

76 2492 192 2558 debonis
205 2498 284 2561 dicti
298 2500 463 2577 episcopi,
476 2503 574 2577 prout
586 2500 715 2578 justum
727 2500 838 2572 suerit,
1171 2474 1189 2532 5
1208 2482 1303 2532 ΜΨ
1319 2474 1398 2533 ¹²²⁶·

76 2592 383 2658 siclerilacientes.
395 2598 672 2670 Contradiotores,
684 2598 760 2670 etc,
773 2613 842 2662 non
925 2588 1023 2652 [nonde
1034 2589 1212 2652 uerendus.
1225 2590 1313 2680 ΜΨ»
1325 2595 1345 2640 ²·
1361 2591 1518 2646 cmm·
1534 2590 1657 2642 modom.

77 2687 245 2754 susumus
260 2694 389 2756 lutens
408 2694 485 2756 ains
507 2710 527 2756 a
548 2695 633 2758 seue
649 2696 840 2773 apostolica
1232 2669 1341 2734 ’ΜΗ

76 2789 172 2859 prater
190 2792 367 2869 utriusque
390 2792 495 2869 partis
520 2807 661 2855 assensu
683 2793 837 2856 obtentis.
894 2775 1320 2878 C⁰¹¹fil⁰l³²llbifffl¹fflgb⁰flb
1345 2778 1552 2851 l>0⁸⁵0⁵⁸i⁰⁰0⁸2
1570 2779 1685 2852 privile·

77 2883 202 2962 Quicquid
215 2904 296 2950 vero
312 2905 417 2966 super
440 2890 504 2952 hoc
525 2890 689 2952 duxeritis
713 2890 841 2952 facien·
929 2880 988 2938 8¹³»
1009 2879 1084 2965 pura,
1107 2874 1312 2966 lmmuultutes,
1335 2867 1492 2967 presertim
1514 2866 1642 2925 decimas
1659 2874 1690 2925 et

76 2978 140 3051 dum,
151 2984 238 3046 nohis
248 2987 398 3048 fideliter
410 2988 612 3050 rescribatis·
627 2988 717 3060 Quod
731 2988 761 3048 Si
772 3002 840 3049 non
930 2953 1067 3011 ecclesias
1081 2961 1247 3011 monastero
1260 2953 1355 3012 Sancti
1366 2956 1481 3012 Bertrnr.

76 3090 170 3154 nunu,
184 3084 256 3157 etc„
275 3084 348 3147 duo
368 3087 529 3155 vestrum,
545 3087 606 3149 etc.
631 3086 751 3148 Datum
774 3087 841 3147 La-
933 3079 1102 3142 Honorius
1112 3079 1298 3157 episcopus,
1309 3095 1425 3143 servus
1434 3095 1606 3143 serrorum
1614 3081 1685 3154 Del,

75 3175 164 3250 bani,
175 3184 264 3244 sexto
280 3198 392 3247 nonas
407 3184 531 3253 martii,
547 3199 636 3245 anno
650 3183 838 3247 undecimo.
895 3177 1025 3239 dilectis
1041 3178 1120 3239 liliis
1131 3178 1277 3240 iohanni
1291 3178 1403 3241 abbati
1422 3180 1535 3242 Sancti
1549 3179 1690 3249 Remini,

895 3277 1034 3352 ejusque
1064 3273 1222 3337 tratribus
1246 3275 1314 3337 tam
1343 3276 1562 3353 presentibus
1589 3290 1689 3353 quam

895 3370 1025 3443 suturis,
1043 3371 1231 3446 regularem
1255 3372 1357 3433 vitam
1372 3371 1531 3449 professis
1550 3373 1587 3433 in
1609 3387 1691 3449 per-

369 3476 513 3563 LXXH
894 3470 1040 3545 petuam.

935 3565 1138 3640 Religiosam
1161 3565 1266 3627 vitam
1285 3564 1485 3641 eligentibus
1514 3565 1687 3642 Apostoli·

37 3740 38 3743 ,
77 3628 112 3685 Ad
127 3633 373 3706 cimiterium,
392 3638 560 3698 decanum
583 3636 840 3713 Macrianorum.
895 3679 969 3724 cum
994 3662 1283 3725 convenitadesse
1304 3662 1510 3740 mmmm,
1534 3678 1578 3724 ΒΘ
1603 3662 1689 3724 sorte

332 3776 463 3835 amanti
478 3777 556 3835 1227,
895 3760 1073 3836 cujuslibet
1100 3760 1300 3822 temeritatis
1323 3761 1479 3821 incursus
1506 3762 1565 3822 aut
1591 3775 1648 3821 eos
1670 3774 1692 3821 a

893 2247 946 2308 Aa
958 2248 1150 2309 lonensem
1163 2249 1319 2309 abbatem
1332 2251 1367 2311 S.
1383 2250 1688 2325 limitaneisque

1215 2347 1359 2419 tratres.

895 3857 1064 3934 proposito
1087 3859 1231 3929 revocet,
1254 3857 1312 3919 aut
1334 3856 1448 3929 robur,
1478 3856 1564 3935 quod
1591 3856 1690 3929 absit,

94 4022 99 4031 ‚
896 3970 1000 4016 sacrae
1009 3954 1362 4032 religionisinsringat.
1373 3957 1566 4032 eapropter,
1576 3954 1691 4017 dilecti

78 4019 220 4089 ffifflnoeffil
233 4040 262 4089 ¹¹¹
278 4032 498 4107 Pioelslssimfflffl
514 4034 542 4090 S·
558 4033 682 4092 Victoris
693 4040 722 4089 et
737 4029 772 4089 (¹⁶
786 4033 841 4091 ΠΗ·
896 4052 931 4112 in
953 4053 1093 4113 Domino
1115 4052 1187 4124 filii,
1203 4053 1325 4115 vestris
1341 4053 1443 4129 justis
1456 4052 1693 4129 postulationi-

101 4108 211 4176 dsnheim
227 4121 312 4178 etde
327 4122 462 4180 Genseim
480 4121 617 4177 ecclesias
636 4136 692 4178 uua
709 4135 773 4177 cum
789 4119 838 4177 dc·
895 4148 957 4210 bus
971 4148 1165 4211 «elementer
1179 4149 1371 4222 munimus,
1396 4150 1430 4210 et
1453 4148 1691 4210 monasterium

105 4212 187 4262 canatu
199 4211 289 4280 possit
301 4212 437 4266 relinere.

161 3902 338 3967 [Wsrdlueim
354 3908 427 3958 Nova
441 3907 570 3966 subsidia,
588 3906 631 3967 Ν,
649 3907 717 3972 ill]

897 4247 1011 4309 Sancti
1029 4247 1156 4308 Bertini
1171 4246 1205 4307 in
1218 4247 1299 4308 villa
1318 4247 1432 4309 Sancti
1446 4244 1639 4313 audomari,
1656 4244 1691 4304 in

106 4341 248 4406 Honorius
257 4346 450 4424 episcopus,
460 4360 577 4407 servus
586 4360 758 4407 seruorum
768 4344 841 4412 Dei,
896 4359 961 4420 quo
990 4343 1102 4405 divino
1129 4343 1308 4420 mancipati
1331 4343 1412 4404 estis
1434 4341 1603 4418 obsequio,
1630 4341 1691 4403 sub

80 4431 169 4503 dilecto
193 4441 260 4504 lilio
283 4445 321 4504 C.
353 4441 481 4505 decano
510 4442 721 4517 maguntino,
749 4441 842 4503 salu·
895 4440 984 4503 beati
1008 4440 1100 4503 Petri
1125 4442 1158 4502 et
1185 4442 1298 4502 nostra
1325 4440 1530 4516 protectione
1548 4439 1694 4515 suscipi·

80 4531 136 4605 10³1,
148 4539 202 4599 etc.
895 4554 979 4611 mus,
997 4539 1030 4599 ct
1044 4537 1218 4614 praesentis
1230 4537 1346 4613 scripti
1357 4535 1533 4614 privilegio
1544 4552 1693 4598 commu·

108 4630 244 4702 tunm
256 4637 556 4714 meritoscupimus
572 4637 840 4707 ravennatense
895 4636 1016 4705 nimus,
1042 4634 1078 4697 in
1106 4633 1222 4710 primis
1242 4633 1406 4710 siquidem
1433 4635 1626 4706 statuentes,
1656 4636 1694 4696 ut

81 4719 204 4793 bbendus
232 4735 437 4797 honoramus
461 4734 626 4807 inventos,
652 4735 777 4811 quanto
798 4733 840 4794 ad
895 4731 976 4793 ordo
1005 4731 1219 4802 monasticus,
1242 4731 1299 4808 qui
1327 4731 1509 4793 secundum
1529 4735 1633 4793 Deum
1659 4732 1695 4793 et

82 4822 192 4890 sudium
205 4831 391 4897 honestatis
403 4831 659 4893 desiderabilius
674 4830 842 4893 allicimus
895 4829 983 4890 beati
996 4828 1165 4889 Benedicti
1181 4828 1330 4904 regulam
1343 4828 1379 4889 in
1395 4829 1512 4890 eodem
1528 4828 1693 4890 monaste·

82 4920 230 4999 ildiversos,
246 4946 322 4992 cum
348 4929 414 4991 etsi
434 4929 540 4991 virtus
562 4928 664 4989 nullis
682 4929 840 4991 comitata
895 4928 946 4987 rio
975 4925 1147 4988 institutus
1174 4941 1249 4987 esse
1272 4926 1491 5002 dignoscitur,
1524 4925 1693 5002 perpetuis

83 5008 302 5088 boniseniorius
318 5042 362 5088 ex
380 5040 417 5087 se
431 5025 475 5087 sit
489 5025 720 5104 principaliter
734 5041 841 5102 appe-
896 5022 1019 5085 ibidem
1044 5022 1246 5099 temporibus
1270 5022 1511 5084 inviolabiliter
1534 5021 1693 5083 observe-

84 5108 165 5187 Iildb
185 5121 267 5185 sicut
293 5126 405 5187 tamen
432 5122 543 5199 dignis
566 5122 842 5185 retributionibus
894 5122 959 5181 tur.
994 5121 1162 5182 Praeterea
1191 5135 1417 5196 quascumque
1451 5118 1691 5196 possessiones,

84 5201 221 5290 borlerata,
230 5220 484 5283 desiderabilior
500 5220 659 5292 redditur,
672 5220 719 5281 ita
730 5221 842 5281 minus
896 5233 1113 5294 quaecumque
1124 5216 1211 5278 bona
1221 5216 1309 5278 idem
1317 5215 1599 5278 monasteriumin
1609 5230 1693 5290 prae·

85 5300 154 5370 stilti
175 5318 369 5393 appetibilis,
395 5318 435 5389 si,
460 5317 547 5394 quod
573 5316 671 5389 absit,
699 5318 842 5393 speratis
896 5315 1080 5375 sentiarum
1101 5316 1191 5393 juste
1213 5315 1420 5375 etcanonice
1443 5311 1604 5389 possidet,
1635 5314 1693 5374 aut

85 5408 424 5477 imniisrraudaretur.
436 5416 516 5475 Cum
527 5414 631 5490 igitur
641 5414 842 5477 venerabilis
895 5411 930 5473 in
955 5412 1102 5473 futurum
1121 5411 1336 5473 concessione
1359 5409 1565 5486 pontificum,
1583 5410 1691 5486 largi-

86 5493 163 5562 iratar
189 5509 396 5591 C(onradus),
425 5511 620 5573 Portuensis
655 5511 838 5589 episcopus,
895 5509 986 5572 tione
1001 5525 1117 5585 regum
1140 5509 1195 5570 vel
1209 5506 1407 5584 principum,
1431 5505 1601 5568 oblatione
1614 5507 1694 5570 ilde·

86 5590 146 5657 ¹⁰³⁰
166 5604 350 5680 lpmuueae
374 5609 471 5671 Sedis
496 5608 636 5684 legatus,
667 5609 843 5671 honestate
895 5607 990 5675 lium,
1011 5622 1072 5668 seu
1091 5605 1167 5666 aliis
1178 5604 1278 5682 Justis
1306 5603 1413 5664 modis
1428 5605 1610 5681 praestante
1626 5607 1694 5666 Do-
