3950 6200
103 326 138 389 85
543 327 573 342 '¹
651 313 975 384 rnonsoouunu.
998 349 1040 365 -
1059 319 1167 380 viru.
1687 303 1744 379 35«

106 488 208 563 pinque
230 480 347 545 videre
367 481 532 560 poterant,
559 482 656 559 Juxta
678 481 789 544 datam
811 479 874 542 sibi
929 477 1073 547 initium,
1090 477 1194 556 ipsius
1210 477 1393 555 susciperet
1420 478 1495 539 illic·
1514 476 1652 538 auxiliis
1665 477 1724 538 in-

107 584 224 645 tormem
259 582 418 653 orantes,
450 596 487 642 se
518 577 688 642 humiliter
723 580 874 656 prester·
930 571 1146 644 crementum.
1165 576 1213 636 ihi
1228 590 1358 653 quoque
1383 575 1490 637 tactus
1512 574 1726 650 evangelicus

106 680 217 742 nebant
649 673 652 680 ’
930 691 1051 752 praeco,
1066 676 1219 736 civitates
1235 673 1408 745 circuibat,
1423 675 1457 734 et
1470 674 1598 746 castra3
1614 688 1680 733 non
1690 672 1726 733 in

135 775 407 838 contrahentibus
428 775 538 837 autam
566 772 726 835 iratribus
748 786 875 833 moram
930 765 1202 834 doctishumanae
1215 770 1522 848 sapientiaeverbis‚
1538 769 1596 830 scd
1609 770 1728 831 invir-

104 875 219 935 iuloco
242 872 402 950 praefato,
418 873 472 932 rir
494 873 631 932 sanctus
657 870 711 930 die
733 869 875 946 quadam
929 871 1001 931 tute
1025 869 1169 947 Spiritus
1197 870 1309 930 Sancti
1347 868 1552 929 annuntians
1586 882 1726 943 regnum

103 970 213 1032 sabbati
227 968 395 1031 civitatem
410 969 530 1031 Asslsii
549 967 688 1029 intravit
708 966 876 1043 praedica·
931 967 1003 1028 Dei.
1024 966 1207 1028 Videbatur
1230 965 1437 1028 intuentihus
1460 965 1559 1025 homo
1587 965 1726 1025 alterius

102 1070 182 1128 torus
195 1065 370 1126 munediei
381 1061 620 1142 Dominicae(ut
631 1061 734 1124 moris
746 1061 876 1141 erat)in
932 1063 1058 1135 saeculi,
1074 1064 1196 1141 quippe
1212 1064 1268 1141 qui
1279 1064 1389 1124 mente
1401 1077 1441 1123 ac
1456 1060 1542 1123 iacis
1556 1062 1592 1122 in
1607 1061 1728 1122 coelum

102 1162 225 1225 eudesia
239 1161 439 1223 cathedrali.
456 1162 601 1237 cumque
615 1160 650 1220 in
665 1160 808 1237 quodam
822 1160 877 1221 tu·
930 1173 1063 1237 semper
1085 1161 1244 1231 intentus,
1265 1167 1387 1220 'omncs
1425 1175 1558 1220 sursum
1588 1159 1723 1220 trahere

103 1260 193 1336 puio,
212 1260 277 1320 sito
301 1259 338 1320 in
352 1258 449 1319 horte
472 1257 720 1329 canonicorum,
736 1258 790 1322 vir
808 1258 877 1318 Deo
931 1259 1119 1319 conaretur.
1137 1257 1297 1334 Gcepltex
1311 1256 1374 1317 hoo
1393 1256 1516 1317 Christi
1528 1256 1628 1316 vinea
1643 1271 1724 1331 ger-

103 1357 230 1424 devotus,
242 1356 279 1417 in
304 1356 457 1417 oratione
477 1355 548 1426 Del,
566 1369 660 1415 more
672 1354 782 1425 solito,
798 1367 879 1430 per-
931 1355 1062 1416 minare
1082 1369 1221 1431 germen
1242 1354 1355 1415 odoris
1374 1354 1517 1422 Domini,
1533 1355 1567 1414 et
1581 1353 1725 1428 produc-

103 1454 243 1521 noctnret,
271 1452 493 1529 corporaliter
517 1450 711 1516 absentatus
734 1466 754 1512 a
783 1447 874 1518 lillis,
929 1453 974 1515 tis
989 1468 1032 1514 ex
1047 1468 1083 1513 se
1098 1452 1236 1513 floribus
1259 1451 1446 1523 suavitatis,
1463 1449 1602 1511 honoris
1615 1450 1728 1511 etho-

104 1566 167 1612 ecce
180 1549 369 1612 wemcdia
384 1547 491 1612 accus
508 1547 604 1619 hora,
621 1547 818 1625 quibusdam
833 1561 877 1608 ex
931 1550 1082 1622 uastatis,
1095 1549 1215 1611 uberes
1228 1548 1354 1610 tructus
1364 1549 1498 1610 afferre.
1511 1549 1596 1609 Nam
1609 1547 1729 1624 praedi·

103 1647 243 1709 fatribus
263 1645 524 1724 quiescentibus,
538 1643 735 1723 quibusdam
761 1659 877 1722 perse·
931 1646 1075 1708 cationis
1089 1647 1196 1723 ipsius
1215 1647 1347 1708 fervore
1370 1646 1523 1707 succensi
1547 1644 1727 1723 quamplu-

102 1743 318 1806 remntibusiu
329 1742 466 1816 orando,
476 1743 721 1819 currusigneus
731 1742 877 1803 mirandi
931 1745 1009 1806 rimi
1024 1744 1197 1822 utriusque
1210 1759 1323 1815 sexus,
1339 1743 1375 1804 in
1386 1743 1553 1821 conjugali
1568 1741 1729 1820 pudicitia

105 1841 269 1918 splendoris
283 1855 345 1917 per
368 1839 486 1902 domus
508 1840 629 1901 ostium
649 1839 790 1911 intrans,
812 1837 877 1899 huc
931 1841 1072 1902 Domino
1093 1840 1302 1912 famulantes,
1331 1841 1511 1901 secundum
1542 1840 1682 1901 termam
1708 1854 1729 1900 a

103 1938 273 2015 atqueilluc
286 1953 347 2014 per
361 1937 566 2000 domicilium
573 1936 672 1998 tertio
685 1951 721 1997 se
734 1951 879 1998 conver·
932 1938 991 2000 liei
1005 1939 1080 2000 viro
1095 1941 1276 2015 acceptam,
1294 1938 1389 1999 novis
1404 1953 1440 1998 se
1453 1938 1658 2014 poenitentiae
1678 1936 1730 1998 le-

102 2035 245 2111 titsuper
254 2049 353 2111 quem
360 2032 479 2110 globus
489 2033 619 2094 lucidrm
630 2032 810 2103 residebat,
821 2034 877 2110 qui
930 2035 1031 2113 gibus
1050 2035 1252 2106 vinciebant,
1278 2051 1420 2112 quorum
1434 2034 1569 2097 vivendi
1595 2034 1728 2096 modum

103 2129 874 2207 mhshahmsaspectum,noctemclarereiecit.
931 2133 1021 2194 idem
1036 2133 1160 2195 Christi
1175 2132 1320 2194 famulus
1335 2131 1490 2194 Ordinem
1517 2130 1659 2193 fratrum
1687 2130 1729 2192 de

102 2227 306 2305 Obstupeiacti
323 2230 402 2289 sunt
417 2228 607 2304 vigilantes,
623 2227 761 2289 excitati
777 2227 877 2287 simul
932 2231 1128 2308 poenitentia
1143 2232 1310 2292 nominari
1327 2231 1485 2292 decrevit.
1498 2230 1664 2290 Nimirum
1678 2229 1728 2288 sl-

104 2325 281 2387 etextemiti
292 2325 506 2397 dormientes,
521 2325 752 2386 ctnonmlnus
762 2339 879 2385 sense-
932 2331 989 2389 cut
1004 2328 1038 2388 in
1054 2329 1173 2389 coelum
1187 2328 1399 2389 tendentibus
1416 2327 1620 2404 poenitentiae
1635 2327 1725 2387 viam

102 2425 172 2484 runt
183 2421 291 2484 cordis
308 2422 497 2483 claritatem
511 2437 609 2498 quam
624 2422 786 2498 corporis,
801 2422 878 2482 dum
932 2425 1086 2487 omnibus
1097 2427 1227 2486 constat
1239 2441 1314 2486 esse
1327 2439 1553 2498 communem
1567 2424 1616 2483 sic
1628 2423 1661 2483 et
1673 2421 1729 2482 hio
1740 2409 1757 2436 s

102 2534 136 2579 ex
153 2520 274 2581 uirtute
294 2519 440 2580 mirandi
464 2518 611 2590 luminis,
624 2518 763 2580 alterius
781 2518 878 2580 alteri
931 2523 1049 2594 status,
1067 2522 1208 2583 clericos
1230 2524 1262 2583 et
1283 2521 1565 2598 laicos-virgines
1589 2519 1623 2581 et
1646 2533 1746 2580 con-·

103 2614 878 2693 couscientianudaiuit.intellexeruntnamque
930 2621 1064 2697 jugatos
1078 2619 1114 2680 in
1138 2621 1277 2695 utroque
1303 2634 1387 2679 sexu
1408 2617 1596 2688 admittens,
1614 2615 1731 2694 quanti

103 2712 296 2776 concorditer
303 2728 430 2784 omnes,
441 2712 631 2778 numanus
645 2713 788 2774 invicem
807 2713 879 2774 unl·
932 2716 976 2778 sit
989 2716 1075 2792 apud
1092 2717 1195 2776 Deum
1211 2715 1334 2787 meriti,
1350 2731 1393 2776 ex
1412 2714 1564 2793 pluribus
1586 2728 1646 2790 per
1666 2712 1732 2773 all-

104 2811 193 2872 versis
209 2811 247 2871 ln
255 2809 412 2872 cordibus
426 2810 644 2887 singulorum
656 2811 808 2872 sanctum
818 2826 880 2887 pa·
932 2829 1015 2890 quos
1031 2814 1178 2889 ipsorum
1193 2814 1333 2889 patratis
1348 2811 1521 2873 miraculis
1535 2810 1726 2872 innotescit.

103 2907 169 2968 uem
182 2907 356 2969 absentem
372 2922 522 2984 corpore,
535 2909 731 2984 praesentem
744 2907 902 2984 spirituc.
932 2910 1219 2972 convertebantur
1241 2910 1342 2972 etiam
1366 2909 1518 2985 virgines
1539 2908 1581 2970 ad
1609 2922 1729 2984 perpe-

101 3003 728 3081 talitransflguratumefflgie,supernis
739 3003 881 3066 inedia
933 3008 1027 3070 tuum
1044 3001 1245 3080 coelibatum,
1262 3008 1351 3068 inter
1369 3022 1452 3083 quas
1473 3007 1650 3082 virgultae
1670 3020 1731 3068 ca-

104 3101 156 3162 um
173 3102 362 3179 fulgoribus
380 3104 415 3164 et
427 3102 603 3164 ardoribus
625 3103 877 3175 inflammatum,
933 3106 1070 3167 rissima
1107 3106 1216 3177 mara,
1244 3106 1394 3183 ipsarum
1424 3105 1573 3182 plantula
1611 3103 1730 3179 prima,

101 3199 333 3275 supernaturali
347 3199 473 3261 virtute
497 3200 532 3260 in
553 3215 655 3261 curru
679 3199 876 3276 splendenti.
933 3205 1092 3280 tanquam
1112 3203 1174 3263 ilos
1193 3217 1338 3264 vernans
1357 3204 1390 3264 et
1409 3201 1571 3263 candidus
1595 3201 1731 3261 odorem

101 3295 183 3358 simul
193 3299 227 3359 et
236 3299 338 3373 igneo
346 3297 412 3357 sibi
424 3297 881 3368 osmonsuananomtnout
934 3299 1036 3372 dedit,
1053 3301 1087 3361 et
1103 3302 1263 3377 tanquam
1283 3300 1378 3361 stella
1399 3298 1595 3376 prefulgida
1616 3297 1732 3358 radia·
1771 3345 1774 3350 .

101 3392 241 3469 tanquam
263 3394 337 3457 reri
358 3392 520 3455 israelita
539 3396 613 3470 post
631 3394 725 3457 illum
745 3393 881 3454 incede-
935 3398 993 3459 vit.
1008 3400 1087 3458 Haec
1100 3396 1350 3473 nuncgloriflca
1366 3397 1401 3456 in
1424 3396 1529 3463 coelis,
1551 3394 1592 3456 ah
1616 3393 1733 3455 Eccle-

43 3494 45 3503 ’
101 3491 233 3567 rentqui
240 3490 878 3567 virorumspiritualium,etalterldlias,
935 3495 986 3556 sia
1000 3494 1293 3569 digneveneratur
1307 3494 1467 3562 interris,
1484 3508 1558 3570 quae
1581 3492 1651 3552 tilia
1669 3491 1732 3553 init

102 3583 191 3648 hctus
210 3588 325 3649 iuerat
345 3604 365 3648 a
389 3587 529 3651 Domino
547 3603 666 3648 currus
688 3590 722 3649 et
749 3588 878 3664 auriga.
936 3590 971 3652 in
993 3590 1127 3653 Christo
1142 3589 1248 3651 sancti
1271 3589 1375 3667 patris
1397 3589 1568 3651 Francisoi
1587 3602 1732 3665 pauper-

43 3740 44 3747 ,
101 3683 295 3746 &endum
316 3700 410 3752 sane,
432 3685 518 3762 quod
541 3685 659 3747 horum
679 3684 879 3761 simplicium
935 3689 1014 3760 culi,
1031 3689 1182 3750 etmater
1194 3700 1377 3764 pauperum
1388 3687 1608 3749 dominarum.

101 3778 147 3841 ille
166 3783 298 3859 aperuit
316 3782 431 3844 oculos
452 3781 495 3843 ud
516 3796 632 3859 preces
644 3782 826 3853 Francisci,
845 3782 882 3844 ut
975 3786 1071 3849 Multi
1086 3782 1186 3847 etlam
1199 3785 1374 3846 devotione
1389 3784 1589 3861 compuncti,
1606 3775 1731 3859 et‘per-

101 3875 235 3941 viderent
267 3879 437 3955 magnalia
465 3880 536 3951 Del,
560 3880 617 3957 qui
640 3879 755 3941 oculos
776 3884 905 3956 quom
936 3881 1091 3945 iectionis
1105 3883 1228 3943 Christi
1242 3880 1408 3943 desiderio
1430 3880 1638 3952 inflammati,
1655 3892 1731 3941 om·
1848 3870 1852 3875 ’

101 3971 163 4037 dam
177 3978 357 4055 aperuerat
371 3976 467 4053 puoei
481 3976 523 4045 ad
536 3976 716 4039 videndum
735 3978 882 4039 montem
936 3980 972 4043 ui
987 3980 1231 4043 mundanorum
1241 3980 1389 4042 vanitate
1403 3981 1602 4057 contempta,
1625 3981 1733 4040 Fran-

102 4070 219 4146 plenum
245 4089 412 4152 equorm
434 4075 468 4136 et
486 4074 660 4150 igneorum
674 4088 831 4135 curruum
846 4073 882 4133 in
936 4077 1018 4140 cisci
1033 4077 1175 4153 vestigia
1192 4077 1426 4156 sequebantur,
1450 4078 1506 4155 qui
1531 4075 1733 4154 quotidianis

103 4168 365 4235 cicuitusslisaei.
373 4174 558 4248 Regressus
567 4174 679 4233 autem
688 4172 883 4235 virsanctus
937 4178 1189 4237 succrescentes
1213 4175 1427 4251 profectibus,
1453 4173 1623 4250 usquead
1648 4173 1733 4232 dues
1780 4194 1785 4205 ·

103 4266 136 4327 ad
155 4268 283 4342 iratres,
308 4270 411 4347 ooepit
428 4269 709 4331 conscientiarum
733 4269 882 4346 ipsorum
937 4271 1028 4332 orbis
1040 4273 1142 4333 terrae
1153 4271 1309 4333 celeriter
1323 4271 1558 4348 pervenerunt.
1577 4267 1735 4330 Faciebat

104 4370 213 4431 temeto
234 4368 368 4437 rimari,
384 4366 574 4428 contentane
588 4367 681 4443 ipsos
695 4366 735 4427 de
749 4366 882 4428 visione
937 4383 1082 4444 namque
1097 4369 1213 4429 sancta
1226 4372 1417 4446 paupertas,
1433 4382 1533 4444 quam
1555 4366 1660 4427 solam
1674 4365 1735 4426 de-

104 4459 151 4523 illa
171 4464 329 4535 mirabili,
355 4466 388 4526 et
404 4464 445 4525 de
460 4463 609 4541 proiectu
623 4463 759 4525 Ordinis
779 4466 882 4526 multa
937 4465 1090 4531 serebant
1113 4481 1173 4541 pro
1194 4464 1390 4542 sumptibus,
1414 4463 1505 4540 ipsos
1532 4464 1574 4524 ad
1600 4479 1734 4524 omnem

105 4555 198 4622 lutura
211 4563 409 4639 predicere.
425 4565 571 4638 Cumque
585 4561 789 4638 patefaceret
803 4562 881 4639 plu·
938 4562 1161 4624 obedientiam
1173 4562 1355 4639 promptos,
1369 4561 1522 4622 robustos
1537 4560 1732 4633 adlabores,

104 4653 185 4729 rimu,
215 4675 292 4737 quae
321 4674 456 4721 sensum
497 4657 778 4723 transcendebant
810 4659 879 4720 hu·
938 4659 1024 4720 etad
1039 4660 1160 4720 itinera
1174 4658 1358 4735 expeditos.
1375 4660 1415 4721 ut
1429 4658 1604 4735 quianihil
1627 4660 1736 4721 terre·

107 4766 238 4828 manum
265 4772 347 4818 vete
371 4757 600 4832 cognoverunt
622 4756 756 4827 hahes,
783 4771 884 4834 super
939 4755 1208 4830 numhabobant,
1223 4756 1308 4817 nihil
1323 4756 1491 4829 amabant,
1509 4756 1661 4833 nihilque
1685 4757 1735 4817 ti-

106 4862 220 4915 serrum
231 4869 330 4915 suum
341 4853 559 4915 Franciscum
577 4853 737 4929 spiritum
751 4853 884 4935 Domini
938 4853 1072 4915 mebant
1085 4854 1250 4926 amittere,
1263 4854 1373 4915 securi
1386 4856 1482 4915 erant
1495 4852 1627 4929 ubique,
1643 4852 1736 4913 nullo

106 4944 134 5007 in
150 4947 235 5013 muta
258 4949 466 5027 plenitudine
491 4948 670 5026 quievisse,
698 4949 783 5026 quod
811 4953 886 5027 post
939 4966 1063 5028 pavore
1087 4952 1252 5028 suspensi,
1269 4953 1361 5013 nulla
1381 4968 1461 5014 cura
1482 4951 1643 5019 distracti,
1658 4951 1737 5011 tan-

108 5040 195 5116 ipsius
210 5046 397 5109 doctrinam
411 5048 444 5109 et
453 5047 557 5109 vitam
570 5048 644 5109 erat
657 5047 708 5108 eis
717 5047 884 5124 proticisci
939 5065 1038 5127 quam
1054 5050 1111 5126 qui
1136 5049 1261 5127 absque
1287 5050 1407 5111 mentis
1434 5049 1626 5112 turbatione
1641 5049 1737 5108 vive-

110 5141 308 5209 uncinum.
938 5148 1080 5214 hautot
1099 5147 1173 5208 sine
1187 5147 1415 5210 sollicitudine
1439 5148 1526 5208 diem
1553 5144 1736 5207 crastiuum

140 5240 211 5302 Post
221 5242 293 5304 heac
303 5241 417 5318 puilli
425 5241 537 5318 gregis
547 5243 662 5318 pastor
672 5242 883 5314 Franciscus,
939 5245 972 5306 et
984 5246 1169 5306 serotinum
1186 5245 1366 5323 hospitlum
1383 5244 1613 5320 expectabant.
1631 5243 1737 5305 Multa

111 5333 145 5394 ad
156 5339 306 5401 uncam
319 5341 460 5401 Mariam
472 5340 514 5401 dc
528 5338 746 5401 portiuncula
759 5339 887 5400 duode-
940 5341 1073 5419 quidem
1087 5343 1122 5403 in
1138 5342 1280 5403 diversis
1293 5341 1441 5418 partibus
1452 5341 1542 5404 orbis
1553 5341 1602 5402 eis
1611 5341 1739 5402 iniere·

113 5433 227 5495 nanum
254 5435 350 5497 illum
372 5436 513 5498 fratrum
536 5446 723 5508 numerum,
739 5451 884 5513 superna
939 5436 1062 5499 bantur
1076 5439 1234 5511 convitia,
1248 5440 1407 5515 tanquam
1425 5440 1577 5515 personis
1589 5438 1739 5515 despica-

114 5530 204 5599 gratis
225 5536 404 5609 praecoma,
443 5532 591 5604 deduxit,
621 5535 658 5594 nt
677 5533 733 5594 uhi
757 5534 885 5595 meritis
938 5533 1063 5596 bilibus
1089 5537 1123 5597 et
1142 5534 1284 5612 ignotis3
1304 5551 1420 5596 verum
1445 5550 1540 5595 amor
1563 5534 1736 5610 Evangelii

115 5621 562 5701 mercennariorumque
589 5632 777 5706 sumpserat
799 5630 885 5692 Ordo
940 5632 1062 5694 Christi
1089 5632 1173 5694 adeo
1201 5634 1291 5708 ipsos
1321 5633 1485 5707 patientes
1506 5633 1673 5704 effecerat,
1701 5633 1736 5691 ut
