3950 6200
112 347 162 410 333
434 341 543 403 PARS
563 340 727 403 TERTIA.
742 368 784 385 -
797 339 1084 402 COLLATIONES
1111 340 1378 404 MONASTIGAE.
1670 342 1731 406 884

112 500 221 569 mamm
248 503 371 579 diligit,
401 516 466 564 nou
491 502 596 573 amat,
622 501 690 562 imo
720 499 879 562 abhorret
935 500 1104 562 sicutnon
1127 500 1227 562 datur
1248 499 1401 569 bravium
1422 502 1489 562 nisi
1504 502 1726 573 currentibus,

113 600 449 678 bancspiritussaucti
463 597 789 673 doctriuam3necad
802 613 880 675 per·
932 598 979 658 ita
1004 614 1071 660 nen
1096 597 1194 661 datur
1213 599 1333 661 coelum
1357 599 1423 660 nisi
1448 600 1643 662 tollentibus
1654 618 1733 664 cru·-

112 700 266 763 lectionem
286 697 548 774 consequendam
570 697 798 759 necessarium
822 712 880 773 pu·
933 710 1025 770 cem,
1040 695 1194 773 quianon
1209 695 1305 759 debet
1317 712 1392 758 esse
1404 713 1521 759 servus
1537 698 1648 774 potior
1661 702 1732 760 Do·

111 796 344 874 trtpartioipem
362 778 583 857 fleri'Clrristi
606 794 782 871 passionis.
810 795 878 854 lmo
933 793 1036 860 mino,
1072 808 1135 855 uec
1168 793 1351 885 discipulus
1384 811 1485 872 super
1517 797 1728 871 Magistrum.

111 897 246 972 majorem
257 893 322 954 sibi
330 893 523 969 promittens
530 891 712 970 proiectum
724 907 783 968 per
793 890 878 951 alias
935 887 1080 950 Proinde
1096 887 1248 951 videmus
1270 892 1374 951 Deum
1391 892 1732 969 communicaremus

110 993 176 1063 rias,
190 1006 261 1068 quae
283 1006 370 1051 uerae
393 990 458 1052 viae
472 1006 540 1051 non
560 991 650 1063 sunt,
668 989 726 1051 sed
748 989 878 1051 occulta
934 985 1015 1047 tiam
1038 998 1133 1047 suam
1147 985 1273 1063 iis,qui
1294 987 1356 1049 boc
1380 988 1478 1049 modo
1492 1003 1568 1049 eum
1583 1006 1732 1066 sequane

109 1089 283 1168 pracipilia,
299 1089 332 1149 et
353 1087 525 1162 lugiensa
551 1087 630 1149 lelle
651 1086 878 1149 tribulationis
933 1083 1008 1155 tur;
1035 1083 1069 1144 et
1096 1098 1115 1144 e
1141 1084 1311 1146 contrario
1332 1083 1466 1147 auterre
1492 1102 1566 1147 eam
1590 1086 1632 1149 ab
1663 1088 1732 1149 illis

109 1185 371 1264 percogitationes
391 1186 517 1258 varias,
533 1184 698 1246 humanas
713 1185 747 1245 et
758 1183 880 1246 volun·
933 1182 1221 1258 praesumptuosis,
1235 1181 1292 1259 qui
1307 1198 1369 1258 per
1386 1182 1472 1244 alias
1491 1184 1667 1246 chimaeras
1680 1185 1733 1245 dl-

109 1283 211 1353 tarias,
239 1282 379 1343 infixum
403 1283 437 1343 et
464 1281 668 1343 obcaecatum
688 1280 789 1343 babet
819 1296 879 1343 cor
932 1280 1012 1340 cunt
1022 1294 1058 1340 se
1068 1278 1154 1341 velle
1170 1279 1201 1340 ei
1216 1280 1305 1341 uniri
1317 1295 1379 1341 nec
1391 1282 1731 1359 tamenasemetipsis

110 1378 876 1456 muminpropriisaffeotihus‚asseveransquod

108 1478 136 1539 in
151 1477 331 1553 biqusmodi
356 1477 511 1540 libertate
526 1477 604 1539 vitae
624 1477 743 1538 melius
756 1476 878 1553 poterit

108 1574 246 1637 insecura
258 1577 340 1637 Deo.
364 1576 434 1637 Nec
456 1574 701 1653 aliquantulum
722 1576 818 1636 curat
836 1574 877 1635 de

110 1671 266 1732 muneris
300 1672 588 1745 delectationibus,
625 1688 707 1750 quas
735 1672 877 1734 interius

108 1768 202 1844 recipit
213 1769 337 1841 anima,
349 1785 423 1846 quae
438 1770 507 1831 tota
524 1768 686 1846 absorpta
696 1770 748 1830 est
763 1769 798 1829 in
813 1769 877 1829 bac

109 1866 362 1941 mntemplatione
371 1868 405 1928 et
413 1866 645 1944 compassione
660 1866 791 1929 Domini
806 1866 874 1940 sui;

109 1963 297 2039 nequeenim
321 1963 396 2025 baec
421 1963 568 2041 perfecte
586 1966 782 2040 gustantur,
810 1963 876 2025 nisi

108 2073 237 2136 perpessa
262 2061 379 2137 aliqua
404 2060 622 2125 tribulatione
651 2078 711 2139 pro
732 2061 874 2124 Christo.

110 2156 156 2217 sed
167 2158 270 2218 anima
296 2157 459 2231 defecata,
476 2159 510 2221 et
531 2160 717 2236 exspoliata
732 2158 876 2235 propriis

109 2251 264 2326 affectibus,
280 2271 318 2317 se
340 2271 362 2317 a
391 2256 518 2333 Spiritu
537 2258 652 2318 sancto
672 2256 749 2317 duci
765 2256 877 2317 humi·

109 2349 166 2412 liter
176 2353 343 2428 permittit,
367 2354 400 2415 et
414 2356 451 2416 ut
464 2353 506 2415 ad
521 2370 618 2415 suum
631 2353 874 2431 beneplacitum

109 2447 241 2510 ineadem
250 2451 576 2528 opereturtauquam
591 2452 736 2529 optimus
747 2451 875 2525 Magis·

109 2546 877 2626 tersingularisdoctrinaa‚quamDominusscrip·

108 2642 157 2702 taur
175 2644 305 2722 reliquit
321 2646 360 2706 in
379 2645 475 2707 libris
492 2662 561 2709 suae
583 2646 793 2717 humilitatis,
810 2661 874 2722 pa-

108 2737 215 2814 tieutis,
228 2746 260 2804 et
273 2743 456 2820 passionis.
471 2758 544 2821 quae
564 2758 691 2805 secura
711 2744 789 2806 sunt
811 2743 875 2805 vim

110 2834 138 2894 ad
157 2838 386 2913 perlectionem
418 2841 648 2903 christianam.
684 2840 778 2903 Unde
814 2841 873 2902 illa

110 2933 204 3005 anna,
214 2954 287 3014 quae
302 2938 478 3014 purificari
492 2937 668 3001 obtinuita
682 2940 762 3005 Deo,
777 2938 875 3000 vehe-

57 3088 58 3091 ,
108 3033 211 3094 neuter
223 3036 312 3113 cupit
327 3035 561 3099 transformari
578 3036 614 3097 in
628 3036 706 3097 illos
727 3034 872 3108 dolores,

108 3134 875 3207 comparansomuesaliasviasetconsolationes
913 3201 915 3206 ,

107 3224 170 3288 cibis
182 3231 375 3292 mortalibus
391 3233 447 3308 qui
461 3233 610 3308 pereunt,
635 3232 668 3293 et
689 3231 777 3292 banc
799 3231 875 3291 uni-

57 3329 58 3408 }
108 3337 162 3384 can
174 3327 305 3389 salutari
322 3327 517 3405 pharmaco,
532 3333 627 3406 cujus
646 3330 764 3405 gustus
779 3344 876 3389 acer·

57 3435 58 3514 ζ
107 3416 161 3493 bus,
171 3424 221 3484 sed
232 3424 362 3488 tructus
375 3427 611 3501 suavissimum
626 3427 712 3503 quod
726 3427 760 3487 in
775 3427 874 3501 gustu

57 3563 58 3566 ,
107 3524 296 3595 mammest,
307 3521 412 3584 sedin
424 3523 618 3599 operatione
629 3523 872 3585 dulcissimum.

57 3667 58 3684 ,
109 3613 193 3684 Quare
216 3622 419 3698 postponens
439 3624 572 3697 gustum
593 3621 740 3690 sanitati,
757 3620 877 3698 prebat

109 3726 183 3785 uuam
202 3717 411 3779 admirabilis
432 3719 477 3780 sit
496 3717 636 3779 dulcedo
650 3719 727 3780 vitae
740 3733 875 3795 perma-

108 3812 203 3886 nentis,
216 3831 289 3892 quae
301 3816 448 3893 despicit
457 3815 719 3890 consolationem
731 3831 877 3877 momen·

108 3905 211 3971 laneam
236 3914 268 3976 et
291 3913 482 3984 mortalem,
510 3915 544 3974 et
572 3913 670 3989 plane
699 3912 817 3989 probat
839 3913 875 3973 in

108 4004 177 4067 nulla
187 4009 247 4071 alia
257 4027 294 4073 re
308 4010 492 4089 perfectius
503 4011 714 4088 requiescere
726 4026 874 4072 amorem

109 4113 199 4177 suum,
227 4123 327 4185 quam
363 4108 398 4169 in
430 4108 661 4185 compassione
697 4108 873 4170 caritativa

111 4196 274 4267 Christizet
288 4205 378 4283 quod
407 4205 657 4283 quantomagis
686 4205 745 4266 illa
769 4208 875 4267 trans·

109 4291 241 4363 tornatur
265 4303 302 4364 iu
326 4302 495 4366 Christum
516 4304 725 4375 crucifixum,
740 4318 779 4364 eo
797 4318 874 4363 ma-

109 4390 146 4463 tis
166 4397 412 4464 transsormatur
443 4401 479 4462 iu
513 4403 618 4462 Deum
647 4401 817 4464 excelsum
843 4400 876 4461 et

109 4487 270 4560 tloriosum.
285 4500 363 4560 Non
379 4498 468 4560 enim
487 4500 663 4575 separatur
684 4498 875 4560 humanitas

109 4585 302 4669 anuinium
319 4598 355 4658 et
367 4595 440 4672 ipse
455 4595 608 4657 Christus
620 4598 755 4656 Patrem
774 4611 876 4671 roga-

109 4683 151 4755 lit
171 4688 299 4754 dicens:
323 4697 401 4756 Volo
423 4694 462 4754 ut
483 4697 540 4756 ubl
562 4707 728 4770 ecorum,
744 4693 778 4754 et
803 4695 875 4755 met
914 4697 918 4704 '

108 4781 875 4869 duttloan.,xvn,24).lltqueitaanimacontem·

110 4875 197 4948 illim
210 4889 383 4966 utrumque
405 4889 536 4950 Domini
551 4889 685 4956 statum,
707 4887 749 4949 ad
761 4881 825 4949 boo
839 4888 876 4948 ut

109 4986 257 5056 numquam
278 4988 453 5062 separetur
474 4985 600 5047 abillo.
623 4987 708 5048 Nam
723 4986 752 5046 si
767 4985 875 5060 fugiat

108 5067 302 5155 illpassioue,
327 5083 369 5145 ab
392 5083 452 5145 illo
465 5082 676 5160 separabitur
698 5082 873 5158 ingloria,

106 5166 180 5240 juxta
190 5178 277 5239 Pauli
290 5181 437 5257 Apostoli
454 5180 574 5244 verba:
590 5183 628 5243 St
644 5181 761 5242 tomen
774 5194 874 5242 com-

106 5269 244 5347 retlmur,
257 5279 294 5338 nt
304 5279 338 5340 et
352 5280 650 5354 oonpmrtttoemar
664 5275 872 5355 (Rom.,v111,

110 5361 780 5451 iit-ContemplatorergoanimaCbristum
790 5389 875 5435 mor·

109 5457 188 5526 talem
207 5471 238 5532 et
258 5471 499 5545 immortalem
523 5474 557 5536 et
582 5472 702 5534 borum
723 5475 871 5534 statuum

111 5554 178 5621 alter
197 5570 244 5628 est
264 5585 378 5631 eorum
393 5570 451 5647 qui
475 5569 583 5632 adbuc
613 5572 763 5643 currunt,
787 5570 872 5632 alter

112 5667 201 5721 wien
214 5666 343 5743 quljam
365 5670 566 5744 acceperunt
589 5667 752 5730 brasium.
780 5668 872 5754 Unde

933 1391 1089 1452 umquam
1109 1377 1280 1448 recedunt,
1306 1390 1424 1439 verum
1450 1379 1583 1441 tandem
1608 1381 1731 1442 misere

932 1471 1054 1534 abeunt
1069 1472 1105 1533 in
1120 1473 1353 1550 praecipitium.

1171 1686 1375 1750 COLLATIO
1388 1691 1488 1751 XXV.

931 1818 1057 1891 oreore,
1067 1818 1251 1893 postquam
1264 1824 1435 1897 petieratis
1452 1823 1603 1896 osticium
1622 1825 1727 1899 depo-

1022 1915 1104 1990 suit,
1128 1917 1288 1978 toleravit
1301 1919 1455 1992 matium
1473 1920 1633 1995 defectam.

971 2057 1111 2130 Quidam
1125 2058 1284 2131 exvobis,
1308 2060 1440 2133 iratres,
1457 2063 1678 2136 admirantur,
1694 2069 1728 2127 et

930 2169 983 2215 me
997 2155 1217 2232 interrogant,
1232 2172 1335 2234 quare
1350 2174 1416 2221 uon
1429 2161 1561 2236 corrigo
1577 2161 1727 2225 deiectus

930 2250 986 2327 qui
1000 2251 1035 2312 in
1049 2252 1173 2315 Ordine
1183 2253 1278 2314 liunt.
1295 2254 1420 2325 Quibus
1431 2256 1603 2333 indulgeat
1618 2260 1726 2319 Domi·

930 2363 1005 2421 nus,
1022 2350 1178 2425 quoniam
1194 2351 1277 2411 milri
1290 2353 1451 2413 contrarii
1466 2357 1545 2416 sunt
1558 2357 1592 2419 et
1603 2355 1726 2418 adser-

929 2445 1024 2517 sarii,
1041 2448 1074 2508 et
1085 2462 1138 2508 me
1153 2447 1327 2524 implicare
1341 2450 1501 2512 uoluntin
1512 2451 1565 2513 his
1576 2462 1724 2529 qumnon

929 2544 1099 2619 pertinent
1132 2544 1174 2606 ad
1205 2544 1351 2607 osticium
1385 2560 1520 2609 meum.=
1547 2551 1728 2627 Quousque

929 2640 1018 2701 euim
1039 2641 1140 2702 habui
1156 2642 1361 2719 prelationis
1374 2644 1519 2706 cilicium
1535 2663 1636 2724 super
1649 2647 1723 2709 sra-

928 2739 1009 2810 ires,
1025 2740 1058 2801 et
1069 2739 1134 2815 ipsi
1159 2744 1414 2817 permanserunt
1436 2744 1473 2805 in
1494 2745 1671 2807 vocatione
1691 2748 1725 2809 et

929 2835 1137 2912 professione
1156 2852 1228 2909 sua,
1245 2839 1324 2902 licet
1341 2856 1361 2901 a
1376 2841 1541 2918 principio
1556 2858 1632 2905 mea
1643 2860 1727 2905 con-

928 2934 1094 3001 versionis
1128 2951 1260 3013 semper
1296 2937 1449 3001 infirmus
1484 2939 1616 3015 luerim,
1649 2957 1726 3003 cum

928 3046 1033 3108 parva
1058 3048 1131 3093 mea
1158 3033 1382 3096 sollicitudine
1404 3036 1647 3102 satisiaciebam
1675 3039 1724 3102 eis

928 3129 1090 3205 exemplis
1104 3131 1137 3191 et
1150 3129 1454 3205 praedicationibus.
1472 3134 1535 3195 sed
1551 3138 1723 3214 postquam

928 3226 1149 3299 consideravi,
1188 3228 1274 3304 quod
1300 3231 1460 3290 Dominus
1489 3233 1723 3308 multiplicavit

929 3337 1104 3385 numerum
1119 3322 1269 3395 fratrum,
1287 3327 1319 3387 et
1338 3325 1400 3403 ipsi
1416 3330 1550 3404 propter
1564 3330 1723 3406 tepidita-

927 3423 1052 3482 temet
1084 3421 1231 3498 inopiam
1261 3423 1398 3498 spiritus
1430 3425 1635 3502 incipiebant
1660 3428 1722 3489 de-

929 3519 1057 3580 clinare
1082 3534 1102 3579 a
1127 3520 1181 3580 via
1214 3523 1305 3582 recta
1327 3523 1360 3583 et
1382 3537 1512 3594 secura,
1541 3539 1724 3602 perquam

929 3618 1176 3678 consueverant
1199 3617 1394 3691 ambulare,‘
1406 3623 1439 3681 et
1457 3636 1517 3696 per
1528 3623 1723 3699 ampliorem

929 3714 1030 3786 viam,
1058 3730 1132 3791 quas
1161 3714 1252 3777 ducit
1277 3715 1319 3778 ad
1346 3719 1494 3790 mortem,
1518 3718 1721 3793 incedentes,

930 3812 1431 3876 nonatteudebantvocationem
1441 3817 1475 3878 et
1484 3816 1724 3893 professionem

930 3926 1036 3982 suam,
1051 3913 1087 3982 et
1106 3910 1229 3972 bouum
1255 3912 1454 3990 exemplum,
1480 3930 1542 3976 nec
1569 3916 1728 3980 volebant

930 4008 1097 4071 dimittere
1123 4008 1188 4070 iter
1208 4009 1431 4085 periculosum
1450 4013 1483 4074 et
1505 4014 1724 4088 mortiterum,

930 4104 1017 4182 quod
1043 4107 1202 4182 ceperant
1228 4107 1364 4183 propter
1396 4108 1666 4184 praedicationem
1693 4114 1728 4174 st

930 4201 1192 4265 admonitionem
1205 4219 1325 4276 meam,
1340 4206 1374 4267 et
1392 4207 1579 4283 exemplum
1603 4225 1725 4283 meum,

930 4300 1017 4376 quod
1041 4300 1111 4361 illis
1133 4303 1292 4363 continue
1315 4302 1548 4379 ostendebam
1571 4305 1647 4368 ideo
1671 4322 1728 4368 re-

930 4397 1160 4459 commendavi
1181 4398 1317 4461 Ordinis
1337 4400 1564 4475 praelationem
1587 4404 1620 4464 el
1633 4405 1727 4481 regi-

930 4510 1006 4556 men
1020 4495 1160 4557 Domino
1181 4496 1214 4557 et
1233 4495 1406 4558 ministris.
1430 4497 1523 4560 Unde
1546 4499 1626 4562 licet
1640 4503 1726 4564 tem-

930 4608 1010 4669 pore
1029 4609 1095 4670 quo
1117 4593 1307 4656 renuntiavi
1327 4592 1436 4657 cilicio
1452 4595 1604 4666 fratrum,
1620 4615 1724 4663 encu-

930 4705 1039 4751 sarem
1078 4705 1131 4754 me
1161 4705 1273 4752 coram
1311 4691 1470 4755 iratribus
1500 4694 1537 4755 in
1572 4698 1724 4774 Capitulo

928 4787 1092 4863 generali,
1120 4788 1207 4865 quod
1235 4790 1371 4866 propter
1400 4791 1611 4857 infirmitates
1632 4812 1724 4857 meus

928 4901 1043 4946 curam
1058 4885 1197 4962 deipsis
1213 4886 1336 4949 babere
1349 4905 1416 4951 non
1429 4893 1595 4967 poteram;
1611 4896 1724 4954 tamen

929 4983 959 5043 si
973 4983 1157 5044 secundum
1180 4985 1385 5048 voluntatem
1401 5004 1507 5049 meam
1520 4989 1640 5051 iratres
1653 4990 1727 5051 vel·

928 5080 999 5142 lent
1012 5081 1185 5143 ambulare
1201 5098 1300 5156 nunc,
1317 5086 1451 5161 propter
1471 5086 1619 5162 ipsorum
1643 5103 1724 5149 con-

928 5179 1126 5241 solationem
1136 5181 1169 5241 et
1179 5181 1368 5252 utilitatem,
1382 5181 1503 5243 nollem
1513 5182 1599 5259 quod
1620 5184 1724 5247 alium

928 5276 1119 5338 ministrum
1135 5276 1298 5340 baberent
1308 5277 1376 5338 nisi
1391 5294 1442 5339 ms
1462 5295 1567 5356 usque
1580 5281 1623 5341 ad
1636 5282 1723 5343 diem

928 5375 1044 5436 mortis
1057 5390 1150 5438 meae.
1169 5375 1303 5435 Sienim
1318 5374 1425 5436 bonus
1441 5379 1475 5438 et
1493 5377 1602 5438 tidelis
1614 5378 1725 5441 subdi·

928 5474 981 5533 tus
1013 5471 1216 5534 uoluntatem
1248 5471 1377 5549 praelati
1403 5472 1454 5533 sui
1484 5477 1657 5550 cognoscit
1690 5481 1723 5542 et

927 5568 1092 5641 observat,
1130 5584 1266 5645 parvam
1304 5568 1561 5634 sollicitudinem
1592 5578 1724 5652 oportet

928 5667 1099 5743 praelatum
1115 5665 1237 5728 bebere
1253 5666 1292 5727 de
1306 5667 1388 5743 ipso.
1511 5657 1520 5684 ’
