3950 6200
248 321 309 383 611
674 322 705 383 8.
734 318 908 382 ANTONII
936 319 1125 383 Pandam
1155 317 1293 382 OPERA
1323 319 1470 384 nuum.
1507 333 1510 338 ’

252 477 476 540 Ecclesiastiel
487 476 532 556 (7,
548 475 602 560 40)
615 499 622 539 :
636 477 837 541 Menwrore'
855 480 1046 542 novissima
1368 530 1507 592 SERMO
1533 529 1608 591 XVI

251 575 373 647 11111,θί
398 575 621 636 incolomem
655 589 724 637 non
751 578 918 649 peccabis.
952 575 1045 638 Finis
1610 571 1619 589 ⁰

250 672 339 742 vitae,
361 670 402 732 de
426 685 493 748 quo
512 670 636 732 ibidem
658 670 702 750 (7,
726 674 765 733 18
790 673 823 734 et
842 671 1044 751 ltiltnbde-
1149 680 1191 737 be
1210 675 1837 751 anemr,qrenmbetneusuresnoe.ne

250 770 360 830 mento
375 768 448 840 irae,
464 768 622 845 quoniam
638 784 705 830 non
717 768 874 831 tardabit.
897 769 1046 831 Humilia
1188 767 1336 840 pomona,
1347 773 1378 826 et
1388 766 1519 839 exempla
1534 765 1679 839 patientie
1692 772 1804 823 nostra.

249 865 347 928 valde
368 866 521 942 spiritum
545 869 640 928 tuum
670 887 678 927 ε
706 867 863 945 quoniam
897 866 1045 928 vindicta

249 963 361 1025 carnis
376 963 483 1040 impii,
498 963 600 1039 ignis,
617 963 650 1025 et
663 963 798 1024 vermis.
821 981 840 1023 »
862 962 957 1024 Finis
981 962 1044 1024 de·
1209 1033 1216 1047 ,
1371 1020 1377 1031 ,

249 1059 487 1132 lactationem
524 1059 612 1120 unde
648 1059 867 1137 Apocalypsis
898 1056 972 1138 (18,
996 1056 1042 1138 7).
1137 1016 1613 1193 Μαξξὲιζρῗὲξθωω
1629 1029 1700 1080 '²⁰⁷²
1712 1015 1874 1090 ¹²⁶⁶an

248 1158 456 1230 «Quantum
478 1157 680 1234 glorificavit
707 1173 755 1230 se,
787 1158 820 1219 et
844 1157 880 1218 in
914 1156 1045 1218 deliciis
1246 1156 1254 1172 ‘
1365 1156 1373 1173 '
1412 1157 1420 1184 '
1477 1156 1485 1172 ’

248 1253 323 1327 tuit,
345 1256 475 1317 tantum
496 1254 573 1318 date
597 1253 647 1315 illi
668 1255 883 1328 tormentum,
904 1254 939 1318 et
966 1252 1044 1320 luc·
1138 1256 1225 1318 Vere
1239 1270 1306 1317 non
1322 1255 1387 1318 erit
1399 1253 1524 1318 oblivio
1536 1253 1707 1332 pauperis,
1723 1252 1801 1332 quia
1810 1255 1872 1330 jus·

248 1354 361 1421 tum»,
377 1350 471 1412 Finis
488 1350 741 1428 prosperitatisq
763 1350 851 1420 unde
866 1346 1042 1426 lsaiataa,
1098 1352 1207 1414 torum
1223 1353 1344 1414 animae
1360 1352 1394 1414 in
1415 1352 1609 1428 manuDei3
1623 1353 1658 1414 et
1679 1351 1729 1416 sic
1744 1353 1874 1416 cuntro-

1100 921 1267 985 Quonam
1280 934 1348 981 aori
1362 920 1518 992 intimem
1535 921 1657 980 obiioio
1671 919 1741 979 crit
1756 932 1873 994 paum-

250 1448 299 1515 11,
317 1446 359 1509 ad
372 1443 426 1526 13)
450 1468 458 1508 :
480 1463 499 1507 ‹
522 1446 694 1524 accingite
714 1444 762 1524 (1)
785 1460 886 1523 super
907 1444 1045 1522 regione
1099 1464 1171 1512 ram
1184 1449 1292 1512 oeulis
1306 1453 1390 1526 ejus,
1404 1463 1447 1511 ne
1461 1448 1567 1527 possit
1588 1464 1705 1514 eorum
1724 1448 1871 1512 oblivisci.

248 1543 475 1618 desiderabili,
491 1560 592 1621 super
605 1544 705 1608 vinea
728 1542 842 1606 fertili.
858 1544 966 1620 Super
980 1542 1045 1604 bu-
1099 1544 1277 1625 lsaiae(49,
1292 1545 1346 1625 15)
1364 1568 1371 1607 :
1387 1546 1588 1625 «Numquid
1614 1546 1726 1623 potest
1739 1545 1874 1610 oblivisci

248 1657 339 1712 mum
353 1642 467 1719 populi
488 1641 553 1704 mei
576 1641 682 1721 spinae
716 1641 749 1703 et
777 1656 896 1718 vepres
919 1655 1043 1706 ascen·
1098 1641 1392 1708 mulieriuiantsm
1409 1659 1518 1716 suum,
1535 1644 1572 1710 nt
1596 1658 1664 1708 nor
1692 1643 1875 1708 misereatur

249 1739 370 1802 derunt
391 1737 439 1818 (2)
455 1761 463 1814 ;
483 1739 624 1816 quanto
660 1738 767 1815 magis
797 1753 899 1815 super
926 1752 1044 1806 omues
1098 1739 1167 1804 illio
1181 1740 1308 1804 renuis
1321 1739 1372 1821 (8)
1384 1741 1456 1804 suit
1470 1742 1510 1804 Et
1529 1740 1562 1804 si
1582 1740 1642 1803 illa
1656 1739 1761 1804 oblita
1778 1740 1872 1812 ruem

248 1837 363 1906 domos
383 1835 499 1913 gaudii
533 1836 680 1899 civitatis
715 1834 919 1902 exultamus
950 1833 1044 1900 Finis
1098 1853 1160 1914 ego
1174 1840 1286 1900 tamen
1299 1853 1470 1916 nunquam
1483 1836 1531 1917 (9)
1544 1837 1726 1904 obliviscar
1734 1838 1874 1902 minute

156 1975 165 1984 ·
248 1934 380 2009 mortis3
395 1932 482 1995 unde
497 1934 603 1996 isaias
613 1930 678 2012 (66,
689 1932 758 2012 15):
773 1934 885 1994 «Ecce
896 1935 983 1993 Deus
993 1928 1043 2011 (3)
1097 1934 1243 1997 ostendit
1254 1934 1415 1998 Dominus
1425 1933 1581 2000 affectum
1594 1935 1795 2002 suumclrca
1808 1950 1874 1998 suos

249 2032 285 2092 in
309 2030 385 2107 igne
412 2032 535 2104 veniet,
563 2032 597 2093 et
622 2031 719 2109 quasi
751 2028 849 2092 turbo
871 2028 1043 2107 quadriga
1098 2031 1324 2109 peraffsctnm
1345 2032 1498 2096 miilieris
1521 2031 1613 2098 eirca
1634 2032 1742 2096 tilium
1766 2030 1875 2096 serub

245 2131 323 2206 ejus
339 2126 499 2190 :reddere
509 2129 546 2190 in
560 2127 790 2204 indignatione
807 2142 869 2188 sua
884 2126 1042 2206 baronem,
1099 2129 1164 2205 sui,
1192 2144 1267 2207 quaa
1293 2144 1361 2194 non
1384 2129 1536 2198 meminit
1558 2145 1728 2207 pressure
1756 2129 1875 2206 propter

246 2227 284 2288 et
296 2226 560 2304 increpationem
572 2223 622 2305 (1)
636 2225 672 2287 in
688 2223 822 2288 damma
836 2223 964 2301 ignis.»
1096 2226 1257 2302 gaudium
1270 2225 1306 2288 ln
1333 2225 1496 2298 Ecclesia,
1512 2226 1599 2304 quod
1623 2225 1737 2298 babet,
1759 2225 1875 2304 quando

288 2323 454 2388 Civitates
468 2338 591 2386 eorum
604 2322 824 2384 destruenti.
853 2320 979 2383 Civitas
993 2320 1045 2383 est
1097 2323 1248 2386 nascitur
1279 2322 1455 2390 rationalis
1488 2323 1599 2386 bomo.
1643 2326 1683 2386 nt
1712 2321 1750 2386 in
1774 2322 1875 2385 eodem

247 2435 307 2483 cor
320 2421 531 2498 peccatorum
556 2418 693 2492 tundata
718 2433 818 2495 super
842 2417 938 2490 nibil,
963 2418 1043 2495 quia
1098 2419 1187 2482 isaia
1202 2418 1267 2499 (49,
1282 2417 1334 2499 16)
1349 2441 1357 2486 :
1373 2437 1392 2484 1
1406 2422 1491 2486 litcce
1505 2420 1541 2481 in
1555 2419 1710 2486 manibus
1723 2420 1876 2482 maiades

248 2533 348 2594 super
370 2518 519 2591 ventum,
545 2531 647 2595 super
669 2517 787 2591 inone3
814 2516 847 2577 et
876 2514 952 2584 ideo
975 2530 1043 2580 non
1096 2517 1199 2593 cripsi
1214 2520 1246 2579 te
1262 2539 1270 2578 :
1286 2517 1438 2580 moritui
1453 2532 1565 2580 coram
1580 2517 1688 2588 oculis
1702 2518 1783 2580 meis
1793 2532 1873 2578 sem·

248 2616 299 2677 est
313 2615 446 2686 mirum,
463 2614 493 2676 si
513 2614 659 2685 corruat.
677 2612 740 2677 lob
759 2610 825 2691 (30,
836 2610 911 2692 22)=
927 2627 946 2671 s
961 2611 1041 2674 lile-
1097 2630 1200 2690 per».
1216 2614 1310 2678 Nibil
1324 2613 1424 2678 babet
1438 2614 1559 2680 melius
1569 2614 1703 2693 aliquis,
1719 2629 1811 2692 qnam
1831 2613 1872 2685 id,

247 2712 335 2776 uasti
346 2727 411 2784 me,
427 2711 461 2774 et
474 2711 569 2788 quasi
584 2711 829 2786 superventum
842 2723 969 2785 ponens
984 2708 1044 2770 eli·
1096 2711 1183 2788 quod
1206 2710 1307 2778 babet
1330 2711 1366 2778 iu
1388 2726 1502 2776 manu.
1525 2710 1633 2776 Habet
1657 2727 1721 2776 nos
1741 2714 1823 2773 naus
1843 2711 1874 2772 in

247 2808 321 2870 sisti
335 2824 388 2872 me
402 2805 717 2886 valde»(5).blurus
729 2805 1043 2883 bidunciritatisest
1096 2807 1249 2876 manibus
1267 2808 1353 2881 suis,
1372 2809 1453 2886 quia
1480 2808 1516 2869 in
1542 2807 1592 2874 eis
1615 2808 1789 2886 descripsit
1808 2823 1873 2880 nos,

246 2905 429 2982 iniquitas;
452 2904 540 2964 unde
554 2902 615 2967 Jon
632 2902 698 2982 (41,
711 2905 744 2975 6,
761 2902 803 2974 ad
814 2900 850 2981 8)
866 2904 1042 2979 :scorpup
1095 2921 1170 2976 cum
1186 2920 1246 2982 pro
1261 2904 1357 2969 nobis
1378 2921 1436 2970 eas
1451 2905 1556 2968 clavis
1575 2904 1704 2981 aldatt3
1720 2905 1808 2968 etsie
1821 2919 1875 2966 ro-

244 3004 321 3079 ejus
335 3001 433 3079 quasi
454 3001 548 3063 scuta
570 2999 686 3064 fusilia
701 2998 762 3079 (o),
776 2999 810 3066 et
834 3001 1041 3076 compactum
1096 3002 1159 3068 luit
1188 3017 1322 3079 semper
1340 3002 1466 3066 babere
1493 3018 1561 3080 prae
1582 3002 1703 3075 oculis,
1717 3018 1759 3064 ne
1782 3001 1876 3078 possit

246 3100 395 3177 squamis
414 3114 489 3162 sese
506 3096 743 3176 prementibus.
758 3099 863 3169 »Una
875 3096 933 3158 uni
955 3112 1041 3158 con-
1096 3099 1261 3173 oblivisci,
1272 3100 1378 3163 nostri
1387 3101 1556 3165 misertus.
1565 3100 1660 3167 Unde
1670 3103 1753 3163 Osee
1762 3099 1821 3178 (11,
1831 3097 1872 3177 3):

242 3197 408 3276 jungitur,
425 3197 460 3259 et
472 3211 535 3260 nec
553 3193 757 3272 spiraculum
769 3193 903 3272 quidem
918 3192 1043 3267 iacent
1094 3214 1114 3258 c
1138 3199 1206 3273 Ego
1227 3197 1324 3274 quasi
1345 3197 1504 3265 nutritius
1519 3197 1689 3274 Ephraim,
1716 3195 1874 3275 portabam

247 3311 308 3374 per
321 3310 390 3357 eas.
406 3295 480 3355 Una
494 3292 645 3355 adheret
658 3291 768 3367 alteri,
782 3297 818 3353 et
831 3292 982 3355 tenentes
993 3305 1043 3352 se·
1095 3308 1153 3355 eos
1167 3292 1202 3355 ln
1224 3291 1373 3357 brachiis
1396 3292 1480 3357 meis
1495 3314 1505 3359 z
1521 3292 1555 3354 et
1577 3292 1779 3364 nescierunt,
1797 3288 1873 3369 quod

244 3407 284 3454 se
304 3406 474 3468 nunquam
507 3388 762 3467 separabuntur,
797 3389 937 3453 roseta
964 3387 1042 3463 sunt
1095 3403 1320 3457 curaremeos
1338 3406 1368 3455 a·
1394 3391 1433 3455 Iu
1458 3388 1606 3453 brachiis
1622 3391 1801 3466 portamur,
1814 3400 1874 3449 aon

246 3488 446 3567 protundum
460 3485 718 3563 desperationis,
737 3485 792 3551 rel
810 3486 1039 3561 contemptusp
1096 3484 1256 3558 humeris,
1281 3487 1317 3548 ut
1354 3485 1520 3562 significet
1551 3485 1776 3561 diligentiam
1798 3481 1873 3562 quod

245 3587 336 3651 unde
348 3585 383 3647 in
398 3585 541 3647 Threnis
558 3582 603 3663 (3,
613 3581 668 3661 53)
690 3599 728 3646 :r
744 3583 852 3660 Lapsa
864 3582 916 3644 est
938 3580 975 3643 in
990 3581 1042 3642 la·
1095 3581 1186 3643 enim
1208 3581 1404 3647 inbracbiis
1418 3583 1480 3654 est,
1496 3597 1610 3645 coram
1625 3582 1803 3649 oculisest
1823 3580 1873 3642 Sic

245 3700 321 3751 eum
342 3683 412 3751 rita
426 3697 512 3755 mea,
527 3682 563 3745 et
576 3680 760 3758 posuerunt
774 3678 919 3756 lapidem
940 3693 1042 3756 super
1095 3680 1129 3740 et
1139 3694 1200 3741 nos
1210 3677 1454 3741 debemnseum
1464 3678 1645 3751 habereut
1656 3679 1871 3747 dicitBernar·

244 3796 311 3853 me.
328 3780 472 3842 »Porta
501 3779 580 3839 sunt
605 3777 704 3840 timor
731 3776 859 3847 mundi,
889 3775 923 3839 et
947 3790 1043 3841 amor
1096 3774 1158 3837 dus
1172 3792 1180 3841 :
1196 3792 1216 3835 r
1230 3774 1358 3839 Habete
1371 3790 1459 3849 eum,
1472 3791 1537 3839 aon
1554 3778 1646 3843 retro
1668 3776 1704 3841 in
1724 3773 1868 3843 aunem.

245 3876 373 3949 mundi,
390 3873 590 3953 dequibus:
607 3873 757 3937 attollite
778 3873 914 3948 porion
929 3874 1045 3961 Pria=
1095 3871 1154 3939 sed
1169 3874 1247 3934 ante
1260 3889 1330 3949 prae
1353 3873 1472 3947 oeulis,
1496 3888 1539 3933 ne
1562 3874 1745 3951 portantes,
1760 3875 1793 3937 et
1811 3883 1870 3933 non

246 3976 351 4050 cipes,
372 3973 521 4044 vestras,
542 3971 577 4033 et
599 3972 784 4033 elevamini
800 3970 914 4045 porte
936 3969 1042 4031 mter·
1096 3969 1287 4041 odorantes,
1303 3970 1336 4031 et
1350 3984 1435 4039 onus
1446 3970 1585 4047 premat,
1599 3972 1633 4033 et
1647 3970 1731 4033 odor
1744 3965 1872 4033 poneri-

245 4076 344 4133 oalcs
362 4066 423 4148 (7).
437 4067 554 4129 Turris
574 4067 626 4129 est
645 4066 738 4131 fluxa
761 4065 923 4144 peccandi
937 4064 1042 4129 liber-
1095 4068 1180 4142 gat»
1191 4064 1271 4145 (10).
1285 4066 1325 4129 m
1336 4066 1539 4139 nescierunt,
1548 4067 1627 4143 quia
1641 4062 1871 4135 curarieosli·

246 4169 393 4232 tasmaeo
406 4166 457 4228 est
466 4164 570 4228 turris
587 4162 701 4236 Babel,
717 4178 791 4241 quae
807 4162 972 4233 aedidcata
990 4163 1042 4233 est
1094 4178 1176 4224 nore
1190 4162 1366 4225 vulnerum
1390 4177 1555 4237 meorum3
1571 4162 1609 4223 ut
1632 4163 1729 4229 isaiae
1742 4158 1874 4242 (addet

247 4265 282 4327 iia
291 4279 409 4341 campo
416 4266 579 4334 Sennaar,
587 4261 674 4322 idest
682 4260 955 4323 loetoris.Etrere
968 4261 1041 4321 tur·
1095 4258 1129 4338 4)
1144 4281 1152 4320 :
1166 4276 1185 4321 t
1199 4258 1319 4322 Audite
1333 4274 1397 4331 me,
1413 4257 1532 4325 domus
1543 4258 1659 4331 Jacob,
1672 4261 1708 4321 et
1720 4275 1812 4322 omne
1823 4269 1874 4317 re·

247 4363 295 4423 ris
309 4361 423 4434 Babel,
435 4360 524 4422 idest
541 4357 766 4432 contusionis3
790 4356 846 4417 ubi
861 4356 950 4421 enim
965 4356 1041 4432 quis
1093 4356 1227 4418 siduum
1242 4355 1360 4419 domus
1374 4354 1491 4423 lsrael,
1507 4354 1564 4432 qui
1576 4356 1757 4432 portamini
1776 4371 1796 4416 a
1809 4365 1874 4415 neo

246 4458 353 4527 effluit
365 4457 407 4521 ad
421 4456 637 4534 peccandum,
657 4455 706 4517 tot
720 4453 821 4527 babet
838 4452 1039 4526 voluntates,
1095 4453 1202 4525 utero,
1219 4452 1277 4530 qui
1297 4451 1513 4529 gestaminia
1539 4467 1614 4514 mea
1638 4453 1750 4523 vulva.
1775 4453 1874 4526 Usque

248 4556 297 4617 tot
323 4553 500 4624 desideria,
529 4551 615 4629 quod
642 4549 817 4615 confusum
840 4550 892 4614 est
915 4548 1042 4613 labium
1095 4549 1137 4610 ad
1161 4549 1329 4613 senectam
1344 4562 1406 4624 ego
1426 4546 1512 4624 ipse,
1541 4549 1575 4610 et
1597 4564 1704 4626 usque
1724 4549 1765 4615 ad
1784 4557 1875 4609 canos

249 4651 297 4713 ita
312 4649 510 4722 derisorum,
524 4644 577 4712 rel
593 4646 847 4719 desideriorum.
1095 4661 1156 4721 ego
1171 4644 1320 4723 portabo.
1338 4664 1356 4702 ν
1371 4643 1461 4715 Idem
1484 4643 1626 4707 affectus
1649 4644 1824 4714 ostenditur
1837 4639 1874 4701 in

1095 4742 1240 4805 canticis
1253 4740 1299 4821 (2,
1315 4743 1363 4815 10,
1378 4742 1417 4802 13
1429 4742 1463 4803 et
1476 4740 1528 4820 14)
1542 4758 1583 4803 2«
1599 4743 1716 4819 Surge,
1733 4751 1872 4819 propera,

1096 4839 1203 4900 amica
1217 4853 1303 4911 mea,
1320 4853 1445 4915 sponsa
1466 4835 1534 4916 (11)
1552 4853 1638 4912 mea,
1654 4840 1688 4901 et
1702 4838 1776 4901 reni
1790 4858 1797 4896 :
1810 4835 1873 4894 co·

1095 4934 1207 4997 lumba
1221 4949 1295 4996 mea
1319 4935 1354 4996 in
1382 4934 1602 4997 foraminibus
1630 4937 1743 5012 petra,
1766 4934 1797 4995 iu
1817 4943 1876 4991 ca·

284 5132 325 5206 (1)
344 5133 430 5207 vulg.
441 5131 589 5205 accingite
601 5127 1039 5203 lpmnosvesnossuperubera
1095 5126 1247 5185 mentibus.
1263 5128 1324 5184 Una
1340 5124 1389 5183 uni
1403 5125 1509 5199 conius
1532 5126 1596 5195 itur,
1611 5134 1640 5184 et
1658 5141 1696 5185 ne
1715 5122 1872 5206 spiraculum

246 5203 386 5278 plangite,
399 5218 485 5276 super
553 5202 618 5258 ione
632 5194 823 5271 desiderabili,
837 5205 893 5256 etc.
1095 5196 1208 5270 quidem
1228 5196 1334 5254 incedit
1347 5211 1397 5269 per
1416 5211 1477 5254 eas.
1525 5212 1561 5254 na
1577 5197 1659 5254 alteri
1674 5196 1824 5260 adherebit
1844 5198 1874 5248 et

284 5276 325 5346 (1)
345 5274 431 5347 Vulg.
446 5287 532 5331 ascen
552 5279 637 5329 ent·
831 5330 835 5333 ,
1096 5275 1269 5325 tenentosse
1283 5281 1465 5339 nequaquam
1480 5267 1697 5339 separabuntur.

283 5346 323 5413 (3)
343 5345 428 5416 Vulg.
444 5343 592 5400 Dominus.
1132 5341 1160 5405 (7
1194 5337 1330 5406 Psalil,
1348 5339 1374 5394 7.

284 5414 325 5484 (1)
345 5414 429 5486 vulg.
449 5414 477 5470 in
490 5411 688 5485 indignatione
705 5408 828 5468 imorem
843 5422 938 5483 suum,
953 5416 983 5468 et
995 5410 1039 5468 in·
1132 5410 1161 5479 (8
1189 5408 1274 5480 Vulg.
1290 5408 1372 5465 uteri.

244 5498 295 5541 cre
333 5483 441 5540 tionem
453 5497 547 5550 auam,
560 5488 616 5541 etc.
753 5540 756 5546 ,
1131 5479 1172 5548 (9)
1189 5478 1274 5550 Vulg.
1287 5492 1366 5559 non„

283 5556 295 5623 (
346 5552 553 5625 Vulgvalide.
1132 5545 1496 5620 (19)891111.131101111.,
1511 5561 1540 5605 n.
1554 5548 1581 5604 ὅ.

282 5554 326 5691 (6)
345 5622 430 5694 vulg.
449 5621 553 5690 insilia,
575 5628 756 5692 compactum
776 5620 904 5692 squamis
922 5628 954 5676 so
974 5636 1038 5694 pre·
1133 5620 1191 5693 (11)
1207 5618 1292 5691 Vulg.
1309 5618 1450 5690 speciosa.
