3950 6200
278 329 338 389 227

709 336 742 397 S.
767 337 988 402 FRANGISCI
1009 342 1237 407 asalsiauls
1259 349 1487 415 opusculis.

1829 373 1874 437 228

275 488 366 551 todi:
383 490 455 569 ipse
467 506 546 554 vero
556 494 668 556 eustos
682 496 946 562 misericorditer
954 502 1071 579 provi·
1123 503 1186 566 bus
1196 507 1371 583 universis,
1389 514 1444 574 Fr.
1458 516 1656 579 Franciscus
1667 519 1700 582 in
1711 523 1874 593 Cbnstoss·

275 586 354 649 deat
367 588 410 659 ei,
432 589 610 667 sicutipse
634 592 735 656 vellet
755 596 925 672 provideri
947 598 1010 660 sibi
1033 600 1068 661 in

273 684 442 747 consimili
457 703 549 748 casu.
566 691 606 751 ut
620 691 675 753 isti
691 693 823 768 penitus
840 710 907 756 non
924 695 1069 760 habeant

274 785 471 860 potestatem
488 785 683 864 injungendi
709 790 810 852 aliam
825 793 1067 869 penitentiam,

274 880 340 941 nisi
351 881 445 943 illam
460 904 468 943 ι
484 883 587 957 Vade,
613 889 646 949 et
666 887 736 948 noli
758 890 900 967 amplius
916 906 1066 968 peccare.

272 980 340 1040 ista
352 978 419 1052 tac,
435 981 469 1043 et
482 982 568 1044 vale.

531 1199 735 1261 EPISTOLA
756 1201 813 1261 IX.

304 1330 357 1390 nd
374 1331 608 1404 provinciales
626 1332 767 1394 Ordtrns
778 1335 958 1396 Minorem
974 1333 1033 1414 (1).

271 1459 409 1517 Praelatus
430 1473 489 1517 uon
513 1460 549 1517 sit
567 1476 754 1533 personarum
783 1472 926 1538 acceptor,
955 1473 984 1523 et
1009 1481 1066 1524 uon

338 1547 422 1606 lacile
436 1557 626 1622 persecutam
642 1550 834 1610 obedientiam
846 1554 1003 1629 praecipiat.

310 1672 491 1737 Dilectisin
502 1676 633 1739 Christo
645 1677 802 1741 iratribus
813 1680 977 1744 ministris
993 1697 1068 1759 pro·

270 1770 472 1833 uincialibus
483 1773 619 1835 Ordinis
633 1775 812 1838 Minorem.
965 1818 980 1853 ,

310 1870 347 1930 ln
361 1870 524 1946 regimine
537 1874 660 1945 vestre,
683 1873 804 1936 iratres
824 1874 982 1949 ministri,
1000 1877 1064 1937 duo

269 1981 329 2028 vos
342 1966 504 2045 deprecor
519 1990 526 2029 :
545 1969 808 2049 primumquod
823 1988 891 2034 non
901 1972 975 2034 sitis
987 1989 1066 2050 per·

269 2079 426 2126 sonarum
437 2068 681 2143 acceptatores;
694 2070 887 2143 secundum,
899 2070 984 2148 quod
997 2087 1064 2132 non

268 2162 472 2240 praecipiatis
480 2162 579 2226 facile
588 2181 647 2241 per
658 2168 808 2229 sanctam
816 2167 1041 2231 obedientiam
1054 2191 1062 2231 :

268 2261 346 2338 quia
359 2260 423 2322 boc
435 2263 486 2323 est
498 2262 765 2339 statimgladium
774 2264 966 2342 evaginare,
976 2266 1062 2344 quod

268 2373 336 2419 non
351 2356 448 2420 debet
460 2358 546 2428 lieri,
558 2359 624 2421 nisi
637 2362 768 2425 matura
782 2362 1061 2438 consideratione,

267 2456 301 2518 et
313 2470 434 2532 magna
450 2457 637 2520 occasione.
650 2459 687 2520 in
700 2459 877 2533 mandatis,
886 2460 1061 2534 moderati,

267 2552 302 2614 in
315 2553 519 2631 peccatores,
532 2554 776 2629 misericordes,
786 2557 1005 2622 condonando
1018 2558 1064 2620 ia·

267 2648 361 2723 ciles,
378 2650 412 2712 in
432 2650 523 2713 victu
546 2651 765 2725 abstinentes,
782 2655 817 2715 in
836 2655 956 2718 vestitu
974 2672 1062 2733 pau-

267 2763 376 2824 peres,
397 2748 433 2808 in
456 2748 569 2810 verbis
591 2746 768 2823 mansueti,
792 2754 859 2813 Deo
883 2752 915 2814 et
941 2753 1062 2815 ciliciis

267 2845 391 2907 uestris
406 2844 521 2907 fideles
542 2846 659 2909 estote.
677 2850 727 2909 Ex
741 2849 898 2925 operibus
915 2850 1017 2912 verba
1029 2855 1062 2914 et

269 2944 435 3020 precepta
459 2942 577 3015 eruite,
594 2943 623 3004 si
647 2943 748 3007 vultis
772 2945 858 3023 quod
883 2946 1005 3011 subditi
1019 2964 1063 3011 ex

268 3038 381 3102 verbis
396 3039 517 3103 vestris
530 3039 684 3104 iacienda
703 3040 908 3121 depromant,
925 3046 958 3109 et
972 3046 1059 3124 quod

266 3153 324 3200 ore
334 3138 527 3218 praecipitis,
542 3139 594 3200 illi
613 3156 714 3218 opere
729 3143 927 3221 compleant.
937 3145 1061 3208 maleta

266 3236 302 3298 iu
318 3236 468 3299 Domino.

529 3391 733 3453 EPISTOLA
752 3393 794 3453 X.

385 3523 635 3597 recapitulem
647 3529 810 3600 peomne
824 3528 865 3588 II
877 3523 938 3607 (2).

265 3655 298 3713 ln
317 3652 372 3711 bec
389 3651 510 3726 epistola
533 3650 635 3711 iratres
651 3669 711 3712 sue
729 3656 890 3714 vocationis
910 3656 1058 3726 admonet,

300 3742 330 3800 ln
344 3757 378 3800 ea
393 3755 576 3815 perseverare
595 3741 771 3813 adhortatur,
787 3751 817 3802 et
835 3746 953 3818 Regula
965 3747 1061 3805 obser·

300 3832 438 3900 vantium,
455 3828 582 3888 divinum
601 3830 708 3888 cultum
732 3839 760 3889 et
779 3833 904 3892 cilicium
926 3835 1060 3894 omnibus

299 3916 491 3977 commendat

305 4044 510 4109 Reverendis
525 4045 557 4107 et
573 4045 713 4109 multum
735 4046 914 4124 diligendis
939 4047 1058 4112 iratri-

302 4192 344 4280 (ι)
357 4193 472 4279 Eadem
481 4207 552 4267 quas
562 4194 591 4250 in
600 4202 771 4276 argumento
780 4195 915 4268 Epistola
928 4196 1059 4269 septima

266 4264 550 4397 calliditati
563 4264 1059 4421 ututlltilitiitlliiu

266 4410 450 4482 piamonem
464 4407 538 4481 apud
551 4406 726 4465 Rebolledol
741 4407 927 4490 part.,lib.11‚
940 4423 1003 4482 cup.
1012 4411 1056 4479 27,

265 4495 330 4537 eam
346 4480 475 4535 iuvenire
487 4479 632 4551 potuimus
638 4493 647 4548 3
660 4478 706 4534 eui
721 4479 787 4535 licet
798 4479 917 4552 diguam
932 4480 1056 4537 auctori·

267 4558 364 4618 tatem,
377 4557 426 4607 sut
436 4564 547 4620 aquam
563 4548 648 4606 iidem
664 4563 837 4622 negareuon
850 4552 982 4618 velimus,
991 4566 1055 4610 sus·

266 4621 408 4695 picionem
422 4626 517 4676 temen
531 4633 588 4702 non
600 4634 718 4692 parvam
729 4629 858 4694 generat,
873 4622 948 4706 quod
963 4623 1057 4680 solum

266 4689 1057 4846 attitulatumtlitiritttitiiultiu

265 4829 1058 4961 lietaltitullatuutltuulrfiili:

266 4940 713 5052 mentumbujuseliormnn’dae
735 4971 740 4983 '
759 4970 825 5028 tola
844 4986 911 5029 enm
926 4944 1054 5045 ’sumpsi-

265 5045 349 5110 sisse,
364 5043 430 5099 licet
440 5041 475 5097 ab
485 5055 519 5097 ea
532 5039 702 5112 longissime
733 5042 805 5098 isere
843 5049 862 5098 l.
875 5045 946 5100 Eam
957 5058 1009 5100 nos
1020 5059 1056 5103 ex

265 5115 311 5171 llis
332 5128 389 5170 ano
402 5110 538 5168 idiomate
556 5112 753 5168 transtulimus
769 5112 799 5168 in
822 5113 940 5169 atinum.

301 5129 343 5258 (g)
366 5186 435 5239 iiam
451 5181 557 5240 babent
571 5181 694 5264 ilbertus
708 5182 756 5239 lib.
772 5184 887 5266 Yaffl·
911 5187 941 5254 ⁷3
953 5184 1057 5242 Biblio-

264 5255 344 5312 tiron
363 5257 415 5310 oet.
433 5252 563 5316 Petrum,
578 5251 711 5309 editionis
726 5255 891 5323 parisiens,
902 5258 1016 5322 tom.V‚
1027 5262 1056 5313 et

264 5325 437 5391 fnlonieus,
452 5330 522 5380 tom.
539 5324 847 5392 illiminantem
862 5332 934 5398 part.
947 5325 1036 5383 lolii
1045 5342 1054 5397 ;

263 5397 389 5452 Mecum.
404 5395 551 5465 utriusque
562 5394 690 5464 imperes.
702 5402 782 5452 tract.
798 5396 825 5462 i,
836 5395 902 5453 iicet
913 5396 1056 5454 indistino

263 5474 321 5524 tsm
338 5465 374 5523 ab
387 5465 507 5537 epistola
531 5465 574 5532 lt,
590 5464 619 5521 in
632 5464 713 5536 quus
732 5466 871 5538 principio
886 5466 961 5525 bane
982 5482 1054 5539 prm·

264 5538 366 5609 liguot.
387 5539 442 5595 Per
458 5542 600 5592 solamen
619 5535 814 5607 reponendam
835 5537 967 5596 duximus
987 5552 1054 5595 cum

264 5606 460 5680 Rodulpb,llb.
476 5608 511 5673 il,
521 5606 569 5662 iol.
581 5605 650 5663 uuili
662 5607 724 5671 237,
738 5614 765 5663 et
779 5606 954 5667 llebolledol
968 5615 1053 5679 part,

264 5679 301 5735 ib.
327 5681 363 5748 ll,
388 5693 451 5750 cap.
474 5675 522 5745 io,
548 5692 582 5734 eo
599 5675 674 5749 quod
701 5676 864 5735 distinctum
892 5679 929 5735 sit
948 5679 1051 5736 utrius·

1124 603 1239 666 lutam.
1350 654 1353 659 .

1164 703 1292 765 Nomen
1308 705 1365 766 usi
1386 706 1573 784 audientes,
1590 712 1721 778 adorate
1734 732 1799 781 eum
1817 738 1874 787 cnm

1123 798 1243 862 timore
1267 801 1300 863 et
1324 807 1513 868 reverentia
1535 811 1632 886 proni
1652 811 1685 873 in
1705 816 1796 878 terra.
1816 821 1874 884 Ideo

1123 896 1215 959 misit
1227 914 1285 961 vos
1307 901 1391 963 usus
1415 903 1449 964 in
1472 907 1630 969 muudum
1650 911 1831 988 unbersum,
1849 921 1875 982 ut

1122 993 1224 1057 verbo
1243 998 1277 1058 et
1295 1012 1392 1073 opere
1407 999 1724 1069 detistestlmonlum
1736 1011 1874 1090 vociejus,

1123 1092 1156 1153 et
1177 1091 1309 1155 iacietis
1325 1110 1436 1159 omnes
1451 1101 1538 1162 scire
1558 1103 1644 1179 quod
1660 1118 1722 1166 aon
1743 1110 1789 1168 est
1807 1110 1874 1172 alius

1123 1189 1244 1264 prester
1258 1189 1375 1266 ipsum
1393 1195 1619 1274 indisciplina
1641 1202 1674 1262 et
1693 1204 1797 1264 sancta
1815 1204 1877 1267 obe·

1123 1285 1246 1347 dientia
1259 1292 1481 1368 perseverate;
1507 1296 1540 1356 et
1560 1311 1635 1373 quae
1656 1299 1835 1374 promisistis
1848 1304 1873 1364 ei

1121 1379 1209 1443 bono
1223 1386 1400 1460 proposito,
1416 1389 1595 1466 adimplete
1612 1408 1672 1469 per
1683 1395 1797 1456 omnia·
1816 1400 1874 1467 Oro,

1122 1478 1208 1542 sicut
1220 1496 1365 1558 possum,
1382 1488 1571 1558 generalem
1591 1490 1783 1563 ministrum,
1798 1495 1829 1555 ut
1838 1493 1877 1555 ta·

1121 1577 1190 1638 ciat
1201 1578 1363 1654 Regulam
1377 1580 1417 1641 ab
1427 1585 1581 1647 omnibus
1595 1587 1822 1652 inviolabiliter
1832 1591 1877 1653 cb-

1121 1676 1260 1737 servari.
1278 1680 1317 1739 Et
1329 1678 1440 1741 cleriei
1453 1683 1566 1746 dicant
1583 1683 1731 1747 divinum
1752 1687 1875 1750 osticium

1121 1787 1195 1832 cum
1207 1771 1383 1836 devotione
1396 1792 1504 1841 coram
1523 1783 1603 1853 Deo,
1623 1799 1689 1845 nou
1702 1785 1875 1846 attendentes

1120 1868 1298 1933 melodiam
1317 1874 1420 1946 vocis,
1437 1877 1492 1938 sed
1507 1881 1757 1943 consonantiam
1769 1881 1874 1943 mentis.

1120 1967 1252 2030 Etbeue
1266 1970 1376 2032 valete
1388 1971 1423 2031 in
1440 1974 1588 2039 Domino.

1343 2221 1542 2286 sersaoni
1561 2226 1609 2287 ru
1622 2225 1685 2307 (a).

1288 2355 1341 2414 Ad
1357 2356 1545 2430 capitutum
1558 2367 1732 2439 venerate.

1118 2481 1261 2557 Proecipua
1281 2483 1503 2559 precedentium
1516 2488 1684 2561 litterarum,
1700 2494 1728 2550 in
1740 2491 1783 2549 bis
1796 2492 1877 2549 iterun

1152 2579 1287 2643 uuquam
1303 2572 1446 2646 religiosis
1460 2576 1529 2633 viris
1544 2582 1717 2649 necessaria,
1736 2581 1879 2654 repetitio

1151 2658 1239 2717 bitum
1252 2661 1280 2718 iu
1291 2662 1368 2719 cultu
1381 2669 1411 2720 et
1424 2662 1520 2721 oiiicio
1545 2665 1641 2727 divino
1656 2669 1797 2728 observari
1815 2675 1878 2740 rogat

1150 2747 1304 2821 bonorem;
1317 2749 1451 2810 eumdem
1466 2752 1572 2811 divims
1582 2758 1745 2816 nominibus
1756 2756 1879 2828 etseriptis

1149 2836 1287 2895 exbiberi.
1312 2839 1462 2912 Regulam,
1489 2844 1709 2920 regularemque
1726 2845 1878 2918 disciplinam

1150 2925 1251 2984 iratres
1263 2928 1366 2985 sectari
1377 2927 1551 2990 adhortatur.

1155 3062 1358 3127 Reverendis
1390 3066 1423 3128 et
1455 3067 1595 3131 multum
1621 3068 1808 3149 diligendis,
1831 3065 1881 3128 ml·

1116 3163 1219 3224 nistro
1233 3163 1393 3237 generali,
1408 3166 1442 3226 et
1455 3166 1586 3227 caeteris
1598 3166 1758 3231 iratribus
1771 3165 1881 3229 Ordinis

1115 3261 1289 3332 Minorum,
1311 3257 1416 3324 irater
1438 3262 1821 3328 Franciscusincbristo
1833 3277 1880 3323 sa·

1114 3359 1224 3421 lutem.

1155 3455 1235 3530 Quia
1250 3455 1307 3534 qui
1320 3472 1363 3517 ex
1376 3457 1443 3518 Deo
1459 3458 1509 3519 est
1523 3458 1625 3521 verba
1640 3460 1702 3522 Dei
1719 3459 1823 3532 audit;
1836 3456 1883 3517 de-

1113 3553 1226 3617 bemus
1251 3552 1389 3630 proinde
1418 3570 1491 3627 nos,
1523 3556 1643 3620 iratres
1671 3552 1881 3624 amantissimi,

1114 3653 1170 3732 qui
1186 3650 1390 3730 spiritualius
1404 3651 1528 3714 divinis
1540 3670 1656 3716 sumus
1667 3655 1784 3718 ciliciis
1797 3653 1883 3728 depu-

1115 3751 1186 3822 tati,
1209 3765 1275 3811 non
1295 3749 1404 3814 solum
1425 3749 1543 3812 audire
1564 3753 1598 3814 et
1612 3752 1725 3816 lacere
1738 3769 1807 3831 quae
1819 3747 1884 3811 dicit

1114 3850 1208 3919 Deus,
1231 3862 1348 3908 verum
1364 3848 1521 3910 etiamad
1545 3849 1781 3913 insinuandam
1793 3849 1884 3910 inuo-

1113 3946 1164 4007 bis
1179 3944 1385 4007 altitudinem
1400 3946 1567 4009 creatoris
1586 3949 1708 4022 nostri,
1732 3948 1807 4012 etin
1826 3945 1883 4022 ipso

1114 4043 1347 4121 subjectionem
1363 4045 1522 4117 nostram,
1536 4060 1617 4108 vasa
1630 4045 1883 4108 etoillcialiacae·

1113 4192 1882 4324 lli:lssuailtiilatuttititimld

1113 4337 1158 4395 nis
1172 4344 1235 4393 aute
1254 4334 1316 4408 eius
1339 4342 1459 4393 mortem
1496 4306 1542 4393 ilia'
1563 4337 1648 4408 paulo
1673 4344 1759 4408 ante;
1784 4327 1884 4415 Ιιερρᾶ

1112 4408 1267 4480 Capitulum
1286 4405 1433 4480 generale,
1453 4376 1499 4462 illa
1526 4405 1561 4464 ad
1580 4408 1747 4465 sacerdotes
1771 4404 1882 4482 ordinm

1113 4486 1142 4536 ut
1157 4492 1187 4534 er
1200 4475 1309 4534 eisdem
1323 4477 1397 4549 apud
1410 4476 1543 4533 eumdem
1557 4476 1647 4534 Rodul
1693 4485 1744 4537 .et
1754 4488 1845 4535 eorum
1854 4479 1882 4529 u·

1112 4550 1178 4607 tulis
1190 4550 1235 4605 vel
1251 4547 1483 4630 inscriptionibus
1497 4547 1632 4620 colligere
1657 4551 1725 4607 icet.

1148 4618 1185 4693 (3)
1202 4621 1272 4676 Eam
1283 4618 1411 4690 capitulo
1425 4616 1537 4675 cuidam
1550 4618 1691 4690 generali,
1700 4620 1761 4677 sive
1775 4610 1884 4699 sacuam

1125 4689 1161 4747 de
1174 4705 1227 4763 quo
1266 4688 1418 4745 recedenti
1439 4688 1558 4760 epistola
1575 4690 1753 4747 mentionem
1771 4687 1884 4771 lacinii,

1123 4761 1232 4833 scitque
1245 4703 1334 4816 Kedoi
1357 4758 1397 4826 h.,
1413 4757 1461 4815 lib.
1474 4761 1511 4827 ll,
1525 4765 1606 4816 tract.
1625 4760 1802 4817 cadomum
1821 4767 1886 4838 peue-

1111 4829 1230 4902 rnlilus)
1243 4830 1305 4885 sive
1321 4774 1368 4886 afu
1389 4828 1558 4901 cuicumque
1581 4831 1718 4902 scriptam
1741 4829 1886 4954 cotbffiimus

1110 4919 1146 4961 es
1156 4903 1200 4958 illa
1212 4898 1327 4974 periodo
1342 4916 1349 4956 ι
1366 4900 1466 4958 Clerici
1480 4899 1577 4956 dicant
1588 4900 1720 4958 Oilieium
1733 4914 1797 4957 cum
1827 4907 1885 4976 ero·

1112 4976 1194 5041 tione,
1222 4979 1289 5038 etc,
1311 4984 1397 5042 quam
1424 4984 1439 5026 a
1461 4968 1500 5026 ud
1516 4971 1651 5027 Pisanum
1673 4963 1887 5045 invenimuslrb.

1110 5043 1188 5104 conl.
1206 5043 1250 5110 li,
1265 5043 1363 5123 capi,
1378 5038 1431 5098 sub
1444 4985 1501 5097 doe
1515 5040 1595 5122 titulo
1607 5057 1614 5097 :
1628 5042 1660 5099 in
1674 5042 1801 5124 Epistola
1818 5049 1884 5108 capt·

1110 5118 1169 5173 tulo
1178 5112 1306 5187 generali
1317 5111 1434 5169 directa.
1448 5113 1482 5168 Et
1492 5126 1528 5167 ex
1541 5110 1621 5168 titulo
1631 5125 1717 5183 quem
1728 5112 1818 5168 eidem
1831 5119 1888 5188 pter

1110 5186 1298 5259 ligituterque
1311 5181 1403 5240 codex
1418 5183 1475 5239 tls.
1500 5182 1591 5239 Aesis.
1608 5196 1695 5254 quem
1713 5182 1810 5238 videre
1823 5179 1885 5255 boet.

1109 5259 1221 5324 ictam,
1246 5255 1320 5311 sieut
1342 5252 1399 5310 buo
1421 5252 1669 5325 manscripsimus,
1695 5253 1779 5309 nobis
1801 5245 1888 5330 obuli

1110 5327 1239 5392 Uberius,
1248 5324 1297 5381 lib.
1306 5324 1340 5391 V,
1348 5337 1410 5396 cup.
1425 5326 1450 5389 7,
1462 5330 1490 5379 et
1500 5329 1618 5394 uterque
1627 5321 1718 5380 codex
1728 5324 1785 5380 ils.
1797 5323 1886 5380 usis,

1110 5391 1530 5460 lieetdecimaetduodecimm,
1539 5407 1611 5464 quos
1624 5393 1652 5449 in
1662 5407 1763 5460 unam,
1777 5388 1883 5472 conglo-

1110 5473 1263 5531 meraruut,
1289 5466 1449 5521 insertam:
1470 5466 1535 5536 quia
1558 5471 1653 5521 mmen
1677 5463 1743 5519 illas
1769 5463 1804 5521 ab
1823 5472 1886 5517 run·

1108 5553 1171 5595 cem
1184 5541 1384 5610 separasset
1402 5534 1437 5592 sb
1452 5532 1507 5592 bac
1518 5533 1656 5591 discretas
1672 5533 1807 5601 vidimus,
1823 5524 1888 5611 apud

1108 5614 1305 5674 ecssnctores
1321 5603 1511 5677 posseisdem
1527 5604 1712 5679 preflgimus,
1725 5604 1799 5661 bane
1812 5608 1887 5657 enam

1109 5695 1158 5752 per
1176 5693 1208 5736 se
1219 5676 1408 5749 separandam
1420 5674 1564 5733 duximus.
