3950 6200
859 322 1037 389 aenean
1058 324 1104 388 111
1123 322 1273 390 OPERA.

548 493 736 582 CLXXVI

246 650 299 708 Act
316 648 470 709 abbatem
491 648 526 707 S.
549 648 726 716 Pontiani,
750 647 784 705 S.
807 647 984 706 Michaelis
1003 644 1037 705 ct

346 747 381 806 S.
405 744 591 817 separate
609 746 749 816 priores
770 745 936 803 Lucanos.

532 874 569 931 ΞΟ
578 873 641 947 julii
661 874 741 931 liat.
1031 880 1038 895 '

323 989 473 1054 tilittarelli,
484 987 579 1039 Annei.
597 987 749 1047 camaldul,
763 987 806 1047 Iv,
819 1001 878 1052 app.
890 986 956 1048 Ita]

243 1106 292 1162 Eis
316 1119 435 1161 causam
459 1104 572 1161 abbatis
603 1109 819 1173 conventusque
842 1104 870 1159 S.
901 1102 978 1158 Petri
1002 1100 1037 1157 de

277 1193 407 1250 Pozenlis
427 1199 526 1248 contra
544 1204 696 1248 mmmunc
712 1190 749 1247 de
767 1190 929 1257 Vivtnaria,
951 1204 1037 1260 super

276 1279 418 1337 divisione
441 1278 590 1351 cuiusdam
613 1280 741 1336 nemons
761 1285 936 1345 vertentem,
961 1277 1034 1349 diJ'u-

277 1367 428 1425 dicandum
450 1367 611 1424 committit.

281 1485 449 1545 Honorius
458 1485 644 1561 episcopus,
657 1498 773 1544 servus
781 1497 953 1545 servorum
962 1483 1034 1554 Dei,

242 1581 371 1642 dilectis
397 1580 476 1641 tiliis
479 1624 539 1640 .....
566 1579 677 1642 abbati
707 1580 821 1641 Sancti
857 1580 1033 1650 Pontiani,

242 1679 356 1740 Sancti
393 1678 587 1749 Michaelis,
631 1679 665 1739 et
697 1678 828 1738 Sanctae
858 1678 1035 1753 Reparatae

242 1775 410 1852 prioribus
429 1775 588 1846 Lucanis,
607 1774 759 1846 salutem,
777 1776 840 1835 eto.

281 1872 458 1943 Querelam
482 1872 678 1934 dilectorum
698 1872 842 1933 liliorum
846 1913 906 1931 .....
929 1870 1035 1932 abba·

241 1969 285 2031 tls
310 1971 344 2030 et
366 1971 548 2030 conventus
569 1970 683 2030 Sancti
706 1968 798 2030 Petri
822 1967 863 2029 de
883 1967 1035 2028 Pozenlis

241 2067 429 2142 recepimus
445 2064 680 2137 continentem,
698 2065 784 2142 quod
805 2080 979 2125 commune
994 2065 1035 2125 de

240 2163 426 2234 Vivinaria,
443 2165 505 2223 P...
523 2165 586 2223 B...
603 2164 665 2223 Ε
683 2164 716 2223 et
730 2162 865 2239 quidam
883 2162 943 2223 alii
964 2164 1033 2225 Lu-

241 2275 334 2325 canae
365 2260 518 2321 dioecesis
548 2275 648 2336 super
672 2259 836 2320 dietsione
861 2259 1033 2336 cujusdam

240 2356 399 2425 nemoris,
419 2355 620 2427 hominibus,
648 2356 845 2428 redditibus,
875 2355 1034 2418 strabus

242 2453 321 2514 aliis
339 2453 543 2530 injuriantur
572 2452 709 2514 eisdem.
739 2451 878 2529 Ideoque
902 2453 1032 2514 discre-

238 2550 325 2612 tioni
337 2551 457 2610 vestrae
469 2564 529 2626 per
543 2549 731 2625 Apostolica
749 2549 872 2624 scripta
892 2550 1033 2610 manda-

240 2660 326 2718 mus,
341 2647 504 2721 quatenus
517 2645 667 2721 partibus
679 2645 1032 2715 convocatisaudiatis

240 2757 387 2812 causam,
404 2746 436 2802 et
450 2740 672 2818 appellatione
692 2742 818 2802 remota
839 2741 904 2802 tine
922 2742 1032 2803 debito

238 2838 436 2911 terminetis
448 2837 619 2909 iacientes,
635 2838 720 2915 quod
732 2838 956 2912 decreveritis,
974 2855 1033 2916 per

239 2950 416 2997 censuram
459 2920 720 2997 ecclesiasticam
747 2934 886 2995 tirmiter
912 2935 1031 2996 obser-

238 3032 323 3104 vari,
340 3032 474 3108 prorIso
489 3034 616 3105 tamen,
637 3046 680 3094 ne
700 3032 734 3092 in
752 3048 924 3092 commune
940 3048 1031 3109 prae-

238 3129 363 3191 dictum
389 3129 560 3193 interdicti
591 3129 644 3190 vel
679 3129 1031 3191 excommunicationis

238 3226 421 3288 sententias
433 3226 622 3303 proferatis,
637 3226 703 3287 nisi
714 3242 814 3302 super
825 3226 889 3288 hoc
901 3242 921 3287 a
933 3225 1031 3287 nobis

237 3324 429 3394 mandatum
452 3324 647 3400 receperitis
662 3324 817 3400 speciale.
834 3325 949 3385 Testes
964 3338 1030 3384 au-

235 3421 314 3492 tem,
336 3422 398 3482 etc.
423 3422 542 3482 Datum
568 3420 736 3492 Laterani,
762 3422 840 3481 XIII
868 3419 1029 3481 kalendas

236 3517 381 3594 augusti,
397 3517 610 3595 pontificatus
624 3519 731 3579 nostri
749 3533 838 3580 anno
855 3517 994 3580 decimo.

529 3739 739 3826 otxxvssj

347 3889 399 3947 Ad
421 3889 657 3958 Fredcrtcam,
681 3891 918 3949 Romanorum

500 3984 760 4058 imperatorem.

536 4110 744 4184 inunum.

298 4225 428 4291 tuorna,
443 4225 505 4277 coe.
519 4225 627 4276 domim
638 4226 797 4290 temporam,
808 4226 829 4284 1.
844 4227 884 4286 ai,
899 4226 965 4292 ias]

233 4343 276 4400 lie
290 4356 306 4399 a
317 4341 450 4415 gentibus
462 4342 522 4399 suls
531 4343 714 4399 securitatem
726 4341 837 4399 viarum
850 4342 1027 4414 publicarum

286 4430 316 4486 in
328 4430 455 4488 dominio
473 4432 610 4489 Romane
623 4430 759 4488 Bedese
773 4431 874 4488 dolari
888 4430 973 4487 sinat.

272 4545 440 4607 Honorius
465 4547 650 4623 episcopus,
679 4549 754 4618 etc„
785 4547 960 4608 carissimo
991 4547 1026 4607 in

233 4637 364 4700 Christo
387 4639 456 4700 illio
472 4640 662 4711 Frederico,
688 4641 811 4702 illustri
834 4641 1026 4717 imperatori

233 4749 367 4811 semper
377 4737 518 4811 augusto
527 4735 639 4810 etregi
649 4736 785 4805 Siciliae,
799 4737 952 4809 salutem,
962 4738 1025 4799 etc.

272 4832 353 4892 Cum
376 4830 530 4892 omnibus
554 4831 712 4907 injuriam
733 4832 935 4908 patientibus
963 4850 1027 4909 pa-

1828 327 1889 389 128

1092 501 1152 547 nos
1167 486 1308 564 oportet,
1319 487 1352 547 et
1365 486 1486 548 stratas
1501 484 1650 563 publicas
1662 482 1774 548 debita
1787 500 1890 549 secu-

1091 583 1189 644 ritate
1203 584 1300 653 tueri,
1319 586 1441 660 quanto
1455 583 1488 642 id
1508 583 1549 643 ad
1571 587 1731 660 majorem
1748 584 1886 645 utilita-

1091 680 1156 740 tem
1186 680 1287 741 totius
1316 681 1427 756 populi
1462 679 1643 741 ChristIani
1679 681 1890 756 dignoscitur

1091 777 1290 849 redundare,
1318 791 1357 837 ac
1385 794 1405 838 a
1431 777 1734 852 praedecessoribus
1760 779 1889 838 nostris

1077 856 1214 933 ¹iactum
1242 876 1292 936 est
1323 874 1483 935 hactenus
1511 875 1544 935 et
1571 890 1591 934 a
1616 873 1711 935 nobis
1738 874 1889 936 sollicite

1094 971 1317 1047 procuratum.
1341 971 1398 1047 qui
1416 972 1470 1031 ter
1494 971 1528 1030 in
1553 986 1652 1042 anno,
1670 970 1828 1032 videlicet
1852 973 1889 1032 in

1091 1069 1146 1129 die
1171 1071 1280 1128 Coenae
1304 1068 1503 1139 Dominicae,
1536 1068 1619 1129 testo
1647 1069 1887 1140 ascensionis,

1092 1165 1341 1226 consecratione
1364 1165 1512 1225 basilicae
1534 1165 1622 1225 beati
1644 1166 1747 1236 Petri,
1763 1165 1892 1226 solem-

1091 1262 1179 1322 niter
1193 1264 1356 1338 praesente
1370 1261 1438 1323 toto
1452 1262 1584 1338 populo,
1601 1262 1657 1338 qui
1677 1261 1718 1321 de
1741 1261 1890 1322 dirersis

1092 1358 1204 1418 mundi
1217 1357 1367 1434 partibus
1381 1358 1460 1420 tunc
1475 1359 1654 1427 concurrit,
1670 1373 1787 1419 omnes
1806 1358 1888 1419 vio·

1091 1455 1214 1516 latores
1226 1456 1405 1516 stratarum
1420 1471 1495 1515 cum
1508 1456 1579 1515 suis
1593 1454 1811 1532 complicibus
1824 1471 1890 1516 ex-

1091 1552 1402 1613 communicationis
1423 1552 1558 1613 ninculo
1572 1551 1780 1613 innodemus.
1797 1555 1890 1614 Sane

1091 1650 1179 1709 tilius
1207 1648 1324 1719 Belial,
1348 1649 1541 1709 Tancredus
1555 1649 1596 1709 de
1619 1649 1794 1725 campilio,
1821 1649 1890 1711 hoc

1091 1746 1176 1807 sicut
1200 1746 1357 1807 convenit
1377 1761 1443 1806 nen
1459 1746 1644 1816 attendens,
1667 1761 1775 1822 nuper
1789 1746 1889 1806 mili-

1088 1845 1158 1904 tum
1173 1841 1344 1903 Bartholdi
1367 1842 1578 1903 multitudine
1589 1842 1747 1911 sociatus,
1761 1842 1891 1902 multos

1089 1941 1157 2001 tem
1179 1942 1301 2000 nostrae
1325 1938 1473 2009 tamiliae,
1496 1955 1594 2016 quam
1610 1938 1695 1999 alios
1709 1939 1890 2001 venientes

1089 2040 1122 2099 et
1131 2037 1308 2098 redeuntes
1323 2035 1365 2097 ab
1380 2036 1569 2113 Apostolica
1585 2035 1669 2095 Sede
1684 2036 1782 2112 cepit,
1801 2050 1891 2111 quos

1089 2149 1149 2212 per
1169 2134 1266 2195 devia
1289 2133 1413 2194 ducens
1437 2134 1470 2195 et
1491 2131 1688 2210 campilium
1710 2131 1762 2193 ire
1782 2147 1887 2194 com·

1089 2232 1228 2309 pellens,
1250 2230 1408 2306 gravibus
1427 2231 1564 2291 affectos
1578 2230 1712 2305 inJuriis
1737 2228 1779 2289 ad
1795 2232 1890 2290 Ber·

1088 2328 1237 2390 tholdum
1260 2328 1369 2389 media
1387 2330 1483 2389 nocte
1503 2326 1698 2397 transmisit,
1722 2325 1778 2401 qui
1795 2342 1891 2402 prae-

1088 2427 1275 2502 sumptione
1305 2423 1486 2485 damnabili
1508 2439 1622 2485 omnes
1648 2424 1796 2499 ipsorum
1826 2423 1892 2484 lit·

1088 2524 1177 2583 teras
1192 2523 1385 2598 impetratas
1399 2537 1418 2581 a
1434 2520 1529 2581 nobis
1542 2520 1662 2596 inspici
1677 2519 1818 2590 iaciens,
1841 2536 1891 2580 ex

1087 2619 1136 2678 eis
1152 2632 1211 2694 per
1222 2616 1383 2677 citiciales
1399 2632 1488 2681 suos,
1506 2631 1572 2676 non
1588 2614 1660 2674 sine
1673 2615 1768 2689 gravi
1785 2613 1889 2674 Sedis

1086 2713 1284 2789 Apostolicae
1313 2713 1512 2788 contemptu,
1548 2711 1620 2772 fleri
1655 2710 1734 2772 iecit
1768 2725 1890 2771 coram

1087 2810 1215 2870 cunctis
1238 2808 1424 2870 astantibus
1446 2807 1648 2868 audientiam
1668 2806 1888 2881 generalem:

1087 2906 1173 2984 qnod
1195 2906 1255 2966 vix
1276 2906 1403 2982 estqui
1426 2904 1572 2980 ambigat
1594 2904 1666 2964 sine
1688 2905 1746 2965 tua
1762 2904 1891 2964 conni-

1086 3001 1198 3062 ventia
1224 3000 1298 3061 lieri
1321 2999 1484 3075 potuisse,
1518 2999 1663 3059 maxime
1699 3014 1773 3057 cum
1799 3000 1891 3059 Ber-

1085 3099 1235 3170 tboldus,
1261 3099 1318 3174 qui
1351 3096 1415 3158 hoo
1439 3113 1526 3156 ausu
1555 3094 1685 3156 nefario
1712 3094 1889 3156 attentare

1085 3195 1346 3273 praesumpserit,
1371 3193 1415 3254 sit
1438 3193 1515 3254 tuus
1543 3192 1686 3253 nuncius
1709 3191 1887 3266 specialis,

1085 3293 1118 3353 et
1139 3307 1251 3353 coram
1277 3290 1462 3352 astantibus
1488 3289 1701 3365 proposuisse
1735 3287 1887 3357 dicatur,

1085 3390 1278 3467 predictum
1297 3388 1503 3449 Tancredum
1524 3387 1647 3447 habere
1670 3402 1689 3447 a
1708 3387 1742 3448 te
1763 3389 1889 3448 contra

1085 3487 1193 3549 certas
1210 3501 1369 3562 personas
1384 3483 1532 3545 violandi
1554 3483 1691 3544 stratam
1707 3483 1889 3546 licentiam

1085 3583 1274 3660 specialem.
1291 3586 1327 3642 ln
1343 3597 1408 3659 quo
1421 3583 1579 3658 quantum
1594 3577 1762 3656 imperiali
1775 3580 1888 3641 celsi·

1084 3680 1193 3742 tudini
1212 3678 1401 3754 derogetur,
1421 3694 1496 3738 cum
1511 3677 1677 3754 inquietos
1695 3677 1886 3753 corripere,
1905 3733 1909 3748 ,

1084 3792 1151 3837 non
1164 3775 1286 3847 fovere,
1303 3792 1343 3836 ac
1356 3774 1524 3835 maleficos
1537 3778 1570 3835 et
1585 3788 1805 3850 oppressores
1824 3774 1886 3834 in-

1084 3873 1275 3933 nocentium
1284 3870 1674 3948 persequitenearis‚nec
1684 3869 1885 3944 tuignoras,

1085 3985 1146 4030 nac
1160 3985 1221 4030 nos
1236 3971 1333 4029 atrox
1347 3968 1471 4044 injuria
1486 3967 1520 4027 in
1535 3966 1599 4027 boc
1619 3965 1777 4027 Ecclesiae
1792 3967 1890 4028 irro-

1083 4068 1160 4142 gata
1176 4066 1301 4142 patitur
1320 4065 1486 4139 ignorare.
1504 4066 1585 4123 Cum
1604 4063 1708 4137 igitur
1720 4062 1809 4122 nihil
1826 4064 1886 4136 sit,

1084 4178 1147 4239 quo
1165 4163 1271 4236 magis
1287 4162 1443 4235 tangatur
1460 4161 1564 4220 status
1584 4158 1754 4230 Ecclesiae,
1779 4176 1889 4235 qnam

1083 4259 1112 4319 si
1124 4257 1308 4320 viatoribus
1325 4260 1359 4319 et
1380 4256 1567 4333 peregrinis
1593 4256 1757 4316 securitas
1783 4256 1888 4317 auis-

1082 4357 1187 4426 ratur,
1200 4357 1233 4416 et
1243 4355 1429 4416 lItterarum
1441 4354 1547 4429 ipsius
1561 4351 1682 4413 violari
1694 4354 1889 4414 auctoritas

1082 4452 1282 4519 attentetur,
1319 4449 1532 4511 serenItatem
1565 4450 1658 4509 tuam
1690 4448 1887 4523 rogandam

1082 4548 1237 4608 duximus
1251 4548 1285 4607 et
1297 4545 1507 4617 monendam,
1520 4546 1682 4621 quatenus
1696 4545 1764 4604 tam
1778 4560 1891 4607 enor-

1081 4659 1168 4705 mem
1189 4659 1362 4705 excessum
1388 4641 1491 4703 celeri
1514 4640 1889 4702 emendationecorri-

1081 4755 1160 4815 gere
1187 4740 1336 4811 studeas,
1365 4740 1402 4800 ut
1420 4737 1606 4816 peregrinis
1634 4735 1771 4813 petendi
1800 4753 1895 4799 ora-

1081 4836 1208 4896 tionum
1230 4834 1407 4910 suffragia,
1432 4836 1467 4895 et
1489 4833 1657 4909 oppressis
1682 4832 1887 4908 postulandi

231 4929 327 4989 terno
353 4927 595 5004 compatiamur
616 4928 750 5000 affectu,
774 4930 808 4989 et
830 4930 1026 5005 gravamina
1076 4933 1241 5009 justitiam
1262 4931 1404 5007 alicuius
1427 4947 1512 4991 ausu
1530 4928 1709 4990 temerarIo
1732 4928 1888 4993 facultas

234 5023 453 5100 singulorum,
470 5025 568 5100 prout
585 5024 626 5085 ad
642 5027 792 5085 nostrum
807 5026 934 5100 spectat
948 5025 1027 5086 oili-

232 5119 337 5192 cium,
359 5120 502 5182 sollicite
518 5136 774 5198 prosequamur,
800 5121 971 5183 molestias
994 5124 1027 5185 et

1081 5028 1190 5090 debita
1212 5043 1279 5089 non
1307 5030 1447 5102 negetur
1474 5048 1482 5086 ε
1510 5025 1671 5101 alioquin,
1698 5040 1775 5085 cum
1803 5026 1887 5091 haec

1080 5126 1267 5186 incorrecta
1282 5125 1473 5200 relinquere
1493 5137 1559 5184 non
1574 5121 1752 5197 possimus,
1780 5125 1887 5199 cogi-

226 5218 390 5292 Jacturas,
406 5234 480 5295 quae
495 5217 679 5279 viatoribus
703 5219 736 5277 et
756 5219 942 5294 presertim
961 5234 1024 5279 ve·
1079 5219 1234 5293 tabimus,
1249 5220 1392 5298 qualiter
1411 5221 1455 5281 sit
1473 5218 1513 5279 ad
1537 5217 1779 5278 correctionem
1799 5220 1887 5282 tan-

231 5311 399 5374 nientibus
414 5314 455 5375 ad
470 5314 588 5374 Sedem
601 5313 826 5389 apostolicam
839 5315 871 5376 et
881 5314 1026 5375 redeun-

230 5405 319 5470 tibus
338 5408 538 5483 interuntur,
555 5411 648 5473 tanto
663 5411 853 5472 accuratius
868 5411 1025 5488 prosequi

1079 5318 1188 5379 torum
1201 5332 1398 5378 excessuum
1409 5313 1664 5392 procedendum.
1679 5314 1802 5375 Datum
1818 5318 1886 5379 La·

1079 5413 1199 5481 terani,
1214 5416 1276 5474 XII
1292 5411 1360 5474 kal.
1377 5410 1520 5486 augusti,
1536 5424 1624 5470 anno
1642 5408 1785 5471 decimo.
