<?xml version="1.0" encoding="UTF-8"?>
<!DOCTYPE html PUBLIC "-//W3C//DTD XHTML 1.0 Transitional//EN"
    "http://www.w3.org/TR/xhtml1/DTD/xhtml1-transitional.dtd">
<html xmlns="http://www.w3.org/1999/xhtml" xml:lang="en" lang="en">
 <head>
  <title>
</title>
<meta http-equiv="Content-Type" content="text/html;charset=utf-8" />
  <meta name='ocr-system' content='tesseract 3.04.00' />
  <meta name='ocr-capabilities' content='ocr_page ocr_carea ocr_par ocr_line ocrx_word'/>
</head>
<body>
  <div class='ocr_page' id='page_1' title='image "./mediiaevibiblio09bottgoog_0783.png"; bbox 0 0 3950 6200; ppageno 0'>
   <div class='ocr_carea' id='block_1_1' title="bbox 157 325 1803 407">
    <p class='ocr_par' dir='ltr' id='par_1_1' title="bbox 157 325 1803 407">
     <span class='ocr_line' id='line_1_1' title="bbox 157 325 1803 407; baseline 0.003 -20"><span class='ocrx_word' id='word_1_1' title='bbox 157 326 237 390; x_wconf 80' lang='lat'>1265</span> <span class='ocrx_word' id='word_1_2' title='bbox 536 328 644 390; x_wconf 85' lang='lat' dir='ltr'><strong>PARS</strong></span> <span class='ocrx_word' id='word_1_3' title='bbox 665 330 810 390; x_wconf 84' lang='lat' dir='ltr'>PRIMA.</span> <span class='ocrx_word' id='word_1_4' title='bbox 825 325 1109 407; x_wconf 68' lang='lat' dir='ltr'>-jaxpesl&#39;rlo</span> <span class='ocrx_word' id='word_1_5' title='bbox 1133 328 1177 390; x_wconf 91' lang='lat' dir='ltr'>IN</span> <span class='ocrx_word' id='word_1_6' title='bbox 1200 329 1404 392; x_wconf 78' lang='lat' dir='ltr'>SPALMOS.</span> <span class='ocrx_word' id='word_1_7' title='bbox 1672 372 1674 379; x_wconf 44' lang='grc' dir='ltr'><strong><em>ι</em></strong></span> <span class='ocrx_word' id='word_1_8' title='bbox 1726 330 1803 392; x_wconf 79' lang='lat'>1266</span> 
     </span>
    </p>
   </div>
   <div class='ocr_carea' id='block_1_2' title="bbox 153 484 1805 2891">
    <p class='ocr_par' dir='ltr' id='par_1_2' title="bbox 155 484 1803 756">
     <span class='ocr_line' id='line_1_2' title="bbox 155 484 1803 566; baseline -0.001 -16"><span class='ocrx_word' id='word_1_9' title='bbox 155 486 305 550; x_wconf 89' lang='lat' dir='ltr'>tationis.</span> <span class='ocrx_word' id='word_1_10' title='bbox 327 486 440 562; x_wconf 86' lang='lat' dir='ltr'>Tange</span> <span class='ocrx_word' id='word_1_11' title='bbox 461 485 623 547; x_wconf 80' lang='lat' dir='ltr'><strong>decimam</strong></span> <span class='ocrx_word' id='word_1_12' title='bbox 648 487 816 558; x_wconf 83' lang='lat' dir='ltr'>chordam,</span> <span class='ocrx_word' id='word_1_13' title='bbox 833 489 870 547; x_wconf 92' lang='lat' dir='ltr'>ut</span> <span class='ocrx_word' id='word_1_14' title='bbox 883 492 954 547; x_wconf 88' lang='lat' dir='ltr'>rem</span> <span class='ocrx_word' id='word_1_15' title='bbox 1009 503 1083 564; x_wconf 87' lang='lat' dir='ltr'>quae</span> <span class='ocrx_word' id='word_1_16' title='bbox 1105 487 1256 565; x_wconf 88' lang='lat' dir='ltr'>aquiloni</span> <span class='ocrx_word' id='word_1_17' title='bbox 1280 488 1431 565; x_wconf 87' lang='lat' dir='ltr'>opposita</span> <span class='ocrx_word' id='word_1_18' title='bbox 1448 484 1516 566; x_wconf 92' lang='lat' dir='ltr'>(l),</span> <span class='ocrx_word' id='word_1_19' title='bbox 1542 501 1585 547; x_wconf 82' lang='lat' dir='ltr'>ex</span> <span class='ocrx_word' id='word_1_20' title='bbox 1612 485 1681 546; x_wconf 87' lang='lat' dir='ltr'>alia</span> <span class='ocrx_word' id='word_1_21' title='bbox 1708 488 1803 562; x_wconf 86' lang='lat' dir='ltr'>parte</span> 
     </span>
     <span class='ocr_line' id='line_1_3' title="bbox 156 581 1801 662; baseline -0.001 -16"><span class='ocrx_word' id='word_1_22' title='bbox 156 583 364 662; x_wconf 80' lang='lat' dir='ltr'>proximitui</span> <span class='ocrx_word' id='word_1_23' title='bbox 378 585 695 661; x_wconf 91' lang='lat' dir='ltr'>nonconcupiscas;</span> <span class='ocrx_word' id='word_1_24' title='bbox 711 586 743 646; x_wconf 94' lang='lat' dir='ltr'>et</span> <span class='ocrx_word' id='word_1_25' title='bbox 757 581 953 646; x_wconf 91' lang='lat' dir='ltr'>eliminabi-</span> <span class='ocrx_word' id='word_1_26' title='bbox 1007 587 1169 647; x_wconf 77' lang='lat' dir='ltr'>ioannem</span> <span class='ocrx_word' id='word_1_27' title='bbox 1193 585 1354 660; x_wconf 83' lang='lat' dir='ltr'>habebat3</span> <span class='ocrx_word' id='word_1_28' title='bbox 1379 585 1467 646; x_wconf 89' lang='lat' dir='ltr'>unde</span> <span class='ocrx_word' id='word_1_29' title='bbox 1490 583 1635 645; x_wconf 79' lang='lat' dir='ltr'>canticis</span> <span class='ocrx_word' id='word_1_30' title='bbox 1658 581 1703 661; x_wconf 84' lang='lat'>(7,</span> <span class='ocrx_word' id='word_1_31' title='bbox 1731 583 1765 661; x_wconf 86' lang='grc'>4)</span> <span class='ocrx_word' id='word_1_32' title='bbox 1792 604 1801 645; x_wconf 76' lang='lat' dir='ltr'>r</span> 
     </span>
     <span class='ocr_line' id='line_1_4' title="bbox 155 679 1803 756; baseline -0.001 -14"><span class='ocrx_word' id='word_1_33' title='bbox 155 682 212 742; x_wconf 87' lang='lat' dir='ltr'>tur</span> <span class='ocrx_word' id='word_1_34' title='bbox 225 680 332 742; x_wconf 87' lang='lat' dir='ltr'>bestia</span> <span class='ocrx_word' id='word_1_35' title='bbox 345 679 548 756; x_wconf 78' lang='lat' dir='ltr'>cupiditatis.</span> <span class='ocrx_word' id='word_1_36' title='bbox 1007 685 1124 744; x_wconf 83' lang='lat' dir='ltr'>Nasus</span> <span class='ocrx_word' id='word_1_37' title='bbox 1139 683 1218 744; x_wconf 76' lang='lat' dir='ltr'>tenus</span> <span class='ocrx_word' id='word_1_38' title='bbox 1229 684 1318 744; x_wconf 70' lang='lat' dir='ltr'>seced</span> <span class='ocrx_word' id='word_1_39' title='bbox 1339 685 1461 753; x_wconf 77' lang='lat' dir='ltr'>turris,</span> <span class='ocrx_word' id='word_1_40' title='bbox 1480 697 1556 755; x_wconf 84' lang='lat' dir='ltr'>quoe</span> <span class='ocrx_word' id='word_1_41' title='bbox 1569 681 1709 753; x_wconf 77' lang='lat' dir='ltr'>respicit</span> <span class='ocrx_word' id='word_1_42' title='bbox 1720 694 1803 741; x_wconf 83' lang='lat' dir='ltr'>con-</span> 
     </span>
    </p>

    <p class='ocr_par' dir='ltr' id='par_1_3' title="bbox 153 776 1805 2891">
     <span class='ocr_line' id='line_1_5' title="bbox 196 776 1805 855; baseline -0.002 -15"><span class='ocrx_word' id='word_1_43' title='bbox 196 779 351 840; x_wconf 81' lang='lat' dir='ltr'>Lnudute</span> <span class='ocrx_word' id='word_1_44' title='bbox 374 792 453 839; x_wconf 82' lang='lat' dir='ltr'>eum</span> <span class='ocrx_word' id='word_1_45' title='bbox 468 781 505 838; x_wconf 84' lang='lat' dir='ltr'>tn</span> <span class='ocrx_word' id='word_1_46' title='bbox 524 778 660 839; x_wconf 76' lang='lat' dir='ltr'>cithare</span> <span class='ocrx_word' id='word_1_47' title='bbox 678 780 837 855; x_wconf 85' lang='lat' dir='ltr'><strong>tanquam</strong></span> <span class='ocrx_word' id='word_1_48' title='bbox 852 792 955 854; x_wconf 90' lang='lat' dir='ltr'>spon·</span> <span class='ocrx_word' id='word_1_49' title='bbox 1010 780 1067 841; x_wconf 85' lang='lat' dir='ltr'>tra</span> <span class='ocrx_word' id='word_1_50' title='bbox 1098 784 1319 842; x_wconf 78' lang='lat' dir='ltr'><strong><em>Damascum.</em></strong></span> <span class='ocrx_word' id='word_1_51' title='bbox 1345 778 1491 840; x_wconf 76' lang='lat' dir='ltr'>Naribus</span> <span class='ocrx_word' id='word_1_52' title='bbox 1526 777 1679 849; x_wconf 82' lang='lat' dir='ltr'>sentitur,</span> <span class='ocrx_word' id='word_1_53' title='bbox 1714 776 1805 854; x_wconf 92' lang='lat' dir='ltr'>quod</span> 
     </span>
     <span class='ocr_line' id='line_1_6' title="bbox 156 873 1803 952; baseline 0 -16"><span class='ocrx_word' id='word_1_54' title='bbox 156 892 249 951; x_wconf 91' lang='lat' dir='ltr'>sum;</span> <span class='ocrx_word' id='word_1_55' title='bbox 278 874 354 935; x_wconf 93' lang='lat' dir='ltr'>ideo</span> <span class='ocrx_word' id='word_1_56' title='bbox 375 874 463 934; x_wconf 91' lang='lat' dir='ltr'>enlm</span> <span class='ocrx_word' id='word_1_57' title='bbox 482 876 641 951; x_wconf 90' lang='lat' dir='ltr'>tanquam</span> <span class='ocrx_word' id='word_1_58' title='bbox 664 890 807 951; x_wconf 88' lang='lat' dir='ltr'>sponsus</span> <span class='ocrx_word' id='word_1_59' title='bbox 832 873 866 933; x_wconf 91' lang='lat' dir='ltr'>in</span> <span class='ocrx_word' id='word_1_60' title='bbox 890 889 955 933; x_wconf 89' lang='lat' dir='ltr'>nu·</span> <span class='ocrx_word' id='word_1_61' title='bbox 1007 879 1188 938; x_wconf 90' lang='lat' dir='ltr'>remortum</span> <span class='ocrx_word' id='word_1_62' title='bbox 1204 879 1264 939; x_wconf 88' lang='lat' dir='ltr'>est.</span> <span class='ocrx_word' id='word_1_63' title='bbox 1280 878 1382 938; x_wconf 90' lang='lat' dir='ltr'>Beata</span> <span class='ocrx_word' id='word_1_64' title='bbox 1397 876 1501 952; x_wconf 85' lang='lat' dir='ltr'>igitur</span> <span class='ocrx_word' id='word_1_65' title='bbox 1509 876 1611 951; x_wconf 87' lang='lat' dir='ltr'>Virgo</span> <span class='ocrx_word' id='word_1_66' title='bbox 1626 874 1723 951; x_wconf 88' lang='lat' dir='ltr'>quasi</span> <span class='ocrx_word' id='word_1_67' title='bbox 1742 890 1803 936; x_wconf 81' lang='lat' dir='ltr'>aa·</span> 
     </span>
     <span class='ocr_line' id='line_1_7' title="bbox 156 970 1802 1051; baseline -0.002 -17"><span class='ocrx_word' id='word_1_68' title='bbox 156 973 236 1049; x_wconf 91' lang='lat' dir='ltr'>ptiis</span> <span class='ocrx_word' id='word_1_69' title='bbox 251 972 334 1045; x_wconf 78' lang='lat' dir='ltr'>suia,</span> <span class='ocrx_word' id='word_1_70' title='bbox 357 971 515 1033; x_wconf 87' lang='lat' dir='ltr'>videlicet</span> <span class='ocrx_word' id='word_1_71' title='bbox 536 971 571 1032; x_wconf 92' lang='lat' dir='ltr'>in</span> <span class='ocrx_word' id='word_1_72' title='bbox 598 987 708 1040; x_wconf 89' lang='lat' dir='ltr'>cruce,</span> <span class='ocrx_word' id='word_1_73' title='bbox 720 971 777 1032; x_wconf 90' lang='lat' dir='ltr'>ubi</span> <span class='ocrx_word' id='word_1_74' title='bbox 792 971 833 1032; x_wconf 91' lang='lat' dir='ltr'>de</span> <span class='ocrx_word' id='word_1_75' title='bbox 849 970 953 1032; x_wconf 87' lang='lat' dir='ltr'>latere</span> <span class='ocrx_word' id='word_1_76' title='bbox 1007 988 1078 1045; x_wconf 79' lang='lat' dir='ltr'>sus,</span> <span class='ocrx_word' id='word_1_77' title='bbox 1098 974 1169 1035; x_wconf 88' lang='lat' dir='ltr'>sive</span> <span class='ocrx_word' id='word_1_78' title='bbox 1189 975 1284 1036; x_wconf 88' lang='lat' dir='ltr'>naris</span> <span class='ocrx_word' id='word_1_79' title='bbox 1304 975 1365 1046; x_wconf 91' lang='lat' dir='ltr'>est,</span> <span class='ocrx_word' id='word_1_80' title='bbox 1382 974 1461 1051; x_wconf 88' lang='lat' dir='ltr'>quia</span> <span class='ocrx_word' id='word_1_81' title='bbox 1484 973 1583 1049; x_wconf 90' lang='lat' dir='ltr'>longe</span> <span class='ocrx_word' id='word_1_82' title='bbox 1607 972 1709 1033; x_wconf 86' lang='lat' dir='ltr'>sentit</span> <span class='ocrx_word' id='word_1_83' title='bbox 1727 970 1802 1031; x_wconf 91' lang='lat' dir='ltr'>dia·</span> 
     </span>
     <span class='ocr_line' id='line_1_8' title="bbox 156 1067 1802 1148; baseline 0 -18"><span class='ocrx_word' id='word_1_84' title='bbox 156 1085 218 1132; x_wconf 87' lang='lat' dir='ltr'>suo</span> <span class='ocrx_word' id='word_1_85' title='bbox 234 1084 391 1146; x_wconf 89' lang='lat' dir='ltr'>sponsam</span> <span class='ocrx_word' id='word_1_86' title='bbox 413 1068 571 1144; x_wconf 81' lang='lat' dir='ltr'>produxit</span> <span class='ocrx_word' id='word_1_87' title='bbox 582 1069 777 1141; x_wconf 81' lang='lat' dir='ltr'>Ecclesiam,</span> <span class='ocrx_word' id='word_1_88' title='bbox 794 1067 952 1130; x_wconf 90' lang='lat' dir='ltr'>sonuitin</span> <span class='ocrx_word' id='word_1_89' title='bbox 1007 1069 1077 1131; x_wconf 92' lang='lat' dir='ltr'>boli</span> <span class='ocrx_word' id='word_1_90' title='bbox 1091 1071 1270 1143; x_wconf 81' lang='lat' dir='ltr'>versutias,</span> <span class='ocrx_word' id='word_1_91' title='bbox 1287 1087 1323 1132; x_wconf 91' lang='lat' dir='ltr'>se</span> <span class='ocrx_word' id='word_1_92' title='bbox 1337 1085 1507 1148; x_wconf 90' lang='lat' dir='ltr'>opponens</span> <span class='ocrx_word' id='word_1_93' title='bbox 1523 1085 1583 1146; x_wconf 90' lang='lat' dir='ltr'>pro</span> <span class='ocrx_word' id='word_1_94' title='bbox 1596 1068 1667 1130; x_wconf 90' lang='lat' dir='ltr'>suis</span> <span class='ocrx_word' id='word_1_95' title='bbox 1679 1069 1802 1130; x_wconf 79' lang='lat' dir='ltr'>contro</span> 
     </span>
     <span class='ocr_line' id='line_1_9' title="bbox 155 1164 1801 1245; baseline -0.003 -16"><span class='ocrx_word' id='word_1_96' title='bbox 155 1170 192 1229; x_wconf 91' lang='lat' dir='ltr'>in</span> <span class='ocrx_word' id='word_1_97' title='bbox 206 1167 335 1229; x_wconf 86' lang='lat' dir='ltr'>cithara</span> <span class='ocrx_word' id='word_1_98' title='bbox 357 1169 485 1243; x_wconf 90' lang='lat' dir='ltr'>septem</span> <span class='ocrx_word' id='word_1_99' title='bbox 501 1166 712 1240; x_wconf 89' lang='lat' dir='ltr'>chordarum,</span> <span class='ocrx_word' id='word_1_100' title='bbox 727 1182 802 1227; x_wconf 92' lang='lat' dir='ltr'>cum</span> <span class='ocrx_word' id='word_1_101' title='bbox 823 1166 953 1226; x_wconf 88' lang='lat' dir='ltr'>tantum</span> <span class='ocrx_word' id='word_1_102' title='bbox 1007 1171 1225 1240; x_wconf 78' lang='lat' dir='ltr'>Duatascam,</span> <span class='ocrx_word' id='word_1_103' title='bbox 1253 1168 1339 1244; x_wconf 93' lang='lat' dir='ltr'>quod</span> <span class='ocrx_word' id='word_1_104' title='bbox 1379 1168 1617 1245; x_wconf 89' lang='lat' dir='ltr'>interpretatur</span> <span class='ocrx_word' id='word_1_105' title='bbox 1646 1164 1801 1242; x_wconf 89' lang='lat' dir='ltr'>poculum</span> 
     </span>
     <span class='ocr_line' id='line_1_10' title="bbox 156 1261 1802 1341; baseline -0.002 -15"><span class='ocrx_word' id='word_1_106' title='bbox 156 1266 283 1341; x_wconf 87' lang='lat' dir='ltr'>septem</span> <span class='ocrx_word' id='word_1_107' title='bbox 296 1263 434 1341; x_wconf 89' lang='lat' dir='ltr'>protulit</span> <span class='ocrx_word' id='word_1_108' title='bbox 447 1261 562 1325; x_wconf 83' lang='lat' dir='ltr'>rerba.</span> <span class='ocrx_word' id='word_1_109' title='bbox 579 1265 617 1324; x_wconf 93' lang='lat' dir='ltr'>ln</span> <span class='ocrx_word' id='word_1_110' title='bbox 635 1264 742 1340; x_wconf 90' lang='lat' dir='ltr'>prima</span> <span class='ocrx_word' id='word_1_111' title='bbox 756 1261 880 1325; x_wconf 89' lang='lat' dir='ltr'>chorda</span> <span class='ocrx_word' id='word_1_112' title='bbox 895 1277 953 1322; x_wconf 87' lang='lat' dir='ltr'>so·</span> <span class='ocrx_word' id='word_1_113' title='bbox 1008 1264 1194 1339; x_wconf 83' lang='lat' dir='ltr'>sanguinis,</span> <span class='ocrx_word' id='word_1_114' title='bbox 1225 1265 1312 1326; x_wconf 90' lang='lat' dir='ltr'>idest</span> <span class='ocrx_word' id='word_1_115' title='bbox 1341 1267 1458 1326; x_wconf 90' lang='lat' dir='ltr'>contra</span> <span class='ocrx_word' id='word_1_116' title='bbox 1497 1263 1665 1325; x_wconf 92' lang='lat' dir='ltr'>diabolum</span> <span class='ocrx_word' id='word_1_117' title='bbox 1702 1261 1802 1331; x_wconf 87' lang='lat' dir='ltr'>mali·</span> 
     </span>
     <span class='ocr_line' id='line_1_11' title="bbox 155 1357 1801 1439; baseline -0.001 -17"><span class='ocrx_word' id='word_1_118' title='bbox 155 1363 216 1423; x_wconf 89' lang='lat' dir='ltr'>nat</span> <span class='ocrx_word' id='word_1_119' title='bbox 243 1362 304 1422; x_wconf 87' lang='lat' dir='ltr'>Dei</span> <span class='ocrx_word' id='word_1_120' title='bbox 322 1359 469 1432; x_wconf 89' lang='lat' dir='ltr'>bonitas,</span> <span class='ocrx_word' id='word_1_121' title='bbox 484 1376 558 1421; x_wconf 93' lang='lat' dir='ltr'>cum</span> <span class='ocrx_word' id='word_1_122' title='bbox 574 1376 633 1436; x_wconf 91' lang='lat' dir='ltr'>pro</span> <span class='ocrx_word' id='word_1_123' title='bbox 656 1360 729 1422; x_wconf 89' lang='lat' dir='ltr'>istis</span> <span class='ocrx_word' id='word_1_124' title='bbox 744 1359 800 1437; x_wconf 89' lang='lat' dir='ltr'>qui</span> <span class='ocrx_word' id='word_1_125' title='bbox 816 1357 954 1436; x_wconf 88' lang='lat' dir='ltr'>peccant</span> <span class='ocrx_word' id='word_1_126' title='bbox 1006 1376 1108 1436; x_wconf 89' lang='lat' dir='ltr'>gnum</span> <span class='ocrx_word' id='word_1_127' title='bbox 1141 1362 1307 1439; x_wconf 89' lang='lat' dir='ltr'>spiritum,</span> <span class='ocrx_word' id='word_1_128' title='bbox 1332 1364 1472 1424; x_wconf 89' lang='lat' dir='ltr'>mortem</span> <span class='ocrx_word' id='word_1_129' title='bbox 1491 1361 1650 1431; x_wconf 93' lang='lat' dir='ltr'>nostram,</span> <span class='ocrx_word' id='word_1_130' title='bbox 1675 1361 1708 1420; x_wconf 92' lang='lat' dir='ltr'>et</span> <span class='ocrx_word' id='word_1_131' title='bbox 1721 1375 1801 1420; x_wconf 90' lang='lat' dir='ltr'>san-</span> 
     </span>
     <span class='ocr_line' id='line_1_12' title="bbox 155 1456 1800 1537; baseline -0.001 -19"><span class='ocrx_word' id='word_1_132' title='bbox 155 1474 216 1535; x_wconf 92' lang='lat' dir='ltr'>per</span> <span class='ocrx_word' id='word_1_133' title='bbox 229 1458 453 1534; x_wconf 90' lang='lat' dir='ltr'>ignorantiam</span> <span class='ocrx_word' id='word_1_134' title='bbox 468 1473 535 1518; x_wconf 92' lang='lat' dir='ltr'>non</span> <span class='ocrx_word' id='word_1_135' title='bbox 549 1473 608 1534; x_wconf 92' lang='lat' dir='ltr'>per</span> <span class='ocrx_word' id='word_1_136' title='bbox 621 1457 796 1530; x_wconf 88' lang='lat' dir='ltr'>malitiam,</span> <span class='ocrx_word' id='word_1_137' title='bbox 809 1456 953 1517; x_wconf 89' lang='lat' dir='ltr'>interce-</span> <span class='ocrx_word' id='word_1_138' title='bbox 1006 1459 1141 1534; x_wconf 88' lang='lat' dir='ltr'>guinem</span> <span class='ocrx_word' id='word_1_139' title='bbox 1163 1459 1341 1521; x_wconf 87' lang='lat' dir='ltr'>sitientem.</span> <span class='ocrx_word' id='word_1_140' title='bbox 1365 1463 1402 1520; x_wconf 92' lang='lat' dir='ltr'>ln</span> <span class='ocrx_word' id='word_1_141' title='bbox 1435 1460 1553 1537; x_wconf 88' lang='lat' dir='ltr'>quarta</span> <span class='ocrx_word' id='word_1_142' title='bbox 1588 1457 1712 1520; x_wconf 88' lang='lat' dir='ltr'>chorda</span> <span class='ocrx_word' id='word_1_143' title='bbox 1739 1471 1800 1533; x_wconf 90' lang='lat' dir='ltr'>pro</span> 
     </span>
     <span class='ocr_line' id='line_1_13' title="bbox 155 1554 1798 1633; baseline -0.001 -18"><span class='ocrx_word' id='word_1_144' title='bbox 155 1555 215 1627; x_wconf 90' lang='lat' dir='ltr'>dit,</span> <span class='ocrx_word' id='word_1_145' title='bbox 231 1555 345 1615; x_wconf 89' lang='lat' dir='ltr'>dicens</span> <span class='ocrx_word' id='word_1_146' title='bbox 362 1576 369 1614; x_wconf 90' lang='lat'><strong>:</strong></span> <span class='ocrx_word' id='word_1_147' title='bbox 385 1554 508 1627; x_wconf 83' lang='lat' dir='ltr'>Pater,</span> <span class='ocrx_word' id='word_1_148' title='bbox 524 1555 659 1616; x_wconf 78' lang='lat' dir='ltr'>dimitte</span> <span class='ocrx_word' id='word_1_149' title='bbox 680 1558 766 1625; x_wconf 80' lang='lat' dir='ltr'>iltis,</span> <span class='ocrx_word' id='word_1_150' title='bbox 778 1557 860 1627; x_wconf 72' lang='lat' dir='ltr'>quiri</span> <span class='ocrx_word' id='word_1_151' title='bbox 872 1567 954 1614; x_wconf 84' lang='lat' dir='ltr'>nes·</span> <span class='ocrx_word' id='word_1_152' title='bbox 1007 1556 1077 1616; x_wconf 90' lang='lat' dir='ltr'>suis</span> <span class='ocrx_word' id='word_1_153' title='bbox 1086 1556 1122 1616; x_wconf 92' lang='lat' dir='ltr'>in</span> <span class='ocrx_word' id='word_1_154' title='bbox 1136 1555 1351 1617; x_wconf 87' lang='lat' dir='ltr'>tribulatione</span> <span class='ocrx_word' id='word_1_155' title='bbox 1366 1556 1482 1633; x_wconf 89' lang='lat' dir='ltr'>positis</span> <span class='ocrx_word' id='word_1_156' title='bbox 1501 1558 1675 1632; x_wconf 89' lang='lat' dir='ltr'>paternum</span> <span class='ocrx_word' id='word_1_157' title='bbox 1687 1554 1798 1615; x_wconf 89' lang='lat' dir='ltr'>inter·</span> 
     </span>
     <span class='ocr_line' id='line_1_14' title="bbox 153 1648 1800 1729; baseline -0.002 -15"><span class='ocrx_word' id='word_1_158' title='bbox 153 1653 260 1723; x_wconf 79' lang='lat' dir='ltr'>ciunt,</span> <span class='ocrx_word' id='word_1_159' title='bbox 274 1654 355 1725; x_wconf 80' lang='lat' dir='ltr'>quid</span> <span class='ocrx_word' id='word_1_160' title='bbox 368 1651 487 1724; x_wconf 75' lang='lat' dir='ltr'>fuceret</span> <span class='ocrx_word' id='word_1_161' title='bbox 501 1649 613 1729; x_wconf 86' lang='lat' dir='ltr'>(Lucae</span> <span class='ocrx_word' id='word_1_162' title='bbox 622 1653 673 1718; x_wconf 86' lang='lat'>23,</span> <span class='ocrx_word' id='word_1_163' title='bbox 680 1649 746 1729; x_wconf 86' lang='grc'><strong>34).</strong></span> <span class='ocrx_word' id='word_1_164' title='bbox 761 1648 951 1712; x_wconf 89' lang='lat' dir='ltr'>Insecunda</span> <span class='ocrx_word' id='word_1_165' title='bbox 1007 1652 1108 1728; x_wconf 89' lang='lat' dir='ltr'>pellat</span> <span class='ocrx_word' id='word_1_166' title='bbox 1130 1652 1305 1725; x_wconf 78' lang='lat' dir='ltr'>auxilium,</span> <span class='ocrx_word' id='word_1_167' title='bbox 1327 1653 1440 1715; x_wconf 86' lang='lat' dir='ltr'>dicens</span> <span class='ocrx_word' id='word_1_168' title='bbox 1453 1674 1460 1712; x_wconf 90' lang='lat'>:</span> <span class='ocrx_word' id='word_1_169' title='bbox 1473 1656 1538 1725; x_wconf 77' lang='lat' dir='ltr'>Eli,</span> <span class='ocrx_word' id='word_1_170' title='bbox 1555 1656 1629 1723; x_wconf 49' lang='lat' dir='ltr'>Ele]</span> <span class='ocrx_word' id='word_1_171' title='bbox 1643 1656 1705 1713; x_wconf 85' lang='lat' dir='ltr'>doc</span> <span class='ocrx_word' id='word_1_172' title='bbox 1721 1651 1773 1712; x_wconf 82' lang='lat' dir='ltr'>est</span> <span class='ocrx_word' id='word_1_173' title='bbox 1788 1666 1800 1710; x_wconf 91' lang='lat'><em>:</em></span> 
     </span>
     <span class='ocr_line' id='line_1_15' title="bbox 155 1745 1797 1825; baseline -0.001 -17"><span class='ocrx_word' id='word_1_174' title='bbox 155 1749 254 1809; x_wconf 90' lang='lat' dir='ltr'>sonat</span> <span class='ocrx_word' id='word_1_175' title='bbox 276 1746 519 1815; x_wconf 85' lang='lat' dir='ltr'>misericordia,</span> <span class='ocrx_word' id='word_1_176' title='bbox 544 1746 722 1807; x_wconf 89' lang='lat' dir='ltr'>ostendens</span> <span class='ocrx_word' id='word_1_177' title='bbox 751 1746 837 1824; x_wconf 92' lang='lat' dir='ltr'>quod</span> <span class='ocrx_word' id='word_1_178' title='bbox 860 1760 951 1805; x_wconf 92' lang='lat' dir='ltr'>nun-</span> <span class='ocrx_word' id='word_1_179' title='bbox 1006 1752 1099 1811; x_wconf 81' lang='lat' dir='ltr'>Deus</span> <span class='ocrx_word' id='word_1_180' title='bbox 1111 1752 1270 1825; x_wconf 52' lang='lat' dir='ltr'>memet</span> <span class='ocrx_word' id='word_1_181' title='bbox 1284 1754 1365 1824; x_wconf 81' lang='lat' dir='ltr'>quid</span> <span class='ocrx_word' id='word_1_182' title='bbox 1379 1749 1675 1823; x_wconf 79' lang='lat' dir='ltr'>dereliquisttmci</span> <span class='ocrx_word' id='word_1_183' title='bbox 1689 1745 1797 1825; x_wconf 87' lang='lat' dir='ltr'>(Matt.</span> 
     </span>
     <span class='ocr_line' id='line_1_16' title="bbox 155 1840 1800 1925; baseline -0.001 -20"><span class='ocrx_word' id='word_1_184' title='bbox 155 1860 254 1921; x_wconf 89' lang='lat' dir='ltr'>quam</span> <span class='ocrx_word' id='word_1_185' title='bbox 283 1858 359 1904; x_wconf 89' lang='lat' dir='ltr'>sera</span> <span class='ocrx_word' id='word_1_186' title='bbox 386 1845 437 1905; x_wconf 89' lang='lat' dir='ltr'>est</span> <span class='ocrx_word' id='word_1_187' title='bbox 457 1843 652 1919; x_wconf 85' lang='lat' dir='ltr'>poenitentia</span> <span class='ocrx_word' id='word_1_188' title='bbox 677 1865 685 1903; x_wconf 74' lang='grc' dir='ltr'><strong><em>ε</em></strong></span> <span class='ocrx_word' id='word_1_189' title='bbox 713 1859 780 1904; x_wconf 92' lang='lat' dir='ltr'>non</span> <span class='ocrx_word' id='word_1_190' title='bbox 805 1840 953 1904; x_wconf 87' lang='lat' dir='ltr'>restabat</span> <span class='ocrx_word' id='word_1_191' title='bbox 1005 1847 1056 1917; x_wconf 82' lang='lat'>27,</span> <span class='ocrx_word' id='word_1_192' title='bbox 1084 1846 1150 1925; x_wconf 84' lang='grc'>46).</span> <span class='ocrx_word' id='word_1_193' title='bbox 1179 1848 1216 1907; x_wconf 91' lang='lat' dir='ltr'>In</span> <span class='ocrx_word' id='word_1_194' title='bbox 1240 1847 1355 1924; x_wconf 90' lang='lat' dir='ltr'>quinto</span> <span class='ocrx_word' id='word_1_195' title='bbox 1376 1845 1490 1916; x_wconf 84' lang='lat' dir='ltr'>verbo,</span> <span class='ocrx_word' id='word_1_196' title='bbox 1517 1844 1612 1922; x_wconf 92' lang='lat' dir='ltr'>quasi</span> <span class='ocrx_word' id='word_1_197' title='bbox 1627 1844 1663 1904; x_wconf 90' lang='lat' dir='ltr'>in</span> <span class='ocrx_word' id='word_1_198' title='bbox 1683 1843 1800 1921; x_wconf 90' lang='lat' dir='ltr'>quinta</span> 
     </span>
     <span class='ocr_line' id='line_1_17' title="bbox 153 1939 1800 2015; baseline -0.001 -13"><span class='ocrx_word' id='word_1_199' title='bbox 153 1942 244 2002; x_wconf 91' lang='lat' dir='ltr'>enim</span> <span class='ocrx_word' id='word_1_200' title='bbox 263 1940 399 2012; x_wconf 90' lang='lat' dir='ltr'>latroni,</span> <span class='ocrx_word' id='word_1_201' title='bbox 429 1940 495 2001; x_wconf 90' lang='lat' dir='ltr'>nisi</span> <span class='ocrx_word' id='word_1_202' title='bbox 522 1940 642 2001; x_wconf 88' lang='lat' dir='ltr'>unicus</span> <span class='ocrx_word' id='word_1_203' title='bbox 662 1940 845 2015; x_wconf 82' lang='lat' dir='ltr'>singultus3</span> <span class='ocrx_word' id='word_1_204' title='bbox 869 1941 902 2001; x_wconf 90' lang='lat' dir='ltr'>et</span> <span class='ocrx_word' id='word_1_205' title='bbox 916 1939 950 1999; x_wconf 91' lang='lat' dir='ltr'>in</span> <span class='ocrx_word' id='word_1_206' title='bbox 1006 1941 1142 2011; x_wconf 88' lang='lat' dir='ltr'>chorda,</span> <span class='ocrx_word' id='word_1_207' title='bbox 1158 1943 1199 2005; x_wconf 90' lang='lat' dir='ltr'>de</span> <span class='ocrx_word' id='word_1_208' title='bbox 1211 1945 1325 2005; x_wconf 91' lang='lat' dir='ltr'>nostra</span> <span class='ocrx_word' id='word_1_209' title='bbox 1344 1944 1451 2005; x_wconf 88' lang='lat' dir='ltr'>salute</span> <span class='ocrx_word' id='word_1_210' title='bbox 1465 1958 1561 2003; x_wconf 88' lang='lat' dir='ltr'>suum</span> <span class='ocrx_word' id='word_1_211' title='bbox 1577 1940 1720 2003; x_wconf 89' lang='lat' dir='ltr'>ostendit</span> <span class='ocrx_word' id='word_1_212' title='bbox 1740 1940 1800 2001; x_wconf 91' lang='lat' dir='ltr'>de-</span> 
     </span>
     <span class='ocr_line' id='line_1_18' title="bbox 154 2035 1799 2114; baseline -0.001 -15"><span class='ocrx_word' id='word_1_213' title='bbox 154 2035 952 2114; x_wconf 80' lang='lat' dir='ltr'>eopoenitensaudivitabonino:Hodtcneecum</span> <span class='ocrx_word' id='word_1_214' title='bbox 1006 2039 1176 2112; x_wconf 90' lang='lat' dir='ltr'>siderium,</span> <span class='ocrx_word' id='word_1_215' title='bbox 1204 2040 1319 2102; x_wconf 89' lang='lat' dir='ltr'>dicens</span> <span class='ocrx_word' id='word_1_216' title='bbox 1340 2043 1459 2103; x_wconf 73' lang='lat' dir='ltr'>:Sitia</span> <span class='ocrx_word' id='word_1_217' title='bbox 1486 2043 1524 2101; x_wconf 93' lang='lat' dir='ltr'>ln</span> <span class='ocrx_word' id='word_1_218' title='bbox 1550 2040 1645 2100; x_wconf 80' lang='lat' dir='ltr'>sexta</span> <span class='ocrx_word' id='word_1_219' title='bbox 1673 2036 1799 2099; x_wconf 87' lang='lat' dir='ltr'>chorda</span> 
     </span>
     <span class='ocr_line' id='line_1_19' title="bbox 155 2132 1798 2214; baseline -0.002 -18"><span class='ocrx_word' id='word_1_220' title='bbox 155 2139 228 2197; x_wconf 81' lang='lat' dir='ltr'>eris</span> <span class='ocrx_word' id='word_1_221' title='bbox 253 2138 292 2195; x_wconf 81' lang='lat' dir='ltr'>tn</span> <span class='ocrx_word' id='word_1_222' title='bbox 315 2137 487 2211; x_wconf 74' lang='lat' dir='ltr'>Paradise</span> <span class='ocrx_word' id='word_1_223' title='bbox 517 2132 602 2212; x_wconf 86' lang='lat' dir='ltr'>(lbid</span> <span class='ocrx_word' id='word_1_224' title='bbox 625 2136 676 2207; x_wconf 76' lang='lat'>23,</span> <span class='ocrx_word' id='word_1_225' title='bbox 703 2132 768 2212; x_wconf 83' lang='grc'><strong>43).</strong></span> <span class='ocrx_word' id='word_1_226' title='bbox 797 2136 834 2194; x_wconf 91' lang='lat' dir='ltr'>In</span> <span class='ocrx_word' id='word_1_227' title='bbox 851 2133 950 2194; x_wconf 88' lang='lat' dir='ltr'>tertia</span> <span class='ocrx_word' id='word_1_228' title='bbox 1006 2151 1102 2195; x_wconf 90' lang='lat' dir='ltr'>suum</span> <span class='ocrx_word' id='word_1_229' title='bbox 1117 2135 1157 2197; x_wconf 92' lang='lat' dir='ltr'>de</span> <span class='ocrx_word' id='word_1_230' title='bbox 1168 2137 1280 2198; x_wconf 90' lang='lat' dir='ltr'>nostra</span> <span class='ocrx_word' id='word_1_231' title='bbox 1296 2136 1472 2214; x_wconf 87' lang='lat' dir='ltr'>iniquitate</span> <span class='ocrx_word' id='word_1_232' title='bbox 1486 2133 1712 2196; x_wconf 80' lang='lat' dir='ltr'>manifestavit</span> <span class='ocrx_word' id='word_1_233' title='bbox 1723 2148 1798 2209; x_wconf 90' lang='lat' dir='ltr'>sup·</span> 
     </span>
     <span class='ocr_line' id='line_1_20' title="bbox 155 2224 1798 2308; baseline -0.002 -15"><span class='ocrx_word' id='word_1_234' title='bbox 155 2231 280 2293; x_wconf 87' lang='lat' dir='ltr'>chorda</span> <span class='ocrx_word' id='word_1_235' title='bbox 305 2230 470 2307; x_wconf 87' lang='lat' dir='ltr'>discipulo</span> <span class='ocrx_word' id='word_1_236' title='bbox 492 2230 706 2308; x_wconf 89' lang='lat' dir='ltr'>prosequenti</span> <span class='ocrx_word' id='word_1_237' title='bbox 729 2230 858 2292; x_wconf 90' lang='lat' dir='ltr'>eumad</span> <span class='ocrx_word' id='word_1_238' title='bbox 874 2244 951 2290; x_wconf 91' lang='lat' dir='ltr'>eru·</span> <span class='ocrx_word' id='word_1_239' title='bbox 1005 2224 1798 2308; x_wconf 71' lang='lat' dir='ltr'>plinium,cumdixit;Cormrtmmutumestmam</span> 
     </span>
     <span class='ocr_line' id='line_1_21' title="bbox 155 2326 1797 2404; baseline -0.002 -15"><span class='ocrx_word' id='word_1_240' title='bbox 155 2344 238 2400; x_wconf 88' lang='lat' dir='ltr'>cem,</span> <span class='ocrx_word' id='word_1_241' title='bbox 268 2327 386 2389; x_wconf 90' lang='lat' dir='ltr'>Matris</span> <span class='ocrx_word' id='word_1_242' title='bbox 415 2326 505 2388; x_wconf 89' lang='lat' dir='ltr'>dedit</span> <span class='ocrx_word' id='word_1_243' title='bbox 531 2327 771 2404; x_wconf 83' lang='lat' dir='ltr'>patrocinium3</span> <span class='ocrx_word' id='word_1_244' title='bbox 799 2327 948 2389; x_wconf 90' lang='lat' dir='ltr'>dicens:</span> <span class='ocrx_word' id='word_1_245' title='bbox 1004 2343 1110 2402; x_wconf 78' lang='lat' dir='ltr'>scher</span> <span class='ocrx_word' id='word_1_246' title='bbox 1129 2333 1280 2391; x_wconf 83' lang='lat' dir='ltr'>dotorem</span> <span class='ocrx_word' id='word_1_247' title='bbox 1303 2336 1498 2400; x_wconf 75' lang='lat' dir='ltr'>etcinerem,</span> <span class='ocrx_word' id='word_1_248' title='bbox 1525 2343 1584 2404; x_wconf 91' lang='lat' dir='ltr'>pro</span> <span class='ocrx_word' id='word_1_249' title='bbox 1610 2327 1797 2403; x_wconf 87' lang='lat' dir='ltr'>perditione</span> 
     </span>
     <span class='ocr_line' id='line_1_22' title="bbox 155 2420 1798 2504; baseline -0.003 -17"><span class='ocrx_word' id='word_1_250' title='bbox 155 2429 368 2487; x_wconf 78' lang='lat' dir='ltr'>Madierecee</span> <span class='ocrx_word' id='word_1_251' title='bbox 389 2426 479 2497; x_wconf 75' lang='lat' dir='ltr'>stitus</span> <span class='ocrx_word' id='word_1_252' title='bbox 494 2424 574 2485; x_wconf 82' lang='lat' dir='ltr'>tuus</span> <span class='ocrx_word' id='word_1_253' title='bbox 591 2423 700 2504; x_wconf 86' lang='lat' dir='ltr'>(Joan.</span> <span class='ocrx_word' id='word_1_254' title='bbox 717 2425 766 2500; x_wconf 83' lang='lat'>19,</span> <span class='ocrx_word' id='word_1_255' title='bbox 781 2426 821 2485; x_wconf 78' lang='lat'>26</span> <span class='ocrx_word' id='word_1_256' title='bbox 833 2425 865 2485; x_wconf 89' lang='lat' dir='ltr'>et</span> <span class='ocrx_word' id='word_1_257' title='bbox 876 2420 948 2501; x_wconf 81' lang='lat'><strong>27);</strong></span> <span class='ocrx_word' id='word_1_258' title='bbox 1005 2425 1196 2501; x_wconf 87' lang='lat' dir='ltr'>inpeccatis</span> <span class='ocrx_word' id='word_1_259' title='bbox 1216 2442 1331 2487; x_wconf 89' lang='lat' dir='ltr'>eorum</span> <span class='ocrx_word' id='word_1_260' title='bbox 1345 2426 1552 2487; x_wconf 81' lang='lat' dir='ltr'>addiderunt</span> <span class='ocrx_word' id='word_1_261' title='bbox 1567 2423 1692 2485; x_wconf 80' lang='lat' dir='ltr'>inferre</span> <span class='ocrx_word' id='word_1_262' title='bbox 1707 2438 1798 2483; x_wconf 88' lang='lat' dir='ltr'>mnr-</span> 
     </span>
     <span class='ocr_line' id='line_1_23' title="bbox 155 2519 1794 2607; baseline -0.001 -25"><span class='ocrx_word' id='word_1_263' title='bbox 155 2521 292 2607; x_wconf 85' lang='lat' dir='ltr'>protege</span> <span class='ocrx_word' id='word_1_264' title='bbox 316 2537 392 2583; x_wconf 89' lang='lat' dir='ltr'>eum</span> <span class='ocrx_word' id='word_1_265' title='bbox 415 2522 452 2582; x_wconf 91' lang='lat' dir='ltr'>ut</span> <span class='ocrx_word' id='word_1_266' title='bbox 476 2521 594 2583; x_wconf 89' lang='lat' dir='ltr'>mater.</span> <span class='ocrx_word' id='word_1_267' title='bbox 610 2525 697 2584; x_wconf 82' lang='lat' dir='ltr'>Ecce</span> <span class='ocrx_word' id='word_1_268' title='bbox 727 2522 844 2583; x_wconf 82' lang='lat' dir='ltr'>mater</span> <span class='ocrx_word' id='word_1_269' title='bbox 869 2521 950 2592; x_wconf 82' lang='lat' dir='ltr'>tua;</span> <span class='ocrx_word' id='word_1_270' title='bbox 1004 2524 1082 2584; x_wconf 91' lang='lat' dir='ltr'>tem.</span> <span class='ocrx_word' id='word_1_271' title='bbox 1092 2525 1128 2583; x_wconf 93' lang='lat' dir='ltr'>In</span> <span class='ocrx_word' id='word_1_272' title='bbox 1137 2522 1277 2599; x_wconf 89' lang='lat' dir='ltr'>septimo</span> <span class='ocrx_word' id='word_1_273' title='bbox 1288 2522 1504 2600; x_wconf 82' lang='lat' dir='ltr'>rerb0,quasi</span> <span class='ocrx_word' id='word_1_274' title='bbox 1513 2519 1794 2597; x_wconf 87' lang='lat' dir='ltr'>septimachorda,</span> 
     </span>
     <span class='ocr_line' id='line_1_24' title="bbox 155 2616 1794 2695; baseline -0.002 -15"><span class='ocrx_word' id='word_1_275' title='bbox 155 2617 547 2695; x_wconf 86' lang='lat' dir='ltr'>protegeeam,utdlius</span> <span class='ocrx_word' id='word_1_276' title='bbox 583 2620 654 2695; x_wconf 88' lang='lat' dir='ltr'>ejus</span> <span class='ocrx_word' id='word_1_277' title='bbox 669 2618 703 2679; x_wconf 93' lang='lat' dir='ltr'>in</span> <span class='ocrx_word' id='word_1_278' title='bbox 717 2617 807 2679; x_wconf 90' lang='lat' dir='ltr'>omni</span> <span class='ocrx_word' id='word_1_279' title='bbox 820 2616 951 2693; x_wconf 85' lang='lat' dir='ltr'>proiec-</span> <span class='ocrx_word' id='word_1_280' title='bbox 1004 2618 1186 2680; x_wconf 83' lang='lat' dir='ltr'>ineffabilis</span> <span class='ocrx_word' id='word_1_281' title='bbox 1221 2620 1430 2691; x_wconf 88' lang='lat' dir='ltr'>dilectionis,</span> <span class='ocrx_word' id='word_1_282' title='bbox 1463 2619 1517 2681; x_wconf 82' lang='lat' dir='ltr'>rel</span> <span class='ocrx_word' id='word_1_283' title='bbox 1551 2616 1794 2688; x_wconf 85' lang='lat' dir='ltr'>delectationis,</span> 
     </span>
     <span class='ocr_line' id='line_1_25' title="bbox 156 2713 1798 2791; baseline -0.002 -15"><span class='ocrx_word' id='word_1_284' title='bbox 156 2716 257 2776; x_wconf 89' lang='lat' dir='ltr'>tione.</span> <span class='ocrx_word' id='word_1_285' title='bbox 275 2714 472 2791; x_wconf 84' lang='lat' dir='ltr'>Hujusmodi</span> <span class='ocrx_word' id='word_1_286' title='bbox 497 2715 735 2790; x_wconf 89' lang='lat' dir='ltr'>protectionem</span> <span class='ocrx_word' id='word_1_287' title='bbox 757 2715 829 2790; x_wconf 90' lang='lat' dir='ltr'>ipse</span> <span class='ocrx_word' id='word_1_288' title='bbox 849 2714 949 2775; x_wconf 90' lang='lat' dir='ltr'>etiam</span> <span class='ocrx_word' id='word_1_289' title='bbox 1005 2718 1056 2778; x_wconf 89' lang='lat' dir='ltr'>est</span> <span class='ocrx_word' id='word_1_290' title='bbox 1078 2719 1311 2791; x_wconf 81' lang='lat' dir='ltr'>argumentum</span> <span class='ocrx_word' id='word_1_291' title='bbox 1337 2718 1482 2788; x_wconf 61' lang='lat' dir='ltr'>:Putem</span> <span class='ocrx_word' id='word_1_292' title='bbox 1507 2719 1544 2776; x_wconf 82' lang='lat' dir='ltr'>in</span> <span class='ocrx_word' id='word_1_293' title='bbox 1566 2730 1693 2776; x_wconf 77' lang='lat' dir='ltr'>multus</span> <span class='ocrx_word' id='word_1_294' title='bbox 1719 2713 1798 2774; x_wconf 83' lang='lat' dir='ltr'>tuas</span> 
     </span>
     <span class='ocr_line' id='line_1_26' title="bbox 157 2806 1794 2891; baseline -0.002 -19"><span class='ocrx_word' id='word_1_295' title='bbox 157 2813 240 2874; x_wconf 91' lang='lat' dir='ltr'>situs</span> <span class='ocrx_word' id='word_1_296' title='bbox 264 2812 415 2888; x_wconf 90' lang='lat' dir='ltr'>corporis</span> <span class='ocrx_word' id='word_1_297' title='bbox 435 2810 541 2872; x_wconf 86' lang='lat' dir='ltr'>beatae</span> <span class='ocrx_word' id='word_1_298' title='bbox 570 2811 719 2887; x_wconf 87' lang='lat' dir='ltr'>Virginis</span> <span class='ocrx_word' id='word_1_299' title='bbox 741 2808 948 2887; x_wconf 82' lang='lat' dir='ltr'>designabat,</span> <span class='ocrx_word' id='word_1_300' title='bbox 1004 2816 1379 2887; x_wconf 69' lang='lat' dir='ltr'>commendamentum</span> <span class='ocrx_word' id='word_1_301' title='bbox 1394 2829 1520 2875; x_wconf 83' lang='lat' dir='ltr'>meum.</span> <span class='ocrx_word' id='word_1_302' title='bbox 1540 2809 1653 2891; x_wconf 86' lang='lat' dir='ltr'>(Lucae</span> <span class='ocrx_word' id='word_1_303' title='bbox 1666 2812 1718 2882; x_wconf 77' lang='lat'>23,</span> <span class='ocrx_word' id='word_1_304' title='bbox 1729 2806 1794 2888; x_wconf 84' lang='grc'><strong>46).</strong></span> 
     </span>
    </p>
   </div>
   <div class='ocr_carea' id='block_1_3' title="bbox 155 2993 1797 3490">
    <p class='ocr_par' dir='ltr' id='par_1_4' title="bbox 155 2993 1797 3490">
     <span class='ocr_line' id='line_1_27' title="bbox 184 2993 1796 3079; baseline -0.002 -27"><span class='ocrx_word' id='word_1_305' title='bbox 184 2996 224 3065; x_wconf 81' lang='lat' dir='ltr'>(ll</span> <span class='ocrx_word' id='word_1_306' title='bbox 236 2996 303 3064; x_wconf 77' lang='lat' dir='ltr'>Quae</span> <span class='ocrx_word' id='word_1_307' title='bbox 315 2995 439 3067; x_wconf 91' lang='lat' dir='ltr'>aquiloni</span> <span class='ocrx_word' id='word_1_308' title='bbox 457 2996 586 3075; x_wconf 82' lang='lat' dir='ltr'>opposita</span> <span class='ocrx_word' id='word_1_309' title='bbox 596 3002 649 3051; x_wconf 89' lang='lat' dir='ltr'>ete.</span> <span class='ocrx_word' id='word_1_310' title='bbox 663 2997 731 3075; x_wconf 81' lang='lat' dir='ltr'>lnea</span> <span class='ocrx_word' id='word_1_311' title='bbox 740 3003 784 3053; x_wconf 85' lang='lat' dir='ltr'>est</span> <span class='ocrx_word' id='word_1_312' title='bbox 794 2996 946 3063; x_wconf 87' lang='lat' dir='ltr'>sententia,</span> <span class='ocrx_word' id='word_1_313' title='bbox 1005 2997 1098 3068; x_wconf 89' lang='lat' dir='ltr'>ipsum</span> <span class='ocrx_word' id='word_1_314' title='bbox 1133 2997 1318 3079; x_wconf 84' lang='lat' dir='ltr'>suspirantes.</span> <span class='ocrx_word' id='word_1_315' title='bbox 1343 3018 1354 3045; x_wconf 76' lang='grc' dir='ltr'><strong>ι</strong></span> <span class='ocrx_word' id='word_1_316' title='bbox 1382 2999 1481 3068; x_wconf 90' lang='lat' dir='ltr'>ltaque</span> <span class='ocrx_word' id='word_1_317' title='bbox 1507 2996 1530 3051; x_wconf 90' lang='lat' dir='ltr'>si</span> <span class='ocrx_word' id='word_1_318' title='bbox 1554 2994 1657 3052; x_wconf 88' lang='lat' dir='ltr'>Christi</span> <span class='ocrx_word' id='word_1_319' title='bbox 1681 2993 1796 3050; x_wconf 87' lang='lat' dir='ltr'>Domini</span> 
     </span>
     <span class='ocr_line' id='line_1_28' title="bbox 156 3062 1796 3139; baseline -0.002 -16"><span class='ocrx_word' id='word_1_320' title='bbox 156 3066 504 3139; x_wconf 82' lang='lat' dir='ltr'>beatissimamllirgiuem</span> <span class='ocrx_word' id='word_1_321' title='bbox 513 3065 950 3138; x_wconf 78' lang='lat' dir='ltr'>Juxtacrucemstetisseasinis·</span> <span class='ocrx_word' id='word_1_322' title='bbox 1004 3067 1079 3123; x_wconf 90' lang='lat' dir='ltr'>cruci</span> <span class='ocrx_word' id='word_1_323' title='bbox 1107 3066 1192 3123; x_wconf 84' lang='lat' dir='ltr'>alilixr</span> <span class='ocrx_word' id='word_1_324' title='bbox 1212 3080 1350 3124; x_wconf 89' lang='lat' dir='ltr'>conversa</span> <span class='ocrx_word' id='word_1_325' title='bbox 1369 3074 1430 3123; x_wconf 87' lang='lat' dir='ltr'>erat</span> <span class='ocrx_word' id='word_1_326' title='bbox 1455 3065 1543 3122; x_wconf 87' lang='lat' dir='ltr'>iacies</span> <span class='ocrx_word' id='word_1_327' title='bbox 1555 3064 1590 3122; x_wconf 91' lang='lat' dir='ltr'>ad</span> <span class='ocrx_word' id='word_1_328' title='bbox 1603 3062 1796 3133; x_wconf 61' lang='lat' dir='ltr'>occidentem</span> 
     </span>
     <span class='ocr_line' id='line_1_29' title="bbox 155 3134 1797 3218; baseline -0.003 -24"><span class='ocrx_word' id='word_1_329' title='bbox 155 3139 216 3200; x_wconf 83' lang='lat' dir='ltr'>tris,</span> <span class='ocrx_word' id='word_1_330' title='bbox 241 3152 297 3193; x_wconf 89' lang='lat' dir='ltr'>nnn</span> <span class='ocrx_word' id='word_1_331' title='bbox 322 3151 400 3204; x_wconf 85' lang='lat' dir='ltr'>vero,</span> <span class='ocrx_word' id='word_1_332' title='bbox 423 3144 454 3193; x_wconf 89' lang='lat' dir='ltr'>ut</span> <span class='ocrx_word' id='word_1_333' title='bbox 481 3138 562 3208; x_wconf 83' lang='lat' dir='ltr'>pingi</span> <span class='ocrx_word' id='word_1_334' title='bbox 586 3135 698 3204; x_wconf 68' lang='lat' dir='ltr'>soleta</span> <span class='ocrx_word' id='word_1_335' title='bbox 719 3137 833 3194; x_wconf 86' lang='lat' dir='ltr'>dextris.</span> <span class='ocrx_word' id='word_1_336' title='bbox 849 3138 949 3206; x_wconf 81' lang='lat' dir='ltr'>Neque</span> <span class='ocrx_word' id='word_1_337' title='bbox 1004 3137 1066 3208; x_wconf 72' lang='lat' dir='ltr'>eius</span> <span class='ocrx_word' id='word_1_338' title='bbox 1080 3136 1195 3194; x_wconf 83' lang='lat' dir='ltr'>dextera</span> <span class='ocrx_word' id='word_1_339' title='bbox 1212 3137 1247 3194; x_wconf 88' lang='lat' dir='ltr'>ad</span> <span class='ocrx_word' id='word_1_340' title='bbox 1258 3140 1428 3194; x_wconf 85' lang='lat' dir='ltr'>Damascum</span> <span class='ocrx_word' id='word_1_341' title='bbox 1443 3144 1472 3192; x_wconf 87' lang='lat' dir='ltr'>et</span> <span class='ocrx_word' id='word_1_342' title='bbox 1490 3137 1651 3218; x_wconf 88' lang='lat' dir='ltr'>aquilonem</span> <span class='ocrx_word' id='word_1_343' title='bbox 1664 3134 1797 3189; x_wconf 87' lang='lat' dir='ltr'>extende·</span> 
     </span>
     <span class='ocr_line' id='line_1_30' title="bbox 155 3205 1796 3331; baseline -0.002 -68"><span class='ocrx_word' id='word_1_344' title='bbox 155 3209 232 3264; x_wconf 89' lang='lat' dir='ltr'>enim</span> <span class='ocrx_word' id='word_1_345' title='bbox 248 3207 398 3280; x_wconf 87' lang='lat' dir='ltr'>ignorabat</span> <span class='ocrx_word' id='word_1_346' title='bbox 410 3207 438 3263; x_wconf 86' lang='lat' dir='ltr'>S.</span> <span class='ocrx_word' id='word_1_347' title='bbox 450 3208 568 3263; x_wconf 88' lang='lat' dir='ltr'>loannis</span> <span class='ocrx_word' id='word_1_348' title='bbox 586 3208 756 3263; x_wconf 87' lang='lat' dir='ltr'>Damasceni</span> <span class='ocrx_word' id='word_1_349' title='bbox 778 3207 947 3263; x_wconf 88' lang='lat' dir='ltr'>doctrinam.</span> <span class='ocrx_word' id='word_1_350' title='bbox 1003 3206 1096 3273; x_wconf 88' lang='lat' dir='ltr'>batur,</span> <span class='ocrx_word' id='word_1_351' title='bbox 1108 3207 1179 3262; x_wconf 84' lang='lat' dir='ltr'>laeva</span> <span class='ocrx_word' id='word_1_352' title='bbox 1206 3206 1242 3262; x_wconf 92' lang='lat' dir='ltr'>ad</span> <span class='ocrx_word' id='word_1_353' title='bbox 1265 3207 1434 3263; x_wconf 90' lang='lat' dir='ltr'>meridiem:</span> <span class='ocrx_word' id='word_1_354' title='bbox 1452 3213 1480 3262; x_wconf 87' lang='lat' dir='ltr'>et</span> <span class='ocrx_word' id='word_1_355' title='bbox 1490 3208 1579 3331; x_wconf 53' lang='lat' dir='ltr'>Virgo</span> <span class='ocrx_word' id='word_1_356' title='bbox 1594 3205 1758 3260; x_wconf 87' lang='lat' dir='ltr'>beatissima</span> <span class='ocrx_word' id='word_1_357' title='bbox 1771 3206 1796 3260; x_wconf 90' lang='lat' dir='ltr'>si</span> 
     </span>
     <span class='ocr_line' id='line_1_31' title="bbox 155 3274 1795 3349; baseline -0.002 -15"><span class='ocrx_word' id='word_1_358' title='bbox 155 3279 203 3334; x_wconf 87' lang='lat' dir='ltr'>lib.</span> <span class='ocrx_word' id='word_1_359' title='bbox 220 3277 374 3335; x_wconf 81' lang='lat' dir='ltr'>lvdeFide</span> <span class='ocrx_word' id='word_1_360' title='bbox 387 3290 451 3348; x_wconf 87' lang='lat' dir='ltr'>cap.</span> <span class='ocrx_word' id='word_1_361' title='bbox 469 3277 520 3333; x_wconf 76' lang='lat'>13:</span> <span class='ocrx_word' id='word_1_362' title='bbox 537 3298 547 3326; x_wconf 85' lang='lat'><strong>‹</strong></span> <span class='ocrx_word' id='word_1_363' title='bbox 565 3279 627 3333; x_wconf 91' lang='lat' dir='ltr'>Non</span> <span class='ocrx_word' id='word_1_364' title='bbox 653 3277 829 3349; x_wconf 86' lang='lat' dir='ltr'>simpliciter,</span> <span class='ocrx_word' id='word_1_365' title='bbox 845 3282 874 3332; x_wconf 84' lang='lat' dir='ltr'>et</span> <span class='ocrx_word' id='word_1_366' title='bbox 888 3274 947 3335; x_wconf 83' lang='lat' dir='ltr'>inr-</span> <span class='ocrx_word' id='word_1_367' title='bbox 1004 3279 1176 3333; x_wconf 85' lang='lat' dir='ltr'>Damascum</span> <span class='ocrx_word' id='word_1_368' title='bbox 1200 3284 1229 3332; x_wconf 91' lang='lat' dir='ltr'>et</span> <span class='ocrx_word' id='word_1_369' title='bbox 1252 3276 1414 3348; x_wconf 86' lang='lat' dir='ltr'>aquilonem</span> <span class='ocrx_word' id='word_1_370' title='bbox 1436 3283 1540 3333; x_wconf 84' lang='lat' dir='ltr'>eontue</span> <span class='ocrx_word' id='word_1_371' title='bbox 1560 3283 1632 3344; x_wconf 86' lang='lat' dir='ltr'>atur,</span> <span class='ocrx_word' id='word_1_372' title='bbox 1650 3275 1795 3332; x_wconf 85' lang='lat' dir='ltr'>sinistram</span> 
     </span>
     <span class='ocr_line' id='line_1_32' title="bbox 156 3346 1438 3406; baseline -0.002 -1"><span class='ocrx_word' id='word_1_373' title='bbox 156 3349 227 3405; x_wconf 86' lang='lat' dir='ltr'>tuito</span> <span class='ocrx_word' id='word_1_374' title='bbox 238 3347 274 3404; x_wconf 90' lang='lat' dir='ltr'>ad</span> <span class='ocrx_word' id='word_1_375' title='bbox 285 3348 425 3404; x_wconf 84' lang='lat' dir='ltr'>orientem</span> <span class='ocrx_word' id='word_1_376' title='bbox 444 3346 631 3404; x_wconf 87' lang='lat' dir='ltr'>adoramus...</span> <span class='ocrx_word' id='word_1_377' title='bbox 647 3346 774 3404; x_wconf 85' lang='lat' dir='ltr'>Christus</span> <span class='ocrx_word' id='word_1_378' title='bbox 797 3346 949 3403; x_wconf 81' lang='lat' dir='ltr'>crucifixus</span> <span class='ocrx_word' id='word_1_379' title='bbox 1005 3348 1067 3404; x_wconf 80' lang='lat' dir='ltr'>Filii</span> <span class='ocrx_word' id='word_1_380' title='bbox 1081 3347 1197 3406; x_wconf 84' lang='lat' dir='ltr'>tenebat</span> <span class='ocrx_word' id='word_1_381' title='bbox 1210 3362 1268 3403; x_wconf 91' lang='lat' dir='ltr'>non</span> <span class='ocrx_word' id='word_1_382' title='bbox 1282 3346 1438 3404; x_wconf 82' lang='lat' dir='ltr'>dextemm.</span> 
     </span>
     <span class='ocr_line' id='line_1_33' title="bbox 156 3415 949 3490; baseline -0.004 -14"><span class='ocrx_word' id='word_1_383' title='bbox 156 3418 192 3476; x_wconf 88' lang='lat' dir='ltr'>ad</span> <span class='ocrx_word' id='word_1_384' title='bbox 215 3417 392 3476; x_wconf 86' lang='lat' dir='ltr'>occidentem</span> <span class='ocrx_word' id='word_1_385' title='bbox 417 3418 603 3490; x_wconf 85' lang='lat' dir='ltr'>respiciebat3</span> <span class='ocrx_word' id='word_1_386' title='bbox 629 3423 658 3474; x_wconf 85' lang='lat' dir='ltr'>et</span> <span class='ocrx_word' id='word_1_387' title='bbox 684 3416 892 3475; x_wconf 89' lang='lat' dir='ltr'>sieadoramus</span> <span class='ocrx_word' id='word_1_388' title='bbox 913 3415 949 3473; x_wconf 91' lang='lat' dir='ltr'>ad</span> 
     </span>
    </p>
   </div>
   <div class='ocr_carea' id='block_1_4' title="bbox 611 3979 1333 4042">
    <p class='ocr_par' dir='ltr' id='par_1_5' title="bbox 611 3979 1333 4042">
     <span class='ocr_line' id='line_1_34' title="bbox 611 3979 1333 4042; baseline 0 -3"><span class='ocrx_word' id='word_1_389' title='bbox 611 3979 722 4040; x_wconf 85' lang='lat' dir='ltr'>FINIS</span> <span class='ocrx_word' id='word_1_390' title='bbox 744 3979 788 4040; x_wconf 93' lang='lat' dir='ltr'>IN</span> <span class='ocrx_word' id='word_1_391' title='bbox 812 3980 1005 4042; x_wconf 83' lang='lat' dir='ltr'><strong>PSALMOS</strong></span> <span class='ocrx_word' id='word_1_392' title='bbox 1028 3980 1333 4042; x_wconf 77' lang='lat' dir='ltr'>EXPOSITIONIS.</span> 
     </span>
    </p>
   </div>
   <div class='ocr_carea' id='block_1_5' title="bbox 0 0 1980 6197">
    <p class='ocr_par' dir='ltr' id='par_1_6' title="bbox 0 0 1980 6197">
     <span class='ocr_line' id='line_1_35' title="bbox 0 0 1980 6197; baseline 0 0"><span class='ocrx_word' id='word_1_393' title='bbox 0 0 1980 6197; x_wconf 95' lang='lat' dir='ltr'> </span> 
     </span>
    </p>
   </div>
  </div>
 </body>
</html>
