3950 6200
255 329 313 393 531
726 325 782 386 ab
810 321 950 386 opsita
977 322 1011 383 S.
1039 319 1215 383 ANTONII
1243 320 1430 382 PADUANI
1827 325 1871 387 tm

253 489 353 552 Mane
380 484 518 549 alterius
544 484 599 546 die
626 481 783 546 minister
817 482 888 545 adit
918 481 1050 559 magis·
1106 479 1284 558 opiscopus
1305 478 1507 541 sacrificium
1523 476 1603 540 lecit
1618 498 1627 538 ε
1643 492 1683 540 eo
1699 481 1873 555 peractos

254 587 388 657 tratum,
401 585 434 646 et
448 580 629 645 convocato
643 582 762 643 senatu
773 579 946 642 humiliter
955 594 1052 656 opem
1106 578 1276 656 exsequiis
1296 576 1485 645 celebratis,
1510 576 1626 654 quinto
1651 574 1693 637 ab
1719 576 1805 638 obitu
1816 582 1872 655 dus

255 684 289 745 et
303 679 480 744 consilium
495 678 661 756 implorat.
1106 674 1177 747 die,
1220 677 1319 737 terras
1354 674 1549 736 mandatum
1576 675 1628 736 est
1652 674 1873 738 sancussirmn

293 777 508 854 Magistratus
520 775 561 837 de
574 774 741 836 communi
756 773 904 836 omnium
918 773 1053 835 senten·
1106 787 1240 851 corpus.

252 875 300 939 tia
313 873 467 937 custodes
482 872 617 935 adhibet
638 871 712 938 looo
729 871 816 933 sacri
836 870 998 949 corporis,
1019 870 1052 931 et

252 972 314 1035 sub
334 987 434 1050 poena
461 972 594 1032 centum
620 969 781 1031 librarum
795 970 902 1041 cavet,
919 984 962 1030 ne
976 967 1051 1046 quis
1344 941 1481 1003 CAPUT
1512 940 1661 1001 XXVIII·

251 1070 320 1131 uim
346 1067 476 1131 adterat
490 1065 661 1140 iratribus,
678 1066 736 1129 eut
754 1067 902 1128 armatus
917 1066 959 1128 ed
973 1079 1050 1127 eum
1104 1093 1276 1154 mmm
1302 1091 1601 1166 mmmmm
1650 1091 1813 1165 plurimos
1841 1094 1875 1152 ap

250 1166 360 1228 locum
388 1163 537 1233 accedat,
564 1165 670 1226 donec
695 1163 872 1240 episcopus
891 1163 924 1226 et
939 1163 1049 1225 clerus
1164 1191 1384 1250 invisendum
1422 1189 1504 1249 Μ
1537 1190 1614 1261 ,jus
1652 1201 1778 1261 corpus
1804 1202 1874 1263 per,

252 1263 331 1343 quid
347 1261 422 1323 ilari
436 1262 616 1338 oporteret,
634 1261 830 1322 statuerent.
840 1259 952 1322 Altera
962 1259 1048 1333 luce,
1165 1287 1323 1348 traxere·

251 1361 428 1438 episcopus
453 1358 488 1422 tn
515 1374 590 1420 eam
614 1373 728 1420 curam
751 1360 786 1420 et
813 1357 1049 1434 cogitationem

250 1456 431 1533 diligenter
441 1455 593 1518 incubuit
605 1458 655 1518 :et
664 1455 778 1516 audita
787 1457 928 1532 utraque
941 1456 1048 1530 parte,
1143 1451 1265 1515 Eadem
1286 1454 1359 1531 ipsa
1379 1451 1445 1528 die,
1465 1452 1661 1530 tempestate
1678 1451 1738 1512 illa
1757 1450 1876 1513 inuen-

250 1551 386 1617 tandem
414 1552 539 1625 uoluit,
567 1552 604 1615 ut
629 1568 672 1614 ex
697 1552 842 1614 ministri
876 1551 1049 1614 voluntate
1104 1551 1302 1628 quillltatem
1339 1550 1495 1619 redacta,
1522 1550 1697 1626 coeperunt
1721 1548 1876 1609 miraculo-

251 1651 365 1713 omnia
380 1649 509 1722 flerent,
529 1650 695 1726 jussitque
709 1650 746 1711 ut
759 1650 793 1711 et
806 1649 917 1710 clerus
933 1649 967 1710 et
986 1662 1049 1725 po-
1104 1664 1177 1710 rum
1198 1662 1378 1711 coruscare
1397 1649 1493 1724 sigua
1510 1647 1580 1708 zita
1599 1649 1637 1709 ut
1657 1646 1772 1724 quovis
1785 1645 1876 1706 attacti

249 1748 348 1827 putus
373 1748 495 1819 omnis,
522 1746 577 1807 die
598 1747 745 1809 crastiua
772 1745 814 1807 ad
841 1745 1048 1808 efferendum
1103 1745 1230 1817 morbo,
1252 1745 1294 1806 ed
1308 1747 1516 1808 contractum
1528 1743 1649 1806 tumhae
1663 1744 1737 1807 Viri
1748 1744 1803 1805 Dei
1814 1758 1877 1804 nox

249 1859 383 1906 sacrum
405 1858 525 1920 corpus
549 1857 678 1903 summo
693 1857 791 1903 mane
814 1840 1047 1904 convenirent.
1103 1842 1350 1905 revalescerent
1365 1843 1537 1920 :quivero
1556 1857 1625 1919 prae
1650 1840 1748 1904 turba
1761 1840 1875 1917 propi·

248 1940 461 2017 Magistratui
481 1954 611 2017 quoquo
633 1939 801 2016 praecepit,
820 1937 1046 2011 usuaribus,
1103 1939 1263 2002 accedere
1289 1954 1356 2001 non
1382 1939 1551 2017 poteraut,
1579 1953 1693 1999 coram
1725 1936 1875 2004 omnibns,

248 2053 292 2100 ne
305 2038 586 2117 quidpaterentur
600 2036 774 2108 molestia,
794 2052 854 2098 sua
872 2052 934 2113 ope
947 2036 1048 2098 ades-
1103 2038 1204 2100 otiam
1219 2038 1253 2098 in
1274 2037 1385 2114 platea
1400 2036 1476 2098 sani
1499 2035 1690 2098 evaderent
1715 2034 1762 2096 ibi
1775 2048 1874 2096 reuera

249 2119 335 2196 sent.
355 2133 571 2210 Magistratus
586 2132 728 2195 libenter
738 2135 834 2210 iussa
847 2133 1003 2210 capessit,
1016 2133 1049 2194 et
1103 2135 1192 2198 oculi
1213 2149 1378 2196 caecorum
1399 2132 1646 2211 aperiebantur,
1663 2147 1760 2194 aures
1774 2129 1876 2192 surdo-

249 2248 294 2294 ex
314 2231 457 2294 adverso
483 2230 642 2305 fluminis,
665 2229 752 2309 quod
773 2230 892 2292 cellam
907 2230 1048 2292 fratrum
1102 2247 1176 2294 rum
1188 2230 1507 2308 patebantzclaudus
1519 2230 1733 2292 sicutcersns
1741 2227 1876 2289 saliebat:

248 2327 353 2391 ambit
378 2344 422 2391 ex
447 2326 589 2389 navibus
608 2328 641 2389 et
658 2326 760 2403 liguis
775 2327 931 2390 celeriter
951 2327 1049 2389 curat
1102 2329 1150 2392 tbi
1173 2329 1283 2391 soluta
1318 2328 1485 2389 mutorum
1516 2327 1643 2403 lingua,
1676 2326 1830 2388 uelociter
1850 2327 1877 2385 et

248 2425 383 2503 pontem
408 2424 538 2496 ooniloi,
563 2439 605 2484 ne
625 2424 715 2486 cives
742 2423 783 2486 de
807 2426 923 2488 Pontis
938 2425 1047 2502 capite
1103 2428 1201 2506 plane
1227 2429 1295 2488 Deo
1319 2425 1435 2487 laudes
1457 2423 1630 2501 promebat
1644 2423 1880 2501 deniqueonna

248 2522 369 2584 animis
380 2523 680 2594 commoverentur,
698 2521 727 2583 si
739 2524 915 2585 cernerent
925 2537 1047 2600 corpus
1102 2540 1208 2601 genus
1231 2522 1466 2599 egritudinum
1481 2520 1720 2599 depelleretur,
1735 2522 1768 2582 et
1783 2519 1878 2596 optata

247 2633 307 2697 per
332 2634 410 2680 suos
437 2618 521 2680 dues
547 2618 681 2679 deterri.
698 2619 806 2681 Atilii
824 2619 1045 2681 nihilominus
1102 2621 1264 2684 divinitus
1292 2619 1456 2681 beneficia
1492 2617 1764 2695 impetrabantur.
1791 2620 1878 2677 Porro

245 2714 336 2776 uersi
347 2715 382 2776 in
394 2714 604 2786 seditionem,
617 2717 751 2791 pontem
760 2715 856 2778 illum
867 2715 1044 2793 dissipant.
1100 2717 1191 2781 ciues
1206 2717 1258 2778 illi
1274 2716 1315 2777 de
1337 2716 1446 2792 capite
1460 2715 1587 2787 Pontis,
1602 2715 1660 2792 qui
1673 2716 1804 2792 pontem
1813 2712 1879 2774 des·

247 2813 294 2873 lia
319 2827 375 2873 res
400 2812 502 2872 totius
527 2812 672 2873 civitatis
698 2812 828 2874 animos
854 2814 1044 2883 concitauit,
1100 2814 1286 2886 truxerant,
1299 2813 1457 2890 lacrymis
1473 2812 1587 2885 infusi,
1601 2813 1635 2875 et
1649 2812 1807 2874 detractis
1817 2810 1878 2871 cal·

248 2908 335 2986 quod
349 2910 443 2970 tanta
457 2909 628 2970 temeritas
646 2908 688 2970 ad
713 2910 861 2970 omnium
887 2910 1046 2987 injuriam
1100 2912 1293 2983 ceameutis,
1318 2910 1409 2973 clero
1432 2925 1509 2971 cum
1536 2910 1692 2972 crucibus
1717 2913 1749 2971 et
1773 2906 1881 2970 uexisso

248 3005 461 3067 redundaret.
491 3007 607 3083 Itaque
634 3005 737 3067 armis
762 3006 901 3080 muniti,
929 3023 1046 3069 omnes
1102 3009 1320 3088 precedente,
1334 3022 1411 3069 cum
1431 3008 1523 3070 tanta
1538 3008 1727 3069 reuerentia
1741 3007 1774 3068 et
1787 3003 1882 3067 bnni-

198 3170 206 3177 ,
248 3104 507 3181 proficiscuntur
516 3108 631 3166 contra
643 3104 719 3165 illos
729 3105 1043 3181 pontiseuersores:
1100 3109 1314 3170 litatecoram
1324 3106 1453 3168 tumulo
1463 3121 1500 3168 se
1512 3105 1714 3182 prostraturi
1723 3102 1880 3171 uenerunt

245 3203 281 3264 ot
292 3201 329 3262 hi
341 3216 408 3263 nou
422 3202 533 3262 minus
544 3201 685 3264 tidenter
697 3201 739 3263 ad
754 3217 847 3263 arma
864 3207 1043 3281 separant,
1100 3208 1137 3268 ut
1160 3203 1355 3282 poenitentia
1383 3218 1444 3264 sua
1468 3203 1598 3264 animos
1625 3202 1823 3265 intuentium
1847 3198 1879 3260 ad

247 3299 338 3361 omui
360 3299 510 3377 periculo
530 3300 728 3376 contempto.
755 3298 914 3361 videntes
933 3301 1044 3362 autem
1100 3302 1237 3364 multam
1282 3299 1606 3362 commiserationem
1651 3297 1878 3376 permoverent

245 3398 375 3459 tantum
401 3396 495 3458 urbis
514 3397 615 3459 totius
642 3397 836 3470 discrimen,
860 3413 981 3474 magno
1001 3401 1046 3461 ti·
1100 3398 1284 3460 Erantillic
1299 3396 1434 3472 milites,
1448 3396 1627 3459 delicatum
1642 3396 1813 3458 bominum
1828 3408 1880 3470 gs-

245 3510 338 3557 more
362 3495 508 3573 correpti
536 3497 615 3558 sunt
631 3516 639 3556 z
653 3510 716 3557 nec
740 3496 851 3556 minus
872 3495 1045 3558 terreban-
1101 3511 1175 3567 nus,
1190 3494 1384 3572 quosetiam
1394 3499 1555 3556 mamonae
1569 3493 1711 3565 nobiles,
1726 3510 1793 3571 prm
1806 3496 1881 3554 tene

207 3636 212 3639 -
244 3592 301 3654 tur
312 3606 475 3670 pauperes
490 3591 645 3667 dominae,
662 3606 723 3654 sua
740 3592 839 3670 culpa
859 3606 917 3654 eas
929 3593 1045 3655 turbas
1098 3592 1246 3655 ritudine
1273 3591 1333 3653 uix
1363 3607 1399 3654 se
1424 3590 1582 3664 ferentes,
1604 3590 1742 3653 nudatis
1761 3588 1882 3669 pedibus

244 3690 427 3752 concitatas
438 3691 642 3751 asserentes.
651 3691 734 3751 Tum
742 3690 1044 3766 veromagistratus
1099 3688 1335 3767 sequebantur.
1363 3690 1434 3750 Nec
1466 3688 1491 3748 ii
1519 3688 1704 3759 dumtaxat,
1727 3688 1785 3750 sed
1805 3686 1881 3747 dves

243 3785 341 3846 illum
366 3787 480 3863 populi
504 3787 680 3847 tumultum
700 3802 768 3848 non
783 3786 906 3860 ferens,
928 3803 1044 3850 omnes
1099 3801 1215 3849 omnes
1241 3786 1278 3847 in
1302 3787 1415 3864 partes
1444 3784 1625 3860 distributi,
1653 3786 1753 3847 statis
1780 3782 1879 3845 diebus

243 3896 326 3942 uoce
357 3882 521 3958 praeconis
547 3882 590 3942 ad
615 3882 778 3959 palatium
815 3884 988 3956 convocat,
1011 3885 1045 3946 et
1098 3900 1174 3947 cum
1200 3882 1415 3962 processione
1433 3883 1547 3950 simili,
1568 3882 1709 3960 abjectis
1724 3897 1744 3944 a
1758 3879 1880 3958 pedihus

113 3990 120 4005 ¹
243 3977 355 4055 pontis
369 3977 581 4039 eversoribus
595 3978 775 4048 interdicit,
791 3994 888 4042 neca
903 3980 1043 4042 dieausi
1098 3981 1232 4053 calceis,
1255 3979 1297 4042 ad
1320 3995 1451 4041 sacrum
1464 3978 1553 4041 beati
1570 3980 1644 4041 Viri
1658 3980 1821 4042 tumulum
1831 3990 1880 4038 ao-

246 4075 316 4137 sint
338 4073 448 4137 redire
463 4074 505 4135 ad
527 4074 615 4136 aedes
630 4090 720 4136 suas.
736 4076 865 4138 Amotls
879 4092 960 4154 ergo
974 4079 1043 4140 illis
1098 4077 1270 4141 cedebant.
1297 4077 1484 4140 veniebant
1510 4076 1626 4141 itidem
1654 4077 1824 4154 religiosi,
1849 4086 1881 4132 ac

244 4172 419 4235 seditionis
433 4170 637 4246 auctoribus,
659 4173 835 4250 episeopus
848 4188 923 4235 cum
938 4174 1041 4258 clero,
1097 4179 1265 4255 postremo
1279 4174 1456 4253 episcopus
1466 4190 1542 4236 oum
1550 4176 1618 4237 toto
1629 4173 1732 4249 clero,
1749 4185 1883 4251 praecep·

244 4270 459 4346 magistratus
474 4285 549 4330 cum
564 4268 737 4346 militibus,
752 4272 785 4332 et
796 4270 971 4334 innumera
982 4289 1045 4350 po-
1096 4275 1187 4336 tores
1200 4288 1275 4335 cum
1293 4273 1397 4334 multa
1412 4272 1638 4335 studiosorum
1659 4274 1807 4344 caterua,
1821 4282 1882 4329 ma-

244 4368 315 4444 puli
340 4367 564 4440 multitudine,
589 4367 751 4430 institutis
773 4384 878 4447 usque
897 4368 938 4430 ed
954 4371 1043 4431 sacri
1097 4371 1258 4447 gistratus
1283 4384 1358 4433 oum
1384 4369 1528 4431 militum
1552 4370 1586 4431 et
1612 4370 1798 4446 potentium
1820 4366 1882 4427 tre·

244 4465 393 4541 corporis
403 4464 512 4527 locum
522 4464 806 4542 processionibus,
819 4482 894 4528 oum
908 4466 1042 4545 hymnis
1097 4468 1245 4547 quentia,
1262 4468 1386 4546 aliique
1401 4467 1611 4529 diuersarum
1626 4467 1751 4529 artium
1764 4462 1881 4543 protes·

243 4560 278 4621 et
291 4560 430 4622 candele
443 4561 684 4639 spiritualibus,
697 4579 757 4640 per
765 4562 910 4625 medium
923 4564 1042 4642 capitis
1097 4580 1204 4638 sores,
1218 4563 1412 4640 singulatim
1429 4562 1595 4626 ordinatis
1608 4561 1880 4642 processionibus

244 4657 355 4734 pontis
389 4657 429 4717 ad
464 4658 643 4719 ecclesiam
679 4662 899 4723 sanctissimae
925 4663 1042 4724 matris
1097 4663 1198 4724 certis
1226 4660 1344 4723 diebus
1367 4662 1401 4723 ot
1422 4660 1527 4734 horis,
1545 4676 1660 4723 cereos
1683 4656 1882 4723 habentesiu

244 4754 316 4828 Dei,
337 4753 426 4815 idem
438 4753 624 4816 beatissimi
639 4756 712 4817 Viri
728 4772 852 4834 corpus
865 4758 951 4820 mira
966 4774 1041 4821 om·
1096 4759 1261 4831 manibus,
1288 4759 1405 4837 positis
1427 4758 1561 4829 calceis,
1582 4757 1820 4820 decentissime
1832 4753 1884 4816 ad·

242 4852 336 4914 nium
352 4852 560 4914 exultatione
574 4853 792 4917 transierunt.
807 4856 1043 4934 supponebant
1095 4857 1271 4919 venerunt.
1293 4856 1396 4919 Erant
1408 4857 1520 4919 summ
1535 4854 1638 4925 cerei,
1654 4856 1805 4933 quiante
1821 4852 1883 4913 sin·

242 4952 354 5013 autern
378 4949 504 5012 feretro
533 4948 691 5011 humeros
714 4966 794 5013 suos
809 4953 961 5029 primarii
977 4955 1042 5016 uiri
1097 4954 1193 5031 gulos
1208 4952 1461 5015 adventantium
1480 4953 1585 5016 coetus
1608 4951 1883 5030 portabantur,ea

242 5048 401 5121 civitatis,
432 5050 465 5110 et
486 5047 714 5123 magistratus,
732 5046 848 5110 beatos
866 5065 903 5111 se
917 5051 1041 5114 existi·
1096 5051 1315 5127 longitudine,
1327 5051 1364 5114 ut
1373 5066 1440 5112 non
1450 5050 1517 5112 nisi
1527 5050 1642 5128 aliqua
1651 5050 1795 5127 praecisa
1802 5046 1885 5126 pute

242 5146 383 5217 mantes,
400 5144 458 5222 qui
480 5144 628 5207 loculum
653 5144 708 5206 uel
731 5144 851 5208 leuiter
877 5146 1043 5224 attingere
1096 5149 1186 5211 intra
1201 5148 1306 5211 aedem
1331 5146 1534 5211 beatissimae
1559 5149 1677 5210 matris
1697 5148 1761 5209 Dei
1779 5142 1884 5208 intorti

242 5256 335 5302 mere
359 5242 425 5303 tur.
447 5242 613 5319 Quotquot
638 5241 749 5304 autem
776 5258 891 5306 cereos
918 5244 1042 5308 babere
1096 5247 1243 5324 possent,
1252 5245 1356 5309 multe
1367 5245 1468 5309 etiam
1478 5245 1662 5308 formarum
1676 5245 1768 5307 inter
1785 5256 1885 5306 seua·

242 5338 322 5416 potu
362 5340 432 5411 unt,
456 5355 515 5402 eos
530 5354 691 5401 accensos
704 5340 859 5403 manibus
878 5340 1041 5419 ferebant,
1097 5344 1216 5406 rietate
1241 5342 1423 5406 artificiose
1449 5343 1610 5406 distincti.
1633 5343 1775 5415 Quidam
1795 5341 1884 5404 etiam

244 5450 384 5511 quorum
399 5437 491 5498 tanta
511 5439 584 5498 erat
598 5438 706 5514 copia,
722 5440 759 5501 ut
782 5453 898 5501 eorum
916 5440 1041 5502 lumine
1097 5458 1167 5520 prae
1197 5457 1259 5504 suo
1294 5441 1440 5520 pondere
1475 5441 1623 5504 humeris
1656 5440 1883 5518 portabantur,

244 5531 341 5608 quasi
362 5532 431 5594 tota
446 5532 526 5594 urbs
547 5533 752 5598 inflammata
771 5536 951 5600 videretur.
978 5538 1043 5601 Ubi
1096 5538 1248 5601 nonnulli
1259 5538 1414 5601 curribus
1424 5537 1642 5601 vehebantur.
1651 5541 1732 5600 cum
1744 5553 1811 5600 non
1818 5549 1886 5614 pos-

246 5627 288 5690 ad
305 5629 473 5705 perpetue
488 5630 637 5706 Virginis
653 5633 813 5711 templum
827 5636 963 5700 uentum
977 5638 1041 5706 est,
1097 5638 1171 5701 sent
1185 5638 1295 5700 autem
1312 5637 1488 5714 praenimia
1503 5635 1715 5698 multitudiue
1730 5636 1774 5698 ad
1789 5632 1885 5698 eccle·
