3950 6200
172 256 235 317 783
593 261 626 320 S.
653 260 829 323 ANTONII
858 262 1047 324 Paounrtt
1076 263 1214 326 OPERA
1243 265 1390 329 omitia.
1749 271 1804 332 784

170 415 260 479 enim
276 430 336 479 vos
345 415 482 477 univiro
493 416 655 492 virginem
664 418 790 481 castam
804 417 964 483 exhihere
1017 419 1139 484 Christi
1154 436 1199 484 ex
1212 423 1302 485 omni
1319 422 1489 486 voluntate
1502 422 1601 487 debet
1615 426 1806 497 exterum-i,

171 514 317 588 curist03
336 529 402 574 non
417 514 595 575 enimcum
610 514 893 593 dinitotrpincm,
909 531 965 578 ro·
1018 520 1051 579 et
1072 519 1252 581 attenuari.
1274 520 1355 582 item
1377 520 1481 596 pelles
1499 520 1688 583 womonie
1715 538 1806 599 que·

170 609 234 671 luit
247 610 432 685 subticere;
448 611 505 672 sed
522 611 704 688 subjunxit,
721 615 858 683 castam,
872 628 912 675 ac
935 613 965 674 si
1019 615 1094 675 dam
1108 619 1205 678 eraut
1217 617 1442 693 hyacinthinae
1457 616 1519 697 (2),
1533 619 1686 695 quadam
1695 618 1808 680 rubri·

170 707 417 785 eiusduplicem
433 708 619 770 castitatem
629 710 794 773 innueret.
1018 715 1101 775 cetae
1120 734 1128 773 ι
1149 716 1189 775 Et
1214 716 1341 790 Sponsa
1363 714 1487 777 Christi
1509 714 1606 777 debet
1625 731 1702 777 esse
1717 716 1809 793 quasi

210 804 258 865 De
270 805 421 867 claritate
436 805 517 867 dicit
532 808 660 882 Sponsa
673 805 710 868 in
723 807 869 868 canticis
884 805 929 885 (1,
945 812 965 867 4
1019 809 1116 891 pellis
1142 810 1359 887 hpaciuthina
1385 827 1444 888 per
1470 811 1673 874 desiderium
1693 829 1810 890 super-

170 902 204 963 et
217 900 250 979 5)
265 918 273 962 :
290 904 423 978 «Nigra
437 919 521 975 sum,
534 903 591 965 sed
608 903 752 965 formosa
761 904 848 966 sicut
858 903 966 966 taber·
1018 922 1153 979 norum,
1188 910 1222 969 et
1248 907 1415 970 coelestem
1443 910 1750 982 conversationem,
1779 913 1810 972 et

170 998 291 1061 nacula
304 1000 516 1069 (ledarsicut
527 1001 632 1078 pelles
645 1001 965 1063 salomonis.Nolite
1018 1003 1187 1066 rithricata
1205 1020 1266 1082 per
1285 1018 1398 1067 rosam
1422 1007 1600 1084 passionis.

67 1154 73 1159 .
170 1096 384 1159 considerare
399 1098 485 1175 quod
501 1097 592 1160 fusce
609 1099 682 1170 sim,
700 1099 966 1176 quiadecolora·
1060 1102 1216 1178 Sequitur
1243 1123 1251 1161 :
1277 1104 1433 1173 Intende,
1459 1117 1627 1178 prospere
1650 1107 1809 1178 procede,

170 1195 220 1257 vit
240 1211 292 1256 me
309 1194 370 1257 sol.
386 1213 404 1255 s
419 1197 540 1257 Mirum
561 1196 711 1273 estquod
729 1199 856 1273 Sponsa
871 1196 963 1267 dicit,
1018 1198 1053 1258 et
1066 1212 1186 1275 repca.
1201 1199 1337 1261 Intende
1351 1198 1515 1276 siquidem
1530 1202 1671 1277 sponso,
1687 1201 1812 1262 dicenti

171 1308 207 1353 se
236 1308 310 1354 esse
349 1291 496 1367 nigram,
525 1292 581 1353 sed
608 1292 788 1355 formosam
816 1293 964 1354 :Potius
1019 1293 1078 1355 imi
1106 1295 1222 1357 :Veni
1249 1296 1291 1357 de
1316 1294 1462 1365 Libano,
1484 1299 1575 1371 veni,
1596 1296 1812 1359 coronaberis
1946 1340 1947 1381 3

170 1390 260 1450 enim
286 1388 420 1450 deberet
441 1402 478 1450 se
499 1388 612 1451 dicere
635 1405 709 1451 esse
733 1393 873 1467 turpem,
890 1405 965 1451 cum
1020 1390 1128 1465 (cant.
1142 1397 1173 1463 4,
1188 1390 1222 1469 8)
1239 1413 1248 1452 z
1263 1392 1359 1464 Veni,
1377 1393 1523 1470 inquam,
1539 1393 1625 1456 idest
1639 1393 1760 1455 recede
1772 1393 1813 1455 de

171 1488 268 1562 nigra
292 1486 337 1548 sit
357 1488 390 1547 et
411 1485 580 1547 deformis.
594 1489 664 1549 Hoc
688 1487 779 1560 dicit,
795 1485 965 1563 quietalis
1019 1486 1158 1561 Hhauo,
1174 1488 1260 1551 idest
1273 1489 1468 1553 decendero
1480 1489 1580 1569 hujus
1590 1491 1719 1561 saeculi,
1735 1506 1813 1567 quo-
1946 1558 1947 1575 χ

172 1582 311 1658 nigredo
335 1581 525 1644 formositas
553 1585 605 1645 est
628 1583 783 1646 interius.
812 1582 967 1645 Exterior
1020 1585 1110 1647 niam
1134 1585 1320 1663 confringet
1343 1587 1505 1649 Dominus
1532 1587 1650 1651 cedros
1681 1586 1814 1659 libani,

170 1681 261 1742 enim
276 1679 399 1755 passio,
415 1679 502 1742 idest
519 1682 699 1743 maceratio
714 1680 897 1757 corporalis
908 1679 965 1741 in·
1020 1682 1125 1761 (Psal.
1150 1684 1202 1755 28,
1224 1682 1270 1763 ὅ),
1295 1683 1382 1747 idest
1404 1683 1447 1747 ab
1470 1685 1630 1746 exteriori
1656 1684 1815 1757 candore,
1946 1746 1947 1749 ,

169 1777 275 1840 terius
290 1777 468 1838 formosam
478 1777 586 1839 reddit
600 1778 763 1852 animam3
776 1780 810 1840 et
824 1777 898 1839 ideo
908 1777 963 1838 di·
1020 1779 1104 1841 idest
1116 1779 1157 1841 de
1169 1779 1325 1842 simulata
1339 1780 1514 1857 religione,
1530 1781 1688 1857 quoniam
1705 1782 1816 1843 omnis
1946 1756 1947 1807 ³

172 1874 269 1936 cebet
295 1876 423 1950 Sponsa
449 1895 456 1934 ε
479 1875 584 1949 Nigra
607 1890 691 1946 sum,
721 1874 779 1937 sed
807 1873 963 1946 formosa,
1019 1877 1128 1952 gloria
1147 1876 1225 1938 filim
1240 1877 1329 1953 regis
1345 1876 1387 1939 ab
1409 1878 1499 1939 intus
1513 1876 1680 1956 (Psalle,
1698 1878 1819 1956 14).Et
1946 1888 1947 1937 t

172 1971 251 2048 quia
270 1970 475 2033 decoloravit
497 1987 548 2033 me
566 1972 628 2032 sol.
655 1971 710 2032 Sol
726 1971 877 2048 eclipsim
901 1987 965 2049 pa·
1020 1975 1177 2051 quoniam
1206 1973 1339 2036 dixerat
1365 1995 1373 2035 :
1400 1975 1553 2049 Veni;et
1573 1991 1641 2036 nou
1668 1974 1816 2045 dixerat,
1946 2014 1947 2019 κ

172 2070 260 2133 tiens
274 2068 386 2131 omnia
399 2069 579 2145 decolorat,
598 2070 656 2131 sed
671 2070 737 2132 cito
749 2071 871 2132 transit
884 2069 968 2131 ecli·
1020 2087 1086 2147 quo
1110 2070 1229 2135 debeat
1251 2072 1306 2133 ire
1335 2093 1343 2133 ε
1371 2072 1484 2135 statim
1517 2071 1688 2149 subjungit
1714 2072 1818 2135 uerbo
1946 2056 1947 2145 J

172 2167 254 2244 peis,
269 2168 304 2228 θῖ
318 2166 426 2230 subito
439 2167 575 2229 relucet.
595 2167 800 2243 Soljustitiae
815 2166 966 2228 Christus
1019 2168 1128 2239 tenus,
1151 2182 1217 2245 quo
1239 2169 1327 2229 esset
1342 2167 1493 2235 ,eundum
1511 2190 1518 2229 :
1535 2167 1674 2237 Vadam.
1695 2168 1816 2246 inquit,
1946 2172 1947 2221 l

172 2266 261 2325 Deus
282 2268 397 2326 noster
412 2281 530 2340 passus
549 2266 601 2329 est
619 2264 769 2342 eclipsim
792 2264 826 2325 in
845 2278 965 2337 cruce;
1021 2265 1061 2327 ad
1073 2267 1219 2327 montem
1243 2265 1398 2342 myrrhae.
1415 2265 1501 2327 idest
1519 2265 1563 2327 ad
1583 2265 1820 2328 celsitudinem
1946 2308 1947 2331 t

173 2362 207 2422 et
220 2360 296 2424 ideo
311 2362 461 2439 eclipsim
475 2374 593 2440 passus
614 2364 675 2434 est,
689 2361 845 2439 quoniam
860 2360 967 2439 ipsius
1022 2362 1299 2434 mortificationis,
1312 2363 1429 2439 quaein
1440 2362 1578 2439 myrrha
1590 2362 1818 2438 significatum
1946 2418 1947 2435 ,

172 2459 296 2537 passio,
320 2460 411 2521 velut
429 2459 576 2535 eclipsis,
604 2459 670 2521 cito
692 2459 836 2531 transiit,
852 2461 886 2521 et
908 2473 968 2535 per
1021 2458 1109 2521 etad
1129 2459 1249 2523 collem
1264 2459 1387 2530 thuris,
1410 2459 1496 2522 idest
1515 2459 1556 2521 ad
1582 2459 1821 2521 excellentiam
1946 2454 1947 2541 l

172 2557 452 2618 resurrectionem
462 2557 586 2619 reluxit
600 2557 650 2617 sol
665 2556 799 2618 mundo.
818 2558 854 2617 lu
868 2570 968 2617 cruce
1021 2556 1148 2618 devote
1170 2556 1343 2619 orationis.
1370 2557 1427 2621 Sic
1445 2571 1526 2632 ergo
1539 2558 1668 2633 Sponsa
1692 2556 1821 2618 curisti
1946 2606 1947 2625 ,

173 2654 325 2731 eclipsim
341 2653 481 2730 petiens,
501 2654 613 2715 omnia
638 2654 854 2720 decoloravit,
879 2663 966 2730 quo*
1023 2652 1172 2729 procedit
1183 2652 1224 2714 de
1237 2653 1361 2717 uirtute
1369 2653 1405 2713 tn
1415 2654 1631 2717 virtutem.Et
1642 2654 1818 2729 sicregua,
1946 2642 1947 2681 ³

173 2752 265 2812 niam
290 2751 332 2811 ad
366 2751 559 2812 memoriam
592 2751 773 2812 Dominicae
800 2750 968 2826 passionis
1022 2749 1109 2813 idest
1136 2749 1251 2826 accipe
1274 2764 1443 2821 coronam,
1471 2749 1512 2810 de
1545 2766 1612 2827 qua
1634 2748 1819 2826 sapientia

175 2849 283 2909 omnis
298 2847 399 2909 decor
413 2847 611 2918 mundanus,
626 2848 777 2909 etomnis
792 2847 968 2909 delectatio
1015 2846 1066 2923 ¹(5,
1091 2844 1143 2923 17)
1165 2862 1173 2902 ι
1194 2863 1213 2907 c
1238 2846 1411 2922 accipient
1440 2861 1580 2923 regnum
1603 2846 1753 2917 decoris,
1787 2849 1823 2908 et
1946 2840 1947 2919 ᾖ

172 2943 469 3022 temporalisdebet
484 2942 968 3006 obscurariNecestlormosa
1023 2943 1176 3004 diadema
1195 2943 1320 3019 speciei
1341 2943 1381 3005 de
1406 2959 1507 3004 manu
1526 2944 1670 3014 Domini,
1691 2960 1710 3004 s
1731 2943 1824 3005 idest

175 3044 300 3116 anima,
312 3058 386 3121 que
405 3042 455 3104 sic
477 3057 544 3104 non
567 3044 617 3105 est
632 3041 814 3115 obfuscata,
831 3041 968 3104 decolo-
1022 3041 1205 3112 aureolam,
1219 3055 1319 3117 quum
1329 3040 1495 3118 accipient
1504 3040 1663 3117 virgines,
1679 3040 1713 3103 θῖ
1722 3056 1822 3101 mar·
1946 3080 1947 3122 ³

175 3144 261 3204 rata.
287 3141 363 3204 ideo
387 3140 469 3203 dicit
489 3144 617 3217 Sponsa
639 3163 647 3204 z
669 3141 775 3217 Nigra
798 3157 882 3211 sum,
911 3140 968 3201 sed
1024 3142 1124 3215 lyres.

176 3238 333 3310 formosa,
357 3237 435 3316 quia
449 3237 654 3300 decoloravit
672 3254 724 3299 me
737 3238 786 3300 sol
800 3254 808 3311 ;
824 3241 857 3299 et
869 3238 969 3314 paulo

176 3340 274 3414 post:
292 3336 743 3407 Sicuttabernaculacedar,
767 3336 853 3397 sicut
868 3335 970 3412 pelles
1255 3309 1394 3370 SERMO
1416 3309 1593 3370 LXXXIH·
1946 3369 1947 3372 =

177 3434 381 3507 Salomonis;
394 3435 489 3496 etsie
498 3433 597 3497 debet
608 3435 764 3510 conjungi
775 3433 886 3497 littera
897 3431 946 3511 (l)
961 3453 969 3492 ε
1024 3446 1067 3505 Aa
1084 3446 1253 3521 pengpm,
1268 3444 1303 3504 (ιθ
1321 3448 1474 3505 vocatione
1497 3448 1600 3521 sponsi
1621 3446 1658 3505 ,d
1676 3449 1825 3521 Sponsam

111 3557 113 3568 ⁴
176 3533 281 3608 Nigra
305 3549 389 3603 sum,
416 3533 503 3593 sicut
525 3530 743 3594 tabernacula
762 3530 881 3604 Cedar3
902 3530 972 3591 for-
1374 3550 1466 3593 suam.
1946 3543 1947 3552 ¹

178 3646 282 3705 mosa,
297 3631 385 3693 sicut
399 3628 502 3707 pelles
520 3629 720 3691 Salomonis.
737 3628 843 3688 Cedar
861 3628 971 3688 iuter·
1025 3672 1101 3731 Aua

178 3730 330 3805 pretatur
352 3742 486 3790 moemr·
506 3730 595 3788 Bene
619 3737 699 3802 ergo
725 3727 971 3803 conjunguntur
1102 3670 1207 3742 ilitio,
1222 3671 1358 3744 etotde,
1378 3671 1685 3732 etincttnoaurcm
1700 3672 1825 3732 teman:
1946 3685 1947 3746 ,

178 3826 243 3888 ista
267 3827 343 3897 duo,
367 3829 588 3886 tooernomdc
603 3828 734 3895 cedam·
750 3825 785 3883 in
810 3822 971 3884 taberna·
1064 3768 1613 3944 Ξὲῗῖἕῖἓθῖἒξξίῖῖἵῑῖῗ)ῖααθῖ,
1634 3768 1827 3829 etaemum

178 3923 264 3986 culis
289 3923 378 3983 enlm
404 3922 579 3984 exercetur
604 3920 822 3994 militiasive
848 3934 969 3996 pugna.

179 4019 300 4082 Militia
320 4021 437 4081 contra
465 4017 631 4079 diabolum
667 4017 794 4093 agenda
823 4019 875 4079 est
897 4031 971 4077 cum
1067 4014 1227 4091 Loquitur
1241 4015 1328 4075 Deus
1344 4014 1384 4075 ad
1399 4014 1502 4075 filiam
1517 4029 1622 4085 suam,
1637 4029 1829 4091 quamcuu-
1946 4047 1947 4050 =

180 4117 357 4195 lacrymis3
378 4114 466 4177 unde
479 4116 515 4176 in
537 4115 684 4177 canticis
704 4113 748 4193 (7,
765 4114 798 4192 4)
821 4113 973 4176 :coculi
1027 4126 1091 4189 que
1119 4111 1249 4173 scilicet
1274 4112 1450 4188 virginem,
1479 4113 1539 4173 aut
1561 4113 1688 4173 castam
1709 4116 1829 4174 :Audi
1946 4163 1947 4172 ,

178 4217 228 4279 tui
262 4217 349 4277 sicut
383 4213 521 4292 piscine
546 4213 582 4274 in
608 4211 772 4283 Hesebon,
798 4228 872 4288 qnae
896 4213 974 4273 suut
1026 4210 1108 4281 tilio,
1123 4223 1222 4284 quam
1239 4209 1404 4285 parturivi
1418 4207 1451 4270 in
1466 4209 1621 4283 angustia
1636 4209 1827 4286 passionis;
1946 4207 1947 4286 3

180 4316 215 4375 iu
245 4318 341 4391 porta
365 4312 443 4374 filim
475 4309 709 4372 multitudinis.
737 4309 891 4370 Hesebon
915 4308 972 4370 in·
1028 4305 1115 4370 unde
1130 4305 1227 4367 isaim
1242 4304 1829 4384 (66,9):‹Nunquidego,quialios

181 4414 384 4489 terpretatur
397 4409 541 4486 angulus
562 4409 726 4470 moeroris.
749 4407 892 4468 Piscium
916 4421 973 4466 er·
1028 4417 1146 4480 parere
1161 4402 1258 4473 facio,
1276 4401 1348 4478 ipse
1367 4417 1434 4464 nou
1453 4402 1594 4479 pariam,
1608 4401 1691 4464 dicit
1703 4402 1829 4464 Domi·
1946 4433 1947 4466 1

182 4524 225 4584 go
253 4507 417 4577 Hesehon,
447 4505 534 4567 idest
570 4503 778 4566 abundantes
817 4503 973 4579 lacrymae
1029 4493 1243 4562 nustsnudi
1253 4513 1334 4574 ergo
1355 4499 1436 4560 fllia.
1453 4501 1491 4560 Et
1506 4498 1585 4576 quid
1598 4498 1830 4561 audiettAu·
1946 4507 1947 4586 J

182 4605 341 4666 deberent
353 4619 428 4665 esse
445 4603 480 4663 iu
495 4602 602 4664 oculis
618 4601 878 4678 uuiuscujusque
895 4600 973 4660 ani·
1028 4597 1107 4668 diet,
1133 4596 1280 4673 inquam,
1302 4597 1467 4671 Sponsum
1486 4596 1522 4656 in
1542 4596 1688 4658 Cantiois
1704 4595 1750 4674 (ὅ,
1766 4596 1829 4675 2):
1946 4589 1947 4628 ³

183 4719 246 4766 mae
261 4701 380 4774 fidelis,
396 4703 433 4761 ut
443 4700 492 4760 sic
504 4699 535 4760 ei
551 4699 663 4775 pateat
673 4699 844 4774 inpressos
857 4696 974 4759 Eccle-
1028 4693 1153 4771 «Aperi
1160 4691 1564 4767 mihi,sorormee,amica
1577 4708 1662 4765 mea,
1670 4693 1832 4757 columba
1946 4729 1947 4774 4

182 4803 254 4874 sim,
274 4799 316 4862 de
338 4813 404 4876 qua
427 4797 550 4859 dicitur
566 4818 574 4856 :
590 4795 812 4859 Multitudinis
831 4793 975 4858 creden·
1030 4806 1113 4862 mea,
1123 4789 1426 4862 immaculatamea.
1438 4790 1539 4865 Aperi
1547 4806 1626 4865 ergo
1634 4806 1830 4868 sorormea.

181 4901 264 4961 tium
273 4901 412 4964 eratcor
421 4894 695 4966 uuum,etanima
703 4909 769 4954 una
778 4889 974 4971 (Aetam).
1030 4892 1069 4951 et
1083 4904 1157 4966 quae
1177 4889 1229 4950 est
1252 4902 1348 4949 soror
1369 4887 1686 4950 Dominitsnnima
1702 4888 1829 4963 fidelis,

182 4999 240 5062 Est
252 4996 354 5059 etiam
374 4994 517 5057 formosa
543 4992 630 5054 sicut
650 4990 755 5068 pelles
775 4990 973 5052 Salomonis.
1029 5002 1104 5065 qum
1126 4987 1234 5063 potest
1259 4985 1326 5047 dici
1351 4985 1421 5048 illia
1444 4985 1572 5057 Mariae,
1596 4987 1693 5061 cujus
1716 4986 1831 5048 Filius
1946 5031 1947 5038 θ

183 5094 304 5166 Pelles,
321 5092 408 5155 sicut
419 5090 524 5162 scitis,
536 5089 783 5159 excurrentem
799 5089 833 5149 et
847 5088 976 5163 Sponsa
1030 5085 1180 5147 Christus
1207 5085 1276 5146 est.
1306 5082 1367 5146 Ille
1392 5097 1473 5158 ergo
1498 5081 1570 5143 fllia
1597 5083 1727 5156 Maris,
1750 5100 1832 5161 quse
1946 5145 1947 5148 ,

219 5236 261 5376 ἓίζ
275 5227 374 5292 Glossa
391 5227 591 5288 interlinearis.
625 5301 630 5312 Ι
687 5300 693 5311 ι
876 5298 882 5311 ·
1030 5238 1144 5282 summo
1154 5220 1258 5307 studio,
1271 5229 1301 5280 et
1314 5221 1411 5280 labore
1420 5220 1572 5349 lubrigatus
1586 5229 1639 5348 eat.
1656 5223 1714 5279 Eas
1729 5231 1831 5283 autem

184 5298 976 5444 nittillet„tillttlttfltltcttttttlt
1030 5293 1422 5494 {litteraliter
1435 5300 1484 5431 a,
1500 5299 1833 5489 craterem

186 5468 197 5496 ι
216 5445 303 5570 Νἰῗτθ
318 5458 382 5501 sum
402 5451 432 5500 ut
448 5442 629 5525 tabernacula
645 5440 744 5509 cedar,
758 5448 789 5497 ut
803 5440 974 5521 AEtltiopcs:
1050 5437 1133 5508 uplici
1153 5435 1331 5517 operimento
1352 5433 1565 5516 tabernaculum
1586 5433 1700 5516 'sederis
1710 5443 1830 5507 tegere·

185 5509 977 5655 tteer.enitetetaetttttatttlt
1027 5503 1833 5651 tentemus!lateraliter⁸⁸³⁰⁰⁰
