3950 6200
254 339 317 399 aas
685 339 717 402 s
742 340 961 403 ananciscr
983 304 1212 406 assistens
1231 346 1459 409 croscum.
1817 352 1865 417 aas

297 502 502 563 Imotantum
513 500 692 576 gauderem
701 501 741 562 de
751 501 899 563 bonitate
907 502 1048 565 fratrum
1103 504 1138 564 ia
1153 505 1302 566 moribus
1317 506 1451 583 pietatis
1462 508 1495 568 et
1513 506 1742 582 simplicitatis,
1755 511 1865 585 patien-

256 600 392 674 propter
413 598 542 658 lucrum
557 599 706 674 ipsorum
722 603 755 660 et
763 614 890 660 meum:
908 599 995 676 quod
1019 600 1047 660 si
1104 602 1159 662 tiae
1174 604 1208 663 et
1222 602 1419 665 humilitatis
1438 605 1619 678 imaginem
1641 604 1732 665 ferat
1748 608 1865 670 Formi-

250 699 400 773 jacerem
412 695 447 755 in
463 695 550 757 lecto
564 696 729 768 infirmus,
753 713 821 759 non
847 714 900 758 me
920 699 1049 774 pigeret
1104 715 1166 775 que
1189 701 1328 762 virtutes
1347 701 1381 761 in
1396 717 1433 762 se
1447 706 1480 763 et
1493 702 1580 784 aliis,
1595 703 1692 778 atque
1711 704 1744 763 in
1764 707 1866 780 practi-

254 793 449 855 satisfacere
463 795 533 854 eis:
550 794 628 871 quia
644 793 791 855 officium
807 811 927 867 meum,
950 796 982 857 id
999 798 1050 857 est
1104 796 1209 857 cando
1220 813 1277 859 eas
1287 799 1443 860 continue
1452 814 1489 859 se
1500 802 1666 872 exerceat,
1675 800 1714 860 ad
1725 800 1791 861 baec
1798 802 1866 863 alim

254 887 471 964 praelationis,
488 888 875 965 estspirituale'tantum
891 890 1050 951 videlicet
1103 894 1179 971 plus
1190 895 1343 971 exemplo
1363 911 1462 972 quam
1488 896 1695 957 sermonibus
1708 897 1864 961 incitando.

254 985 419 1047 dominari
444 986 546 1058 vitiis
564 988 597 1048 et
619 987 691 1062 ipsa
708 987 927 1063 spiritualiter
942 989 1050 1049 corri-
1105 992 1155 1053 sit
1168 996 1345 1055 execrator
1359 994 1520 1069 pecuniae,
1534 1009 1608 1070 qum
1623 996 1742 1056 nostrae
1755 996 1864 1071 profes·

253 1099 333 1161 gere
361 1085 395 1146 et
420 1084 608 1145 emendare.
633 1086 812 1161 Postquam
836 1088 947 1146 autem
975 1086 1048 1161 ipsa
1104 1090 1208 1150 sionis
1223 1092 1257 1152 et
1282 1090 1866 1170 perfectionisestpraecipuacorrup-

253 1180 434 1243 emendare
457 1184 490 1243 et
518 1183 687 1257 corrigere
715 1182 965 1258 praedicatione,
982 1183 1047 1243 ad·
1103 1187 1168 1247 tela
1184 1208 1191 1246 :
1208 1190 1242 1249 et
1266 1190 1434 1265 tamquam
1453 1191 1553 1264 caput
1575 1189 1608 1248 et
1627 1188 1791 1264 exemplar
1806 1191 1867 1249 irai·

255 1281 450 1349 monitione,
473 1280 506 1341 et
534 1280 686 1356 exemplo
711 1296 777 1341 non
806 1296 953 1357 possum,
970 1280 1048 1345 nolo
1103 1285 1238 1345 tandum
1252 1284 1294 1345 ab
1304 1284 1467 1355 omnibus,
1482 1285 1584 1345 nullis
1600 1300 1753 1362 umquam
1771 1286 1866 1347 loculis

254 1378 488 1439 carnifexfleri
499 1377 539 1438 ad
549 1378 790 1453 puniendumet
799 1377 1046 1452 flagellandum,
1103 1381 1269 1443 abutatur.
1287 1380 1463 1443 Sufficiant
1474 1384 1585 1442 autem
1601 1381 1733 1458 sibipro
1748 1383 1868 1443 sehabl·

254 1476 342 1537 sicut
357 1475 537 1552 potestates
561 1475 661 1552 hujus
686 1475 812 1536 saeculi.
835 1475 898 1536 Sed
918 1475 1048 1537 confido
1103 1480 1157 1540 tus
1178 1482 1211 1540 et
1232 1479 1376 1554 libellus,
1400 1495 1460 1556 pro
1481 1480 1560 1540 aliis
1582 1494 1664 1541 vero
1682 1480 1866 1556 scriptoriam

254 1574 289 1634 in
308 1573 451 1636 Domino
464 1573 549 1651 quod
566 1573 676 1633 adhuc
691 1573 820 1633 inimici
846 1572 1048 1645 invisibiles,
1102 1576 1137 1636 et
1159 1576 1306 1652 sigillum
1322 1598 1330 1636 ε
1347 1593 1413 1637 non
1435 1577 1479 1638 sit
1497 1578 1698 1653 aggregatos
1718 1576 1864 1647 librorum,

255 1670 404 1748 quisunt
423 1671 563 1733 castaldi
578 1671 709 1732 Domini
725 1670 766 1731 ad
788 1671 994 1747 puniendum
1013 1672 1047 1731 in
1104 1688 1165 1735 nec
1177 1674 1313 1736 lectioni
1329 1675 1467 1736 multum
1492 1674 1659 1748 intentus3
1675 1690 1717 1736 ue
1736 1674 1866 1735 fortede-

255 1768 379 1829 saeculo
394 1770 427 1829 et
441 1769 475 1828 in
491 1768 603 1830 futuro
619 1769 742 1846 eosqui
759 1768 1050 1843 transgrediuntur
1104 1771 1216 1833 trabat
1226 1771 1349 1845 officio,
1375 1772 1462 1849 quod
1489 1775 1658 1848 praerogat
1671 1772 1785 1833 studio.
1798 1773 1867 1831 don·

253 1866 411 1928 mandata
433 1864 504 1937 Dei,
527 1868 659 1926 sument
684 1865 725 1925 de
747 1865 832 1941 ipsis
846 1864 1047 1939 vindictam
1104 1870 1230 1930 soletur
1240 1869 1294 1945 pie
1306 1869 1462 1942 afflictos,
1476 1885 1550 1930 cum
1566 1869 1612 1929 sit
1623 1869 1771 1931 ultimum
1781 1882 1867 1929 reme·

255 1962 415 2025 facientes
434 1962 510 2023 illos
537 1963 661 2038 corrigi
683 1961 724 2023 ab
742 1961 933 2023 hominibus
946 1961 1049 2039 ltuJus
1105 1964 1195 2026 dium
1223 1965 1411 2040 tribulatis3
1433 1982 1476 2027 ne
1493 1966 1521 2026 si
1537 1966 1626 2044 apud
1641 1981 1716 2027 eum
1730 1965 1868 2026 defuerint

255 2061 370 2123 saeculi
384 2062 419 2121 in
447 2061 672 2137 opprobrium,
694 2061 728 2121 et
745 2059 982 2121 verecundiam
996 2060 1050 2135 ip-
1105 2062 1252 2125 remedia
1287 2064 1452 2135 sanitatis,
1483 2063 1724 2139 desperationis
1757 2061 1867 2123 morbus

259 2172 383 2229 sorum,
407 2159 441 2220 et
458 2159 670 2220 revertentur
692 2157 733 2218 ad
756 2156 996 2234 professionem
1017 2159 1051 2218 et
1104 2161 1286 2237 praevaleat
1309 2162 1343 2222 in
1362 2161 1516 2222 infirmis.
1532 2162 1575 2222 ut
1595 2162 1765 2238 protervos
1782 2160 1869 2220 flectat

257 2256 465 2318 vocationem
487 2271 592 2315 suam.
616 2257 854 2316 Verumtamen
876 2269 982 2330 usque
1007 2253 1049 2314 ad
1105 2258 1144 2319 ad
1176 2259 1480 2333 mansuetudinem
1515 2260 1663 2335 seipsum
1698 2257 1868 2335 prosternat,

254 2353 343 2414 diem
358 2354 475 2415 mortis
490 2368 573 2414 meae
593 2366 661 2413 non
677 2352 816 2413 cessabo
840 2351 993 2427 exemplo
1013 2353 1050 2413 et
1105 2358 1138 2416 et
1152 2356 1337 2433 aliquidsui
1340 2358 1428 2433 juris
1439 2357 1578 2428 relaxet,
1587 2356 1757 2417 utanimas
1766 2354 1869 2414 Christo

252 2451 445 2527 operatione
473 2451 593 2511 docere
629 2449 750 2512 fratres
782 2448 955 2510 ambulare
989 2463 1049 2525 per
1105 2454 1305 2515 lucrifaciat.
1328 2455 1377 2515 Ad
1405 2453 1542 2531 refugas
1570 2454 1717 2528 Ordinis,
1740 2452 1820 2513 relut
1836 2449 1867 2511 ad

255 2549 357 2621 mam,
375 2564 474 2626 quam
489 2548 572 2608 milri
586 2548 746 2609 Dominus
770 2546 926 2619 ostendit,
949 2561 1048 2623 quam
1105 2566 1184 2613 oves
1199 2568 1273 2627 quae
1284 2552 1465 2628 perierunt,
1477 2553 1609 2613 viscera
1622 2552 1754 2630 pietatis
1766 2563 1871 2625 expan-
1909 2632 1910 2635 Ἴ

255 2648 364 2721 etego
394 2649 466 2723 jam
490 2645 587 2707 docui
607 2647 641 2707 et
663 2644 793 2706 ostendi
815 2646 864 2705 eis
892 2644 996 2704 verbo
1017 2644 1050 2705 et
1105 2649 1161 2709 dat
1175 2651 1209 2711 et
1231 2665 1410 2727 numquam
1425 2650 1690 2712 misericordiam
1705 2643 1866 2724 negetillis‚

255 2743 420 2820 exemplo,
435 2746 472 2803 ut
486 2743 553 2803 sint
576 2741 823 2804 inexcusabiles
847 2756 959 2802 coram
978 2744 1048 2803 Do·
1105 2747 1215 2808 sciens
1233 2747 1435 2809 tentationes
1452 2746 1529 2809 illas
1545 2747 1745 2824 pervalidus,
1760 2759 1823 2821 pue
1835 2740 1864 2801 sd

256 2840 363 2915 utinm
380 2841 414 2901 et
436 2855 497 2914 ego
513 2854 580 2900 non
596 2841 713 2901 teneor
736 2838 778 2898 de
802 2840 885 2916 ipsis
907 2837 1048 2900 ulterius
1103 2845 1232 2907 tantum
1253 2860 1367 2905 casum
1388 2849 1526 2921 possunt
1540 2844 1713 2921 impellere
1732 2842 1865 2911 animam

255 2918 370 3001 ctorem
383 2938 523 2998 Domino
534 2936 675 2998 reddere
689 2937 865 2998 rationem.
1104 2956 1187 3020 quas
1202 2943 1230 3003 si
1258 2943 1367 3019 ipsum
1398 2943 1604 3020 permitteret
1621 2942 1774 3003 Dominus
1788 2950 1868 3013 expe-

1103 3041 1176 3112 riri,
1188 3039 1273 3103 forte
1288 3040 1322 3101 in
1336 3044 1444 3118 maJus
1469 3040 1691 3117 praecipitium
1716 3035 1866 3099 laberetur.

486 3145 690 3207 COLLATIO
711 3146 827 3205 XXVI.
1103 3139 1230 3199 Vellem
1256 3139 1364 3214 ipsum
1393 3141 1561 3215 tamquam
1584 3138 1708 3198 Christi
1726 3133 1867 3196 vicarium

1103 3236 1144 3298 ab
1157 3236 1311 3298 omnibus
1325 3252 1401 3296 cum
1413 3235 1590 3298 devotione
1600 3237 1635 3297 et
1644 3229 1869 3297 reverentiabo·

1103 3334 1228 3407 norari,
1240 3335 1339 3410 atque
1353 3333 1416 3393 sibi
1432 3334 1466 3394 in
1481 3333 1637 3394 omnibus
1645 3335 1680 3395 et
1689 3332 1729 3392 ab
1740 3326 1867 3391 omnibus

1103 3431 1280 3492 cumomni
1303 3430 1548 3504 benevolentia,
1564 3432 1664 3508 juata
1686 3433 1755 3507 ejus
1774 3437 1869 3487 neces·

291 3531 373 3589 Tam
388 3528 500 3603 magni
519 3529 552 3589 et
574 3525 759 3588 multimodi
785 3527 954 3587 exercitus
975 3529 1047 3586 Du·
1103 3528 1245 3603 sitatem,
1261 3528 1524 3590 etstatusnostri
1538 3527 1792 3593 condecentiam
1807 3536 1869 3598 pro-

252 3641 336 3699 cem,
350 3628 418 3686 tum
429 3626 541 3701 magni
555 3626 587 3686 et
596 3623 728 3685 dilatati
742 3623 853 3699 gregis
862 3626 1045 3693 Pastorem,
1102 3626 1221 3687 rideri.
1238 3629 1361 3688 Verum
1373 3628 1484 3688 tamen
1500 3628 1631 3703 oportet
1645 3641 1719 3687 eum
1731 3639 1791 3685 non
1801 3618 1869 3681 arri·

253 3724 406 3794 tibimet,
424 3722 552 3782 nullum
568 3721 789 3784 subicientem
815 3721 969 3794 intueor3
989 3720 1047 3780 ssd
1103 3723 1182 3784 dere
1195 3723 1389 3791 bonoribus,
1406 3738 1514 3799 neque
1528 3721 1700 3783 favoribus
1711 3721 1779 3798 plus
1792 3728 1867 3794 quum

254 3837 355 3881 unum
379 3821 415 3880 in
441 3836 505 3896 quo
520 3819 680 3890 reluceat,
697 3818 806 3895 qualis
829 3816 949 3879 debeat
973 3833 1048 3878 esse
1103 3819 1237 3896 injuriis
1251 3819 1426 3892 delectari3
1441 3819 1487 3880 ita
1503 3818 1589 3896 quod
1603 3820 1738 3895 propter
1750 3816 1868 3878 bonores

234 3911 353 3979 'istius
369 3916 505 3977 familiae
527 3918 601 3976 Dux
620 3918 653 3978 et
667 3917 799 3987 Pastor,
815 3914 910 3976 vobis
925 3914 1046 3991 dspin-
1102 3932 1169 3978 non
1184 3918 1351 3978 mutentur
1369 3919 1441 3993 ejus
1456 3931 1566 3977 mures
1582 3917 1651 3977 nisi
1664 3916 1698 3976 in
1713 3913 1828 3975 melius.
1839 3903 1867 3966 si

253 4030 341 4091 gam.
356 4017 463 4075 Homo
472 4014 722 4075 istedebetesse
732 4014 810 4074 ritae
823 4011 1046 4086 gravissimae,
1103 4015 1234 4091 girando
1248 4030 1328 4076 vero
1339 4013 1549 4091 propensiori
1563 4013 1596 4075 et
1610 4013 1739 4075 meliori
1758 4008 1821 4071 cibo
1831 4006 1869 4066 in·

253 4112 467 4174 discretionis
489 4127 630 4187 magnae,
653 4110 751 4172 famae
772 4109 961 4181 laudabilis,
978 4111 1049 4186 pri·
1103 4112 1241 4187 digeret,
1266 4128 1333 4172 non
1358 4111 1393 4171 in
1423 4107 1597 4183 absconso,
1628 4110 1686 4172 sed
1709 4110 1743 4170 in
1761 4103 1868 4184 publico

252 4212 339 4272 vatis
354 4210 588 4271 affectionibus
601 4224 732 4280 carens,
753 4223 795 4267 ne
808 4207 886 4267 dum
901 4209 936 4268 in
951 4211 1048 4283 parte
1103 4210 1175 4270 loco
1201 4212 1361 4282 assumat,
1374 4209 1410 4270 ut
1437 4209 1515 4269 aliis
1535 4209 1673 4271 tollatur
1694 4197 1868 4269 verecundia

253 4308 327 4385 plus
352 4307 471 4383 diligit,
500 4307 535 4367 in
569 4309 641 4368 toto
672 4304 868 4366 scandalum
897 4307 1045 4379 generet.
1103 4307 1298 4383 providendi
1313 4306 1377 4367 sibi
1392 4307 1427 4367 in
1450 4305 1700 4368 infirmitatibus
1717 4305 1749 4365 et
1768 4295 1867 4361 debili·

252 4410 359 4468 Homo
372 4406 429 4483 qui
442 4408 566 4466 sanctae
584 4404 746 4465 orationis
769 4404 812 4464 sit
833 4402 972 4475 amicus,
1001 4402 1048 4463 ita
1101 4404 1226 4468 tutibus
1241 4405 1321 4465 suis.
1344 4403 1392 4465 Ad
1414 4420 1490 4464 euru
1512 4405 1658 4465 maxime
1679 4401 1810 4479 pertinet
1828 4393 1869 4452 la-

252 4506 364 4566 tamen
379 4503 464 4580 quod
477 4505 586 4564 certas
601 4502 923 4572 borasanimaesuae‚
938 4504 1048 4578 certas
1102 4505 1211 4564 tentes
1222 4501 1446 4564 conscientias
1462 4501 1678 4575 distinguere,
1691 4501 1770 4561 etex
1783 4488 1869 4555 occul

253 4600 347 4677 gregi
363 4600 426 4661 sibi
442 4601 621 4661 commisso
636 4600 823 4661 distribuat.
842 4601 926 4660 Nam
940 4599 1048 4676 primo
1102 4601 1145 4662 tis
1160 4601 1255 4660 venis
1270 4615 1389 4661 eruere
1404 4600 1589 4660 veritatem.
1610 4601 1730 4659 Omnes
1750 4602 1867 4655 accusa-

253 4698 454 4760 manedebet
469 4698 714 4759 sanctissimum
723 4697 923 4758 sacrificium
937 4697 1048 4757 missae
1102 4699 1211 4759 tiones
1225 4698 1260 4757 in
1275 4696 1439 4773 principio
1456 4695 1578 4757 habeat
1590 4696 1770 4772 suspectas,
1784 4690 1867 4750 donec

253 4797 465 4875 praemittere,
482 4797 514 4857 et
530 4795 651 4855 ibidem
666 4794 765 4868 longa
777 4794 952 4855 devotione
965 4795 1048 4870 seip·
1103 4795 1228 4857 veritas
1251 4810 1294 4854 ex
1312 4793 1465 4868 diligenti
1488 4793 1735 4854 examinatione
1752 4781 1867 4861 incipiat

253 4912 325 4955 sum
341 4896 375 4956 et
388 4909 522 4969 gregem
533 4892 657 4952 divinae
672 4891 869 4965 protectioni
882 4891 1047 4951 affectuo—
1102 4907 1276 4969 apparere.
1291 4895 1397 4952 Aures
1410 4890 1511 4951 etiam
1526 4905 1592 4951 non
1612 4888 1756 4966 praebeat
1773 4878 1867 4944 multi-

252 4988 1049 5063 siuscommendare.Postorationemveroseip·
1103 4990 1225 5066 loquiis
1255 4990 1287 5049 et
1314 4988 1528 5065 multiloquos
1563 4987 1597 5047 in
1627 4977 1867 5048 accusationibus

252 5107 324 5151 sum
347 5090 473 5150 statuat
496 5085 537 5146 ab
560 5084 713 5147 omnibus
728 5084 952 5160 depilandum,
971 5100 1041 5144 orn-
1103 5086 1295 5163 specialiter
1318 5085 1440 5146 babeat
1467 5088 1650 5161 suspectos,
1672 5097 1732 5143 nec
1748 5075 1868 5140 faciliter

253 5189 350 5249 nibus
365 5199 616 5260 responsurum,
640 5181 793 5242 omnibus
807 5197 881 5241 cum
895 5182 1046 5257 caritate,
1103 5183 1216 5244 credat
1235 5184 1296 5244 eis.
1319 5182 1411 5243 Talis
1430 5183 1573 5258 denique
1595 5181 1690 5242 debet
1709 5192 1777 5240 esse
1798 5165 1866 5249 quod

252 5283 412 5363 patientia
423 5284 456 5342 et
467 5281 722 5342 mansuetudine
734 5280 960 5356 provisurum.
973 5282 1047 5341 Non
1103 5280 1466 5357 proptercupiditatem
1482 5279 1645 5341 retinendi
1660 5265 1867 5338 bononensi-

252 5382 350 5443 debet
361 5395 436 5440 esso
451 5382 642 5456 acceptator
654 5393 883 5455 personarum,
899 5378 945 5440 ita
961 5378 1047 5455 quod
1103 5379 1199 5439 rilem
1217 5378 1356 5438 formem
1366 5376 1505 5453 justitiae
1521 5379 1554 5438 et
1568 5375 1731 5453 aequitatis
1743 5367 1865 5432 nullate-

251 5495 318 5541 non
344 5477 453 5538 miuus
475 5479 568 5538 curet
588 5477 630 5537 de
648 5475 854 5552 simplicibus
870 5477 903 5537 et
921 5476 1045 5547 idiotis,
1103 5491 1165 5536 nus
1177 5476 1306 5537 inficiat
1322 5475 1375 5536 vel
1398 5474 1537 5535 relaxet.
1561 5476 1608 5535 lta
1627 5474 1733 5534 maren
1748 5463 1822 5545 quod
1832 5473 1865 5519 01

252 5592 351 5655 qnam
374 5575 415 5637 de
436 5574 618 5637 scientibus
642 5575 676 5636 et
701 5573 917 5650 sapientibus.
939 5574 1000 5633 Cui
1018 5573 1046 5633 si
1101 5571 1205 5633 nimio
1218 5571 1330 5647 rigore
1345 5571 1471 5631 nullius
1490 5571 1601 5638 anima
1616 5568 1779 5631 occidatur
1793 5562 1864 5621 etex

253 5678 376 5737 donum
392 5673 541 5735 scientim
557 5676 608 5733 est
622 5687 828 5745 concessum,
840 5674 951 5733 tamen
972 5671 1046 5747 plus
1104 5668 1272 5747 superflua
1295 5668 1549 5730 mansuetudine
1568 5683 1631 5729 non
1647 5664 1795 5727 nascatur
1806 5659 1863 5717 tor-

254 3291 304 3354 De
332 3288 579 3351 conditionibus
607 3290 728 3362 quictis
758 3288 924 3364 insigniri
950 3288 1047 3348 dccet

465 3386 628 3447 mtrzvtster
647 3387 832 3461 perieram.
