3950 6200
223 309 280 373 191

221 471 289 533 tuae
317 467 512 531 memoriam
536 465 719 543 largitatis3
744 481 861 543 preces
886 468 1019 528 nostras

222 568 270 629 ita
283 567 438 628 hilariter
461 567 493 628 et
515 563 697 625 efficaciter
719 564 903 636 auditurus,
933 564 1018 641 quod

223 664 265 726 ab
281 666 427 725 omnium
442 663 601 737 largitore
613 660 775 722 bonorum
790 662 880 722 tuam
896 676 1021 737 agnos-

223 777 300 823 cere
311 759 549 822 abundantiam
565 757 802 834 comproberis,
828 774 871 818 ne
892 758 1019 818 frustra

223 859 369 920 ridearis
391 857 591 934 praeceptum
611 856 820 916 Dominicum
848 855 1018 916 habuisse.

223 957 308 1017 Nam
324 955 364 1026 si,
377 955 454 1014 dum
468 953 600 1014 videres
613 968 673 1013 uos
686 952 774 1012 banc
788 953 1021 1013 necessitatem

223 1052 358 1121 hahere,
374 1050 470 1111 nobis
485 1053 598 1111 contra
612 1065 703 1127 spem
719 1051 865 1111 nostram
879 1053 936 1111 tua
951 1049 1023 1108 vis·

224 1165 302 1212 cera
315 1149 477 1210 clauseris
493 1148 637 1223 pietatis,
653 1148 738 1223 quod
761 1147 858 1218 absit,
874 1145 1022 1208 videaris

225 1248 322 1310 nobis
338 1247 471 1307 auferre
487 1247 526 1306 de
537 1248 594 1307 tua
617 1247 795 1307 serenitate
810 1245 976 1317 fiduciam,
992 1244 1021 1304 si

225 1345 319 1424 passi
346 1345 506 1405 fuerimus
521 1344 556 1403 in
580 1345 648 1404 tam
661 1342 838 1404 favorabili
853 1358 955 1404 causa
981 1341 1022 1401 de

224 1444 281 1520 pia
297 1443 456 1519 petitione
470 1440 650 1517 repulsam.

580 1716 670 1803 LIX

326 1872 378 1931 Ad
391 1869 684 1943 urouteptscopum
699 1868 927 1926 Lundeusem.

492 1996 656 2054 ifebruarii
677 1997 755 2054 titt.

323 2122 466 2187 [Liljsgrem
476 2121 589 2174 Swenslrt
600 2120 716 2184 diplom,
725 2120 744 2176 l,
754 2117 811 2176 tte,
822 2132 848 2167 1.
861 2116 929 2180 ist]

229 2250 263 2308 Ei
280 2248 407 2315 mandat,
420 2254 451 2304 ut
472 2253 528 2304 tam
544 2245 654 2303 clericis
667 2259 752 2316 quem
767 2243 846 2300 luicis
861 2243 909 2315 qui
928 2238 1024 2298 adue

264 2336 350 2393 furios
358 2335 449 2392 coitus
458 2333 650 2406 prolabuntur,
663 2332 858 2405 poeniteutiam
869 2331 1023 2388 salutarem

265 2425 408 2497 injungat.

269 2543 1022 2624 Ηο1011133113000113,33110333110111111131,

229 2645 413 2708 venerabili
426 2644 560 2704 fratri...
577 2644 828 2720 archiepiscopo
843 2640 1022 2713 Lundeusi,

232 2744 385 2813 salutem,
400 2743 462 2802 etc.

272 2839 393 2901 Petitio
408 2839 465 2898 tua
478 2836 574 2898 nobis
587 2836 787 2908 continebat,
805 2837 841 2896 ut
853 2852 927 2896 cum
940 2851 1027 2897 non-

238 2936 324 2997 nulli
336 2934 459 2996 subditi
471 2935 599 2995 1111311
613 2934 737 3004 clerici,
752 2950 849 3010 quam
862 2933 940 2993 laici
953 2932 1025 2993 fre·

238 3035 378 3114 1131131
410 3032 451 3092 ad
482 3030 630 3092 nefarios
661 3030 768 3091 coitus
797 3029 1025 3108 prolabantur,

236 3130 426 3193 nonsolum
459 3128 610 3205 personis
639 3128 702 3189 sibi
739 3128 1028 3204 consanguinitate

233 3228 431 3306 conjunctis,
448 3242 562 3287 rerum
579 3225 679 3287 etiam
701 3225 807 3287 brutis
827 3224 1027 3285 animalibus

233 3341 269 3386 se
282 3323 410 3385 nefarie
425 3322 680 3394 commiscendo,
696 3337 736 3382 30
748 3321 831 3382 illud
844 3337 905 3382 nec
919 3321 1029 3381 nomi-

232 3422 380 3485 nandum
406 3419 639 3481 committendo
676 3421 859 3496 peccatum,
894 3417 1029 3495 propter

232 3518 316 3596 quod
329 3516 486 3578 Dominus
497 3517 683 3584 Sodomam,
695 3517 929 3577 etGomorram
939 3530 1030 3576 ever-

233 3617 328 3677 sione
350 3614 530 3685 damnauit,
548 3615 581 3675 et
595 3614 727 3690 quidam
753 3629 868 3673 eorum
894 3615 1030 3688 propter

231 3711 364 3771 viarum
392 3707 632 3784 longitudinem
661 3708 694 3767 et
717 3706 876 3783 pericula,
894 3695 1029 3782 {puidam
1090 3718 1092 3723 ’

234 3806 275 3868 ob
290 3805 525 3867 verecundiam
539 3805 623 3863 mori
638 3804 747 3880 potius
758 3804 884 3878 eligant
898 3802 932 3862 in
946 3818 1029 3879 pec-

234 3902 319 3963 catis
341 3900 543 3978 hujusmodi,
565 3915 662 3976 quam
679 3900 813 3975 propter
834 3899 897 3959 1100
916 3903 1029 3961 103110

235 4014 270 4059 33
286 3997 476 4073 conspectui
493 3998 707 4072 praesentare,
724 4012 824 4072 super
838 3996 901 4057 hoc
916 3998 1031 4073 provi·

235 4096 313 4157 dere
329 4093 589 4154 misericorditer
599 4093 824 4168 dignaremur.
839 4095 918 4153 Cum
928 4094 1031 4170 igitur

234 4196 344 4270 major
356 4191 400 4252 sit
414 4191 520 4267 pietas
533 4189 659 4262 divina,
680 4206 778 4267 quam
801 4189 946 4252 humana
961 4191 1029 4250 im-

236 4291 354 4369 pietas,
383 4289 558 4366 potiusque
593 4287 791 4364 sperandum
827 4288 870 4348 sit
904 4289 945 4348 de
970 4289 1030 4349 Dei

236 4385 501 4457 mansuetudine,
528 4400 626 4461 quam
642 4385 681 4445 de
694 4387 887 4461 cujusquam
903 4383 1030 4459 peccati

237 4484 466 4560 magnitudine
482 4482 735 4558 desperandum,
749 4481 950 4542 fraternitati
964 4482 1031 4541 tuae

236 4580 450 4657 praesentium
464 4579 660 4640 auctoritate
684 4578 891 4649 mandamus
910 4577 1030 4654 quate-

237 4693 300 4739 nus
315 4677 507 4753 peccatores
536 4676 724 4752 hujusmodi
749 4690 904 4752 arguens,
931 4674 1030 4736 ohse-

237 4789 348 4845 crans,
363 4773 541 4848 increpans
556 4772 693 4832 inomni
709 4772 881 4847 patientia,
899 4773 932 4832 31
951 4771 1031 4831 doc-

236 4871 337 4941 trina,
353 4870 510 4946 injungas
523 4869 572 4929 eis
584 4868 815 4945 poenitentiam
835 4868 1027 4940 salutarem,

237 4984 276 5030 eo
290 4966 438 5028 adhibito
451 4965 688 5036 moderamine,
706 4964 791 5041 quod
805 4979 866 5024 nec
886 4963 1029 5026 facilitas

237 5065 341 5126 nimia
357 5061 517 5141 peccandi
532 5062 705 5122 audaciam
719 5060 853 5132 tribuat,
878 5076 940 5121 nec
960 5060 1029 5120 im-

237 5162 409 5223 moderata
422 5159 584 5220 severitas
596 5159 862 5235 desperationem
881 5157 1027 5220 inducat.

237 5260 356 5321 Datum
376 5257 542 5328 Laterani,
560 5259 590 5318 ΙΙ
612 5272 717 5316 nonas
733 5255 902 5327 februarii,
919 5256 1031 5332 ponti·

238 5355 355 5417 flcatus
375 5354 482 5417 nostri
495 5370 583 5416 anno
596 5353 782 5415 undecimo.

842 307 1019 372 HONORII
1042 247 1086 372 Ill
1106 311 1255 376 OPERA.

1439 483 1506 570 LX

1173 634 1226 692 Ad
1234 635 1528 708 archiepiscopum
1538 638 1768 698 Laudantem.

1339 764 1356 820 1
1375 763 1508 822 februarii
1524 766 1601 823 1217.

1184 883 1327 948 [Liljegren.
1343 887 1450 938 Srenskt
1464 888 1536 952 dipl,
1554 889 1573 947 l,
1588 890 1761 955 11111111]

1077 1007 1109 1064 ut
1122 1008 1251 1068 concedit
1265 1011 1407 1068 licentiam
1420 1011 1603 1086 dispensandi
1615 1031 1679 1071 eum
1693 1016 1746 1084 eis,
1761 1018 1816 1087 qui
1831 1032 1883 1073 sa·

1112 1111 1175 1153 cros
1191 1098 1306 1155 ordines
1325 1103 1563 1159 excommunicati
1578 1113 1766 1176 susceperuut
1782 1113 1815 1161 et
1836 1105 1884 1161 di·

1114 1186 1178 1242 vina
1211 1185 1305 1244 0111013
1326 1188 1514 1258 celebrarunt,
1539 1192 1577 1248 ita
1605 1200 1713 1261 tamen,
1735 1193 1820 1265 quod
1847 1193 1887 1250 ad

1113 1288 1198 1331 casus
1217 1274 1326 1333 futuros
1347 1277 1478 1335 eamdem
1493 1279 1637 1336 licentiam
1653 1296 1709 1338 uon
1725 1281 1886 1339 extendat.

1116 1411 1283 1471 Honorius
1291 1412 1602 1488 episcopusservus
1612 1431 1789 1476 serrorum
1803 1418 1885 1488 Dei,

1076 1507 1260 1568 venerabili
1276 1508 1409 1570 fratri...
1423 1511 1674 1589 archiepiscopo
1688 1513 1887 1586 Lundensi,

1077 1604 1229 1672 salutem,
1244 1607 1305 1666 etc.

1119 1703 1165 1762 De
1194 1702 1399 1764 subditorum
1432 1707 1564 1766 tuorum
1592 1707 1699 1769 salute
1727 1707 1887 1770 sollicite

1077 1798 1282 1874 supplicasti,
1298 1801 1333 1861 ut
1347 1815 1422 1861 cum
1444 1802 1595 1862 nonnulli
1622 1819 1736 1864 eorum
1757 1820 1886 1865 sacros

1078 1895 1212 1956 ordines
1233 1898 1510 1960 excommunicati
1532 1901 1739 1977 susceperint
1765 1904 1804 1962 31
1830 1891 1890 1962 di-

1077 1992 1156 2052 vina
1181 1993 1290 2054 officia
1315 1994 1527 2068 celebrarint,
1557 1998 1773 2073 dispensandi
1802 2015 1887 2060 curn

1078 2090 1138 2161 313,
1153 2106 1227 2151 cum
1242 2095 1376 2167 propter
1390 2093 1519 2154 1131111
1539 2095 1734 2174 discrimina
1754 2099 1888 2157 131113

1078 2186 1119 2247 ad
1134 2188 1357 2264 Apostolicam
1374 2190 1491 2250 sedem
1513 2192 1585 2252 siue
1602 2193 1705 2253 nimia
1726 2193 1890 2255 difficul-

1078 2286 1145 2346 tate
1171 2301 1238 2346 non
1262 2287 1401 2362 possint,
1425 2287 1594 2350 licentiam
1608 2289 1668 2351 tibi
1690 2291 1890 2353 concedere

1079 2380 1303 2456 dignaremur.
1320 2385 1476 2446 volentes
1491 2386 1593 2461 igitur
1611 2389 1775 2448 eteorum
1799 2404 1891 2465 pro-

1078 2478 1193 2539 uidere
1213 2480 1323 2550 saluti,
1340 2484 1374 2542 et
1387 2482 1477 2559 ipsos
1496 2483 1537 2543 ad
1554 2483 1762 2545 devotionem
1784 2487 1889 2546 tuam

1080 2591 1140 2652 per
1154 2576 1345 2653 hujusmodi
1357 2578 1510 2640 beneficii
1520 2581 1662 2655 gratiam
1678 2597 1887 2657 provocare,

1080 2674 1277 2735 auctoritate
1290 2674 1352 2736 tibi
1375 2679 1589 2752 praesentium
1603 2679 1824 2741 concedimus
1842 2682 1892 2741 li·

1081 2771 1221 2831 centiam
1236 2773 1447 2847 postulatam,
1461 2774 1507 2836 113
1520 2776 1642 2846 tamem
1658 2776 1743 2852 quod
1759 2777 1806 2836 ad
1825 2793 1892 2838 03-

1081 2884 1137 2929 313
1152 2867 1280 2929 futuros
1296 2870 1445 2931 eamdem
1472 2872 1642 2933 licentiam
1665 2887 1730 2933 non
1755 2876 1892 2936 exten-

1082 2966 1152 3027 das.
1180 2969 1299 3028 Datum
1324 2969 1492 3040 Laterani,
1511 2972 1540 3029 11
1566 2985 1672 3030 10133
1697 2969 1886 3044 februarii,

1082 3063 1293 3140 pontificatus
1307 3067 1412 3129 nostri
1427 3082 1515 3129 anno
1532 3067 1716 3129 undecimo.

1436 3308 1523 3395 LXI

1122 3460 1175 3519 Ad
1188 3459 1341 3519 abbatem
1355 3460 1388 3519 et
1406 3461 1612 3521 corruentem
1630 3462 1848 3524 moitustem‘t

1240 3557 1275 3617 S·
1288 3558 1449 3617 1101011101
1453 3560 1464 3617 ι’
1474 3560 1714 3619 Flortuoensis.

1345 3698 1360 3752 7
1379 3694 1512 3752 februarii
1530 3697 1608 3753 1117.

1116 3817 1233 3891 marest,
1244 3817 1288 3868 lib.
1300 3819 1343 3876 XI,
1354 3819 1427 3883 epist.
1437 3819 1491 3870 tao.
1505 3821 1562 3870 tiss.
1576 3820 1611 3868 La
1621 3819 1696 3869 Porto
1707 3819 1741 3870 du
1752 3821 1859 3889 ruem]
1935 3838 1942 3847 ·

1085 3951 1217 4024 indulget
1235 3952 1277 4007 eis
1296 3966 1332 4008 ue
1351 3953 1425 4024 quis,
1437 3958 1536 4009 contra
1556 3952 1703 4025 privilegia
1719 3954 1792 4024 ipsis
1809 3970 1891 4016 oon·

1119 4054 1200 4096 03333
1220 4041 1248 4096 11
1270 4041 1395 4112 ipsorum
1410 4041 1551 4109 homines,
1565 4042 1720 4098 sententias
1735 4043 1894 4103 interdicti

1120 4126 1193 4185 ferre
1209 4136 1372 4200 praesumot.

1124 4263 1302 4335 Honorius,
1330 4265 1404 4335 etc,
1434 4263 1564 4326 dilectis
1590 4264 1668 4324 liliis
1694 4264 1826 4337 abbati,
1857 4272 1895 4332 et

1085 4362 1262 4423 conventui
1274 4361 1467 4422 monasterii
1483 4362 1595 4422 Sancti
1609 4362 1781 4423 Benedicti
1797 4365 1893 4427 Flo-

1085 4459 1257 4531 riacensis,
1281 4457 1465 4520 3311131131
1476 4458 1699 4535 Apostolioam
1713 4458 1893 4525 benedic-

1085 4556 1219 4618 tionem.

1125 4651 1276 4712 Debitum
1298 4652 1475 4726 pastoralis
1498 4650 1600 4711 oflicii
1621 4641 1700 4712 tuno
1721 4652 1895 4718 decenter

1085 4749 1299 4827 exsequimur
1320 4765 1420 4825 quum
1439 4747 1613 4809 evellenda
1636 4748 1828 4822 3131111113,
1858 4758 1896 4816 et

1085 4846 1259 4922 dirigimus
1271 4845 1445 4906 indirecta.
1469 4845 1585 4906 Oblata
1602 4845 1696 4906 nobis
1711 4861 1755 4907 ex
1784 4852 1895 4922 parte

1084 4945 1195 5005 vestra
1218 4941 1333 5019 petitio
1353 4941 1553 5012 continebat,
1577 4941 1663 5017 quod
1688 4941 1893 5019 episcopus,

1084 5039 1333 5101 Aurelianensis
1344 5039 1507 5110 dioecesis,
1522 5038 1555 5099 in
1565 5040 1895 5114 quamonasterium

1083 5140 1230 5198 vestrum
1246 5136 1406 5207 consistit,
1425 5151 1525 5212 super
1539 5135 1650 5195 causis
1665 5151 1747 5212 quas
1761 5142 1896 5203 contra

1084 5232 1371 5296 10311131111133
1398 5232 1520 5294 babere
1544 5233 1733 5309 proponunt
1761 5248 1894 5299 eorum

1085 5331 1157 5392 sisti
1173 5330 1301 5408 judicio
1328 5330 1525 5391 auctoritate
1546 5329 1680 5405 propria
1704 5344 1764 5389 uos
1789 5347 1898 5395 com-

1085 5429 1223 5505 pellunt,
1239 5428 1352 5503 sicque
1365 5426 1527 5501 contingit
1540 5427 1673 5502 saepius,
1691 5426 1777 5501 quod
1802 5427 1896 5493 dum

1084 5527 1133 5588 sic
1148 5542 1184 5587 se
1198 5525 1403 5586 constituunt
1412 5524 1554 5601 judices,
1578 5525 1611 5584 et
1634 5524 1776 5590 actores,
1802 5530 1896 5601 quia

1084 5640 1150 5687 101
1164 5624 1265 5685 uultis
1277 5638 1388 5685 coram
1401 5622 1484 5699 ipsis
1498 5620 1610 5683 taliter
1618 5619 1752 5696 litigare
1765 5620 1802 5680 in
1818 5624 1897 5688 ter.
