3950 6200
673 358 706 418 S.
730 356 949 418 FRANGISCI
971 359 1198 420 assistatis
1219 360 1448 423 opuscula.
1811 362 1860 422 428

505 514 711 593 Pnoetqltlth
730 516 779 573 Vl.
1094 518 1361 589 praenuntiationem
1372 517 1567 591 propheticam
1581 515 1682 574 subitae
1697 529 1760 572 mor
1771 514 1804 573 tis
1814 515 1866 574 dra

355 629 500 687 Magorum
510 629 656 700 samariam
668 630 925 701 mmmmm,
1094 617 1173 674 num,
1188 613 1324 663 eternam
1337 606 1446 664 scilicet
1456 605 1726 663 condemnationem
1738 603 1865 675 eraderet,

279 744 349 802 qum
373 744 495 803 tmpus
518 744 659 801 pinorum
683 760 754 818 8¹0¹
775 744 953 802 octonarium
978 744 1040 815 inm
1093 699 1122 750 et
1137 693 1166 749 iu
1179 702 1288 751 rcterm
1302 693 1485 752 tabernacula
1501 694 1631 751 introiret
1644 691 1697 765 (3).

243 833 418 890 excrevisset
439 832 467 889 in
492 847 654 902 numerum,
675 833 729 905 piis
747 841 776 890 et
800 833 974 906 propheticis
990 847 1041 889 eos
1351 854 1558 913 ppopfflffi
1576 854 1627 911 lx·

244 918 410 977 hortabatur
426 920 502 976 mitis
516 926 614 993 pastor
633 918 884 977 admonitionibus.
903 940 914 969 ι
933 919 1039 987 Nolite,

244 1008 345 1081 inquit,
360 1008 459 1064 timere
470 1008 596 1078 pusillan
607 1022 687 1078 pres,
702 1008 767 1080 quia
782 1007 954 1080 complacuit
964 1007 1040 1065 Patri

243 1103 341 1153 restro
355 1102 480 1153 vestrum
506 1097 694 1168 multiplicare
714 1110 874 1153 numerum.
890 1097 964 1169 Ego,
983 1110 1041 1169 ego
1130 1092 1292 1150 incivitate
1307 1090 1552 1165 headnajacebat
1567 1089 1865 1163 rirlleiquondamio·

243 1187 306 1258 lpse
324 1184 494 1258 ridiplenas
510 1184 546 1242 ad
560 1199 614 1242 nos
637 1186 814 1243 venientium
826 1187 899 1243 rias.
915 1185 1042 1245 Veniunt
1094 1179 1204 1249 firmus,
1226 1179 1366 1253 adquam
1392 1179 1606 1255 prebendarius
1629 1179 1746 1252 quidam
1768 1180 1867 1236 nornine

245 1274 443 1347 Francigenae,
462 1272 598 1331 festinant
613 1274 742 1346 Hispani,
753 1273 901 1332 'l'eutouicl
912 1280 1040 1342 currunt,
1094 1266 1221 1337 Gedcon,
1254 1268 1380 1327 lubricus
1398 1275 1427 1326 et
1441 1267 1613 1338 mundanus,
1629 1267 1791 1325 infirmitate
1800 1269 1867 1341 graui

245 1361 555 1434 prepropcranrangli
570 1361 1042 1434 etaliarumdirersarumlingua·
1094 1364 1253 1430 correptus,
1278 1356 1416 1416 adductus
1429 1364 1489 1427 est3
1505 1357 1552 1429 qui
1567 1357 1684 1415 beatum
1706 1358 1814 1414 Patrem
1832 1356 1866 1413 la·
1926 1412 1927 1445 ,

245 1464 309 1507 rum
332 1458 362 1507 et
384 1450 533 1508 nationum
558 1451 700 1508 accelerat
720 1448 880 1509 multitudo.
900 1451 965 1509 Non
987 1451 1042 1508 erit
1094 1459 1226 1518 crymose
1238 1444 1714 1519 rogabatcumsimulastantibus,
1733 1451 1764 1501 ut
1779 1443 1868 1517 abipso
1925 1454 1927 1517 q

243 1546 340 1597 restro
352 1553 488 1596 numerus
500 1538 667 1612 copiosior»
685 1538 738 1613 (t).
1094 1534 1188 1592 crucia
1198 1535 1347 1607 signaculo
1355 1534 1526 1607 signaretur.
1536 1532 1579 1591 hd
1590 1548 1676 1606 quern
1687 1532 1735 1590 ille
1748 1548 1755 1590 :
1769 1554 1781 1583 ι
1794 1533 1866 1591 Fortis
1925 1524 1927 1551 ¹

1095 1623 1212 1680 nomine
1224 1620 1352 1691 dedeon,
1367 1621 1419 1680 sed
1434 1622 1531 1679 animo
1547 1621 1709 1691 imbecillis,
1724 1636 1788 1680 cum
1801 1622 1864 1677 rire·

1125 968 1238 1025 Ponant
1257 969 1288 1026 in
1303 973 1418 1040 peccato
1436 968 1590 1026 enubentis
1607 983 1666 1025 crte
1690 967 1843 1039 prosim

503 1707 709 1766 choraulis
727 1708 792 1768 vll.
1095 1712 1135 1769 ris
1148 1711 1217 1768 olim
1229 1711 1388 1769 secundum
1410 1709 1551 1768 desideria
1573 1711 1679 1781 caruis,
1702 1724 1761 1768 uon
1781 1710 1871 1767 veritus

323 1823 413 1880 pm,
428 1836 485 1893 pr,
500 1822 587 1879 pom„
604 1822 704 1879 ,mg
721 1823 851 1894 prom„
865 1822 975 1894 (mm
1092 1799 1198 1874 judicia
1220 1800 1283 1869 liei,
1303 1800 1489 1873 quomodote
1504 1814 1590 1858 cruce
1612 1797 1759 1875 signabo?
1779 1800 1869 1859 vernn
1926 1814 1928 1827 ¹

509 1910 633 1969 mmm
655 1910 773 1967 mm·
1095 1888 1340 1962 propterderotas
1358 1888 1597 1947 lutercedentlum
1619 1902 1731 1960 preces,
1752 1886 1870 1960 signore

1095 1978 1188 2036 crucis
1199 1976 1322 2052 signabo
1336 1978 1497 2036 innomine
1514 1978 1638 2036 bomini.
1654 1978 1697 2035 Tu
1708 1976 1870 2035 tamensem
1928 2030 1929 2047 ξ

1095 2074 1123 2124 te
1137 2067 1270 2140 gravima
1294 2080 1454 2140 passurum,
1471 2068 1496 2125 si
1512 2065 1547 2124 ad
1562 2067 1702 2124 vomitum
1720 2064 1830 2123 redieris
1841 2064 1871 2121 ab
1928 2062 1929 2087 ³

1095 2155 1260 2213 inhrmitate
1273 2155 1419 2214 liberatus
1442 2158 1561 2230 Propter
1581 2162 1730 2228 peccatum
1751 2156 1821 2211 enirn
1833 2154 1870 2210 in·

1095 2243 1277 2319 gratitudinis
1291 2259 1405 2317 semper
1419 2244 1516 2318 pejora
1532 2243 1673 2316 prioribus
1684 2241 1841 2300 inierunur.
1859 2262 1870 2292 ι

1096 2335 1185 2407 Signo
1207 2334 1303 2406 itaque
1321 2335 1415 2391 crucis
1437 2348 1525 2407 super
1547 2347 1613 2391 cum
1631 2331 1718 2400 lacto,
1733 2331 1872 2403 meumqui
1929 2364 1930 2381 ι

1095 2430 1258 2480 contractus
1270 2422 1399 2494 jacuerat
1413 2423 1536 2480 surrexit
1554 2437 1657 2493 sanus3
1681 2430 1709 2479 ct
1729 2422 1757 2478 in
1772 2418 1874 2479 laudem
1929 2412 1930 2419 '

1096 2512 1147 2568 liei
1169 2526 1369 2584 prorumpens,
1404 2514 1477 2585 ligo,
1512 2511 1615 2583 inquit,
1648 2525 1713 2568 sum
1739 2509 1872 2568 liberatas.
1930 2580 1931 2589 ἵ

1096 2601 1199 2657 Paucis
1214 2606 1309 2657 autem
1324 2599 1487 2672 interlapsis
1502 2599 1612 2669 diebus,
1628 2600 1681 2657 Dei
1695 2599 1806 2667 oblitos,
1819 2612 1872 2654 nor·
1930 2594 1931 2631 ³

1097 2704 1150 2762 pus
1178 2687 1362 2761 impudicitiae
1379 2687 1510 2746 reddidit.
1533 2689 1662 2761 Cumque
1684 2702 1749 2745 sero
1773 2699 1872 2745 ooeuas·

1096 2776 1440 2852 setindomoqu‘usdam
1454 2776 1804 2849 canonici,uoctequeilla
1816 2773 1873 2831 dor·
1931 2782 1932 2831 l

1097 2867 1181 2924 miret
1192 2865 1310 2936 ibldcm,
1323 2866 1417 2924 subito
1435 2879 1635 2940 superomnes
1645 2866 1753 2923 corruit
1771 2870 1875 2922 tectam

281 2025 442 2084 sciscitanti
464 2024 601 2084 cardinali
622 2025 778 2098 hugolino,
801 2040 852 2083 cur
875 2026 990 2083 iratres
1013 2032 1041 2082 et

246 2113 367 2172 illiosad
383 2122 507 2171 remotas
522 2121 604 2171 terrae
617 2121 722 2186 partes,
743 2114 772 2172 ln
788 2113 891 2187 quibus
907 2122 935 2172 et
949 2115 978 2170 iu
994 2114 1039 2171 iti·

246 2218 315 2261 nere
327 2209 368 2260 tot
383 2201 564 2260 incommoda
583 2202 678 2273 lamis,
703 2203 776 2273 sitls,
803 2211 832 2260 et
852 2202 959 2260 laboris
980 2202 1039 2275 pati

245 2306 365 2350 necesse
379 2298 450 2360 erat,
470 2292 594 2349 misisset
600 2306 610 2362 ;
626 2291 790 2365 respondit:
809 2313 821 2343 ι
837 2292 969 2360 bomine,
989 2306 1043 2347 uns

246 2379 361 2451 putatis,
378 2377 454 2452 quod
468 2378 650 2436 solummodo
665 2386 780 2452 propter
795 2379 865 2436 istas
879 2377 1042 2451 provincias

245 2469 384 2526 Dominus
404 2468 514 2525 miserit
532 2469 658 2525 llinores
679 2484 687 2524 ε
705 2466 762 2526 Sed
773 2466 837 2525 dico
853 2466 934 2524 vobis
946 2466 975 2524 in
989 2482 1039 2523 ve·

245 2558 338 2626 ritate,
354 2555 431 2630 quod
444 2557 584 2614 [lominus
596 2571 648 2614 eos
659 2557 789 2630 clegerit,
805 2564 833 2614 et
849 2557 958 2614 miserit
974 2570 1039 2628 pro·

245 2652 307 2718 pter
319 2643 476 2719 proiectum
491 2654 520 2703 et
530 2645 818 2703 salutemanimarum
835 2646 920 2703 totius
930 2643 1040 2702 mundi.

245 2736 282 2792 Et
295 2749 352 2791 non
368 2734 460 2791 solum
475 2734 601 2791 interris
616 2733 754 2803 bdelium,
772 2733 824 2791 sed
839 2741 868 2792 ct
883 2733 1041 2790 infidelium

244 2828 274 2879 ot
289 2836 468 2895 paganorum
482 2821 610 2896 benigue
623 2822 806 2896 recipientur,
827 2829 857 2881 et
870 2822 977 2881 multas
991 2822 1042 2878 bei

246 2910 492 2984 lumbummiii'
1096 2956 1203 3016 Ceteris
1222 2962 1345 3013 mortem
1363 2953 1561 3024 evadentibus,
1584 2953 1663 3013 solus
1682 2953 1730 3012 ille
1743 2953 1824 3010 misor
1836 2952 1874 3008 ia·

490 3035 698 3100 Phorbanta
720 3036 798 3095 vill.
1098 3044 1180 3102 teriit.
1196 3046 1277 3103 tusto
1290 3044 1377 3118 igitur
1393 3044 1445 3102 Dei
1459 3040 1566 3118 judicio
1582 3042 1662 3117 juxta
1679 3042 1733 3100 riri
1753 3041 1802 3100 boi
1818 3054 1876 3114 pro·
1932 3090 1933 3126 3

340 3151 503 3224 Ponprrnm
521 3152 741 3224 hospitalitatem
755 3152 811 3210 Deo
828 3156 952 3224 potam.
1097 3132 1223 3206 phetiam
1235 3131 1308 3191 lacta
1322 3140 1388 3191 sunt
1400 3133 1555 3190 novissima
1569 3130 1695 3189 hominis
1709 3131 1784 3188 illius
1790 3130 1876 3203 peiora

284 3277 420 3337 Gelanum
438 3276 474 3335 ad
489 3276 702 3350 predicandum
723 3290 859 3351 pergens,
879 3276 963 3334 miles
977 3276 1040 3347 quq.
1098 3220 1238 3294 i'ioeibui
1253 3220 1378 3291 (aaron,
1401 3237 1452 3291 ¹¹¹2
1472 3221 1532 3293 te),
1548 3228 1662 3294 Ρῑῡβῑθῐ
1680 3217 1879 3294 ingratitudinis

247 3365 350 3424 damin
362 3364 507 3439 oppidulo.
516 3381 566 3439 per
580 3364 656 3437 quod
667 3364 886 3435 transibat,eum
898 3364 1043 3422 humillter
1096 3318 1207 3458 {ffl'
1222 3313 1564 3458 flaifflueessngemrw
1575 3324 1680 3457 ’effi'
1693 3308 1880 3469 Ιὲθᾶὲρᾙ

247 3454 392 3512 etdcvotu
405 3454 535 3512 inritavit
547 3453 583 3512 sd
599 3453 849 3526 prandiumvotis
861 3453 962 3511 aranuh
972 3452 1041 3510 hos·
1097 3489 1133 3546 ssa
1158 3414 1239 3546 mim
1251 3490 1384 3547 ,temtum
1394 3488 1423 3562 (4
1439 3414 1476 3472 ΡΟ
1551 3441 1560 3469 ’
1674 3413 1694 3471 p

247 3543 323 3617 pitis,
337 3542 418 3616 cujus
432 3539 540 3600 familia
556 3541 592 3599 ud
615 3556 771 3615 pauperum
800 3540 943 3615 hospitum
961 3542 1041 3599 exul·
1135 3504 1156 3563 ε
1424 3492 1448 3561 i'

247 3632 318 3690 tavit
339 3630 504 3689 adveutum.
533 3633 605 3689 Dum
627 3629 708 3688 cibus
728 3643 798 3688 vero
818 3636 976 3703 pararetur,
993 3643 1040 3686 so·
1363 3657 1568 3718 ΡΗΟΡΗΕΉΑ
1586 3657 1624 3715 x·

246 3718 1044 3875 billithilltlltllt‘ltdtlit
1101 3774 1203 3832 riom
1221 3773 1367 3845 amam
1384 3788 1444 3831 aa
1461 3772 1577 3830 mae
1594 3771 1880 3838 remeses

249 3904 346 3954 mente
361 3897 390 3954 in
400 3897 503 3954 coelum
524 3896 654 3954 elevatis.
672 3897 807 3954 Oratione
823 3895 976 3968 completa,
991 3894 1040 3951 bs·
1143 3878 1220 3920 nuno
1230 3877 1288 3920 ‘⁸³‘
1296 3867 1405 3934 'emim‘
1414 3863 1576 3932 dmi&
1587 3865 1685 3933 ΡΜ
1698 3859 1842 3933 Wiissiii·

248 3985 370 4058 dignum
392 3983 535 4057 hospitem
560 3985 737 4042 familiariter
756 3984 918 4053 advocarit,
937 3984 1041 4041 etsit:
1133 3984 1377 4058 Nobilisqnaedam
1392 3979 1879 4055 Heroiaa,rirolleiderote,totrla·

252 4076 366 4142 «Ecce,
391 4073 478 4132 irater
500 4072 616 4147 hospes,
642 4074 698 4131 tuis
721 4074 813 4130 rictus
844 4071 985 4145 precibus,
1012 4079 1044 4129 ul
1097 4073 1377 4149 crymabundaillum
1385 4072 1679 4143 convenit,demariti
1688 4072 1882 4131 crudelitateet

248 4162 588 4232 munducarem,domum
604 4169 681 4222 tuam
693 4161 1043 4220 intrarilleisnunccito
1097 4164 1296 4232 inclementia,
1319 4171 1348 4222 et
1368 4164 1396 4220 iu
1422 4163 1473 4221 Dei
1493 4162 1628 4237 operibus
1637 4161 1692 4219 sibi
1715 4161 1882 4220 contrmium

247 4253 365 4312 monitis
381 4251 543 4325 acquiesce,
568 4250 704 4324 quoniam
729 4264 785 4307 non
814 4248 872 4319 hic,
900 4248 952 4308 sed
975 4249 1043 4307 alibl
1096 4268 1173 4322 esse,
1192 4266 1392 4325 conquerens:
1406 4252 1555 4325 oravitque
1577 4253 1703 4321 Patrem,
1718 4258 1749 4308 et
1769 4247 1880 4308 tanha-

249 4341 444 4400 mauducabis.
464 4339 605 4400 Confitere
629 4353 706 4397 nunc
731 4347 849 4411 peccata
877 4346 936 4408 tua,
965 4353 1043 4396 rere
1097 4356 1158 4399 rem
1172 4339 1308 4410 ornicum,
1329 4347 1360 4398 ut
1374 4342 1467 4399 licum
1486 4340 1691 4413 interpellaret,
1712 4347 1744 4398 ut
1763 4338 1813 4396 viri
1829 4334 1885 4393 aui·

249 4431 424 4503 penitentiae
440 4429 538 4488 dolore
559 4429 707 4496 contritus,
731 4443 786 4486 uec
799 4429 830 4486 iu
847 4435 878 4496 te
894 4435 1043 4486 remaneat
1097 4445 1174 4488 mum
1197 4438 1226 4488 et
1241 4445 1291 4487 cor
1311 4444 1362 4487 sua
1389 4428 1557 4503 dignaretur
1578 4428 1708 4486 emollire
1729 4423 1883 4486 clementia.

247 4517 402 4592 quidquam
415 4518 490 4590 quod
502 4519 625 4576 veridica
641 4517 825 4576 consessione
845 4533 903 4575 uon
920 4516 1040 4591 pandas.
1096 4519 1279 4577 itineratione
1309 4527 1337 4576 et
1365 4517 1519 4576 deuotione
1543 4516 1648 4575 nobilis
1672 4516 1788 4574 lemine
1806 4526 1880 4571 com·

249 4606 358 4665 Reddet
371 4607 419 4663 tibi
435 4608 574 4665 Dominus
587 4607 671 4665 hodie
686 4608 792 4676 vicem,
806 4606 942 4681 quoniam
962 4613 1041 4665 tanta
1095 4616 1200 4678 motus,
1217 4609 1279 4665 ait:
1302 4629 1313 4658 ι
1331 4605 1412 4667 Vade
1433 4621 1498 4664 cum
1519 4620 1600 4680 pace,
1623 4604 1812 4663 indubitanter
1831 4614 1880 4657 ex·

248 4694 400 4753 devotione
424 4710 492 4754 auos
511 4711 653 4769 pauperes
672 4697 834 4769 suscepisti.
859 4717 870 4746 ι
890 4695 1042 4768 acquievit
1096 4705 1214 4769 pectens
1232 4695 1268 4753 de
1283 4696 1343 4752 viro
1356 4703 1404 4753 tuo
1416 4695 1641 4753 consolationem
1657 4690 1882 4766 ubtdeproximo

245 4785 289 4842 vir
304 4785 350 4842 ille
362 4785 498 4842 contiuuo
507 4784 688 4842 sermonibus
701 4785 795 4842 Sancti
803 4800 812 4854 ;
849 4785 984 4858 socioque
996 4785 1039 4857 ip·
1096 4785 1257 4843 aliuturam.
1276 4806 1287 4836 ι
1307 4783 1498 4857 eradicetur
1515 4784 1600 4841 Dices
1618 4783 1645 4841 ei
1654 4797 1691 4841 ex
1701 4789 1781 4856 parte
1794 4779 1841 4838 bai
1855 4782 1882 4832 tl

245 4875 305 4933 sius
319 4882 435 4948 peccata
449 4874 600 4942 conliterm,
614 4873 825 4931 domumsuam
850 4873 1000 4946 disposuit,
1012 4881 1041 4931 et
1096 4889 1170 4944 mea,
1186 4874 1261 4946 quod
1286 4887 1363 4931 nunc
1383 4880 1427 4930 est
1445 4880 1559 4945 tempus
1574 4872 1746 4942 clementias,
1767 4874 1882 4943 postule

246 4963 282 5021 ad
292 4971 413 5021 mortem
426 4960 692 5034 suscipiendam,se
704 4969 841 5035 quunmm
856 4962 955 5028 valuit,
972 4976 1041 5034 pree
1094 4961 1163 5020 dum
1186 4963 1338 5034 requitatis.
1362 4983 1373 5012 ι
1402 4960 1604 5020 benedictione
1624 4967 1752 5033 accepta,
1767 4955 1880 5015 reverti·

246 5053 366 5125 pararit.
383 5051 426 5109 hd
446 5065 576 5108 mensam
594 5049 739 5118 sederunt,
755 5057 784 5107 et
797 5051 902 5108 ceteris
916 5050 1037 5107 arandu-
1095 5058 1139 5108 tur
1155 5052 1271 5120 mulier3
1282 5050 1393 5108 invenit
1403 5051 1507 5118 virum,
1523 5048 1679 5107 denunciat
1693 5048 1818 5107 verbum.
1829 5043 1879 5103 Ge

244 5154 311 5199 care
325 5138 537 5213 incipientibus,
554 5137 660 5210 hospes
672 5139 752 5211 juxta
775 5138 892 5195 verbum
914 5137 1041 5197 hominis
1094 5139 1163 5197 cidit
1185 5154 1359 5212 supereum
1380 5139 1501 5213 Spiritus
1527 5139 1659 5208 Sanctus,
1681 5145 1710 5195 et
1732 5148 1833 5193 novum
1847 5130 1883 5189 de

246 5231 297 5287 Dei
313 5230 444 5302 spiritum
461 5227 615 5286 exhalavit.
632 5226 851 5301 Sioquelactum
871 5234 926 5297 est,
939 5226 1038 5301 hospi·
1094 5230 1183 5286 veteri
1205 5227 1311 5286 lactum
1328 5228 1370 5284 sio
1392 5226 1459 5285 lacit
1480 5242 1545 5284 cum
1574 5226 1651 5283 orani
1667 5221 1883 5283 mansuetudine

244 5318 361 5375 talitatis
376 5317 469 5390 gratia
485 5323 677 5389 promerente,
691 5323 721 5373 nt
732 5317 812 5387 iuxta
827 5314 945 5374 verbum
962 5317 1037 5374 veri·
1094 5316 1267 5390 respondere
1283 5334 1290 5373 :
1307 5316 1440 5386 Domina,
1460 5316 1622 5373 serviamus
1635 5315 1766 5383 Domino,
1782 5319 1810 5368 et
1824 5310 1880 5367 sal·

243 5406 327 5475 tatis,
351 5405 519 5479 prophetam
536 5406 686 5478 reciperet,
710 5403 777 5461 dum
800 5418 850 5477 per
872 5406 965 5463 sancti
985 5406 1039 5462 riri
1093 5420 1195 5463 remus
1218 5406 1332 5462 animas
1358 5412 1481 5462 nostros.
1502 5403 1646 5463 suadente
1674 5404 1759 5476 igitur
1784 5413 1881 5465 uxore,

1197 5628 1259 5684 ltal.
1273 5640 1370 5684 exous.

281 5555 322 5625 (l)
338 5556 402 5681 [ὃς
426 5557 522 5636 Ιῑνὶαυι
545 5556 661 5623 socier„
677 5562 707 5613 et
730 5556 793 5626 leq.
818 5555 887 5624 Cel,
912 5570 976 5629 cap.
1002 5555 1039 5613 de
1129 5556 1173 5684 (gg
1193 5557 1275 5624 lton,
1295 5570 1359 5628 cap.
1384 5556 1428 5623 tt,
1452 5553 1594 5626 admed.;
1618 5555 1744 5623 llarc.,l
1767 5566 1808 5624 p,
1821 5549 1840 5608 Ι.
1857 5550 1880 5616 l,

244 5626 512 5768 Prfilr'risodn‘ff'hb.
527 5698 563 5763 rt,
578 5695 721 5766 bourona.
735 5695 761 5752 t.
1094 5641 1182 5768 cm,
1192 5699 1274 5767 bora,
1295 5696 1363 5755 ibid.
