3950 6200
269 394 328 456 651
674 381 729 454 ’8.
751 393 928 456 nNroNlr
958 391 1145 456 PADUANI
1173 395 1311 457 OPERA
1338 395 1486 459 OMNIA.
1845 401 1893 465 652

270 552 352 626 illis,
370 550 448 614 tacti
471 552 549 614 sunt
573 552 608 614 ln
632 549 834 631 adjutorium
855 553 934 614 fllils
957 553 1019 615 Lot
1033 569 1062 613 s.
1118 551 1892 633 bonorumseqnltur:Hauseruntaquamsccs

270 651 377 727 Tyrus
391 650 631 726 interpretatur
648 651 818 726 angustia,
835 655 941 713 Assur
954 652 1063 712 inter·
1119 651 1286 712 contritio.
1307 653 1346 712 Et
1361 651 1515 714 iuuerunt
1529 667 1643 714 coram
1657 655 1892 727 1111111011-

269 747 423 825 pretatur
447 747 644 822 negotiator.
664 749 763 809 Tales
789 750 865 810 sunt
889 748 1062 820 11111111,
1118 748 1181 808 ties
1203 749 1344 825 populns
1363 749 1466 810 Israel
1491 746 1597 812 inibat
1615 748 1723 810 toedus
1746 765 1817 811 cum
1835 754 1892 813 bo·

270 843 328 919 qut
345 858 406 919 pro
430 844 588 904 lenticula
603 845 695 905 dedit
711 844 944 921 primogenita.
962 846 1018 907 Sic
1032 846 1065 907 et
1119 845 1220 916 mino,
1240 846 1293 906 rel
1318 845 1448 907 irritum
1473 846 1665 920 innovabat,
1678 848 1777 908 toties
1799 864 1893 910 sume·

270 940 305 1000 bi
319 955 378 1016 pro
391 938 552 1002 lenticula
567 941 710 1018 alicujus
721 943 903 1004 voluntatis
918 943 1064 1004 carnalis
1118 940 1199 1003 bant
1224 958 1356 1019 aquam,
1373 946 1406 1005 et
1420 943 1601 1006 fundebant
1626 946 1660 1005 in
1686 948 1775 1007 terra
1798 961 1890 1007 coram

269 1036 418 1099 vendunt
430 1037 624 1113 dignitatem
632 1038 837 1100 haereditatis
852 1040 1064 1101 aeternae.lsti
1119 1040 1258 1101 Domino
1279 1040 1319 1101 ad
1337 1041 1602 1116 significandum,
1615 1042 1702 1120 quod
1723 1042 1806 1104 sicut
1821 1058 1890 1120 aqua

271 1136 377 1195 «sunt
388 1132 467 1195 tacti
479 1135 515 1195 in
528 1135 729 1211 adiutorium
746 1135 824 1197 filiis
837 1137 898 1198 Lot
912 1153 941 1196 s.
956 1137 1064 1213 'l'vrns
1118 1135 1224 1197 effusa
1238 1152 1302 1199 nom
1313 1139 1493 1199 revertitur
1504 1138 1545 1199 ad
1555 1155 1627 1211 vas,
1641 1139 1691 1200 ita
1702 1137 1743 1199 de
1753 1140 1890 1201 ceteroad

270 1231 394 1308 itaque,
408 1232 495 1308 quod
516 1232 754 1310 interpretatur
768 1234 938 1308 angustia,
954 1231 1065 1309 signat
1120 1231 1207 1294 idola
1227 1249 1293 1295 non
1322 1234 1578 1297 reverterentur.
1608 1237 1648 1297 Et
1674 1251 1736 1296 nos
1759 1237 1892 1298 similiter

270 1327 447 1389 mundanls
465 1328 604 1402 deditos,
621 1330 655 1391 et
673 1330 817 1406 peccatis
842 1328 991 1392 subditos
1008 1352 1016 1391 s
1033 1332 1065 1393 et
1119 1329 1256 1391 haurire
1271 1328 1427 1391 debemus
1438 1331 1479 1391 ab
1497 1332 1613 1393 intimo
1623 1330 1735 1392 cordis
1747 1330 1890 1409 lacrymas

270 1423 368 1496 bene,
380 1425 459 1502 quia
472 1425 526 1486 nbi
542 1441 608 1486 non
626 1428 677 1488 111
690 1426 848 1498 charitas,
865 1427 912 1487 ibi
933 1427 984 1490 est
998 1442 1064 1488 an·
1119 1426 1398 1503 compunctionis;
1415 1428 1453 1490 ut
1466 1427 1552 1490 sicut
1562 1428 1603 1490 ad
1616 1443 1675 1490 cor
1687 1427 1824 1505 amplius
1836 1445 1890 1489 non

272 1521 393 1596 gustis.
416 1523 605 1584 ’1111111111
625 1524 749 1585 suntin
764 1524 965 1600 adjutorium
985 1524 1065 1585 liliis
1119 1523 1260 1585 redeunt
1281 1523 1438 1601 lacrymae
1458 1524 1537 1596 illae,
1551 1525 1597 1586 ita
1607 1525 1764 1602 deinceps
1776 1525 1814 1585 ad
1826 1541 1892 1602 111-

272 1619 349 1690 Lot,
367 1617 453 1681 idest
480 1618 698 1682 diaboli..Lot
719 1620 807 1681 enim
827 1621 1066 1698 interpretatur
1120 1621 1205 1690 cata,
1218 1635 1292 1697 quae
1306 1620 1520 1698 ploravimus,
1545 1637 1611 1685 non
1631 1621 1814 1682 redeamus.
1837 1624 1891 1682 Se·

272 1715 455 1787 declinans,
467 1718 500 1778 et
509 1715 594 1777 bene
605 1716 770 1793 significat
782 1717 962 1791 diabolum,
975 1720 1031 1794 qui
1045 1734 1065 1779 a
1121 1716 1254 1793 quitur:
1272 1718 1311 1778 Et
1321 1719 1570 1793 jejunaverunt.
1595 1720 1680 1779 Ecce
1700 1718 1869 1780 satisfactio
1884 1733 1890 1772 τ

272 1811 1064 1892 lastigiocoelideclinavitadprotundumabyssl.
1121 1814 1160 1874 Et
1197 1812 1354 1875 dixerunt
1378 1815 1624 1876 :Peccavimus
1650 1815 1800 1875 Domino.
1823 1817 1892 1876 Ecce

314 1909 361 1970 De
375 1910 449 1971 istis
470 1911 580 1972 autem
596 1911 717 1972 alienis
742 1911 828 1972 natis
853 1913 1067 1988 conqueritur
1120 1909 1298 1972 consessio.
1312 1911 1374 1971 Sed
1387 1911 1451 1986 ipsi
1465 1912 1566 1972 alieni
1582 1912 1714 1973 mentiti
1727 1914 1802 1974 sunt
1813 1911 1890 1972 mihi.

273 2006 432 2068 Dominus
457 2007 612 2069 Jeremioe
640 2008 779 2069 111111;
801 2025 820 2068 1
842 2010 910 2084 ligo
934 2009 1065 2085 quidem
1116 2007 1336 2082 rransmessi
1350 2009 1427 2069 sunt
1441 2009 1573 2085 pactum
1592 2009 1811 2078 contritionis,
1827 2025 1893 2069 con-

272 2101 422 2178 plantavi
449 2105 481 2165 te
509 2105 677 2165 vineam»
694 2120 813 2177 meam,
831 2121 850 2164 1
865 2106 1018 2179 electam,
1034 2108 1068 2167 et
1122 2104 1289 2175 fessionis,
1302 2107 1336 2166 et
1347 2105 1597 2166 satisfactionis.

275 2213 373 2260 omne
388 2215 500 2262 semen
513 2217 628 2263 verum
644 2202 837 2264 »seminavi
855 2201 1066 2279 :squomodo
1160 2203 1200 2262 Et
1220 2201 1320 2262 etiam
1341 2204 1404 2274 stirs·
1424 2204 1529 2263 attens·
1549 2203 1738 2264 inveterati
1761 2203 1845 2264 sunt.
1862 2203 1893 2261 st

275 2310 436 2358 conversa
460 2314 495 2358 es
520 2299 554 2358 in
579 2315 717 2374 pravum
739 2299 838 2359 vinea
863 2299 973 2360 aliena
997 2298 1067 2378 (1)t
1121 2299 1205 2359 tales
1218 2299 1295 2359 sunt
1308 2297 1369 2369 illi,
1382 2299 1438 2375 qui
1454 2297 1517 2358 sibi
1531 2298 1827 2375 incorporaverint
1839 2313 1894 2358 ma·

276 2393 317 2454 nt
335 2394 431 2454 111111
451 2392 515 2471 (17,
533 2396 618 2456 1011
636 2393 710 2474 11);
727 2397 943 2472 «Propterea
965 2396 1066 2472 plan·
1121 2396 1237 2466 liliam,
1258 2394 1311 2456 vel
1337 2393 1473 2456 malitiae
1493 2395 1697 2472 incorporati
1725 2397 1800 2457 sunt
1820 2413 1827 2455 :
1850 2394 1893 2454 llli

276 2489 364 2552 tabis
404 2490 644 2567 plantationem
681 2491 824 2566 fidelem,
863 2494 895 2554 et
930 2508 1066 2568 germen
1121 2490 1259 2563 scilicet,
1285 2491 1341 2568 qui
1363 2491 1409 2552 ita
1431 2491 1577 2553 indurati
1606 2492 1739 2553 suntin
1768 2491 1893 2567 peccatis

273 2585 420 2647 alienum
435 2587 627 2648 seminabis.
646 2590 682 2648 ln
698 2588 752 2648 die
769 2589 985 2664 plantationis
1000 2590 1065 2650 tuae
1121 2587 1202 2658 suis,
1217 2587 1302 2665 quod
1319 2588 1386 2659 vix,
1401 2589 1460 2649 aut
1473 2603 1643 2665 nunquam
1656 2590 1794 2664 possunt
1804 2587 1840 2648 ab
1852 2587 1894 2647 eis

271 2682 445 2745 labruscas
472 2682 536 2761 (2),
556 2686 590 2746 et
618 2699 715 2745 marre
740 2701 854 2746 semen
882 2688 974 2747 tuum
1001 2686 1062 2746 llo-
1121 2683 1237 2758 avelli;
1253 2684 1319 2745 imo
1339 2686 1385 2745 ita
1409 2684 1546 2745 moleste
1561 2684 1674 2746 lerunt
1698 2684 1892 2745 amissionem

272 2777 371 2840 rebit.
387 2779 578 2841 »Similiter
594 2779 628 2840 in
644 2780 844 2856 Evangelio:
858 2781 950 2844 Unde
967 2783 1067 2844 habet
1122 2782 1343 2866 peccatorum,
1369 2782 1455 2842 sicut
1478 2781 1609 2842 brachii
1631 2782 1841 2842 avulsionem.
1862 2779 1894 2838 Et

272 2875 532 2947 zizaniatQuasi
556 2877 645 2940 dicat
661 2899 668 2937 ε
686 2877 849 2939 Plantasti
871 2878 991 2940 bonam
1013 2880 1067 2940 vi·
1121 2891 1180 2954 pro
1203 2877 1256 2937 his
1276 2877 1430 2938 Psalmus
1449 2878 1675 2955 conqueritur,
1704 2877 1788 2955 quod
1812 2874 1896 2936 mali·

272 2987 382 3046 neam,
397 2972 430 3033 et
448 2973 521 3049 ipsa
535 2989 633 3034 versa
656 2977 708 3037 est
729 2974 763 3035 in
785 2974 983 3036 labruscam.
1002 2978 1067 3036 La·
1120 2975 1199 3035 tiam
1215 2973 1278 3034 sibi
1292 2975 1600 3050 incorporaverunt.
1614 2974 1707 3035 Unde
1720 2976 1754 3035 in
1772 2972 1895 3033 Threnis

271 3066 393 3131 brusca
418 3069 544 3133 tructus
569 3071 649 3134 lacit
678 3087 828 3145 amaros,
844 3073 877 3135 et
900 3073 1067 3150 protendit
1121 3070 1165 3150 (3,
1188 3069 1220 3150 l)
1236 3091 1243 3131 ε
1260 3087 1278 3132 1
1293 3073 1466 3133 vetustam
1489 3071 1568 3135 fecit
1586 3071 1707 3151 pellem
1737 3067 1896 3140 meamet

272 3166 848 3241 111111111111111111.1111111111,
866 3170 922 3246 qui
938 3172 1065 3231 suntin
1120 3184 1254 3229 carnem
1279 3183 1386 3229 meam
1404 3170 1586 3230 :contrivit
1610 3185 1689 3230 ossa
1709 3185 1781 3229 mea
1795 3186 1822 3228 s.
1842 3168 1896 3227 Per

271 3266 495 3327 amaritudine
515 3266 652 3342 peccati.
672 3266 843 3328 immaturi
859 3271 935 3328 sunt
953 3283 1063 3339 senes,
1120 3280 1207 3336 ossa,
1224 3266 1364 3327 virtutes
1387 3281 1461 3342 quae
1489 3268 1568 3328 sunt
1593 3264 1757 3326 columnae
1780 3267 1810 3325 et
1832 3276 1895 3322 sus·

271 3362 305 3424 et
324 3361 494 3440 decrepiti,
514 3366 570 3440 qui
586 3379 755 3441 nunquam
775 3365 1001 3440 pervenerunt
1023 3365 1064 3425 ad
1120 3364 1358 3425 tentamentum
1387 3363 1489 3426 totius
1513 3362 1647 3424 aedidcii
1675 3363 1805 3433 animae,
1819 3357 1895 3420 sicut

272 3460 508 3531 maturitatem,
551 3462 855 3537 computrescentes
898 3461 933 3521 in
975 3465 1065 3522 ster·
1120 3460 1285 3535 corporis.
1324 3460 1417 3521 Unde
1461 3460 1547 3523 sicut
1585 3459 1718 3521 ossibus
1759 3457 1893 3520 contrac-

272 3556 406 3618 coribus
434 3556 514 3617 suls.
546 3559 592 3618 De
620 3557 740 3634 quibus
776 3559 894 3620 merito
916 3574 1066 3635 conque·
1120 3558 1164 3619 tis
1196 3572 1335 3619 necesse
1368 3559 1429 3628 est,
1461 3559 1497 3619 ut
1525 3558 1629 3619 totum
1662 3572 1781 3634 corpus
1810 3553 1894 3615 laba-

271 3654 358 3716 ritur
384 3654 556 3725 Dominus,
577 3653 692 3715 dicens
708 3670 716 3709 s
733 3658 814 3715 Fittt
838 3658 943 3716 artem
972 3670 1066 3714 men·
1119 3656 1185 3725 tur,
1201 3654 1260 3725 ita,
1284 3653 1462 3715 virtutibus
1489 3653 1684 3727 subtractis,
1706 3667 1834 3714 necesse
1851 3650 1895 3708 est

270 3750 324 3812 titi
363 3752 446 3812 11111
480 3754 584 3823 milti,
613 3751 699 3813 idest
733 3752 865 3827 pactum
904 3752 1066 3828 Baptismi
1120 3753 1156 3813 ut
1199 3750 1378 3811 aedificium
1422 3752 1544 3813 auimae
1594 3753 1741 3812 corruat.
1779 3748 1893 3822 Hujus·

270 3847 474 3922 transgressi
509 3851 596 3909 sunt.
631 3850 678 3909 De
710 3863 776 3925 quo
811 3850 924 3924 pacto,
958 3850 1064 3925 primo
1120 3846 1208 3908 modi
1244 3848 1354 3908 autem
1387 3848 1565 3909 aedilicium
1599 3847 1727 3909 corruit
1760 3846 1793 3906 in
1823 3842 1892 3908 illis,

271 3945 396 4017 Regum
414 3942 458 4020 (i,
470 3942 503 4020 6)
516 3965 523 4003 :
538 3946 764 4020 congregatus
778 3948 829 4007 est
843 3945 983 4021 'populus
999 3946 1064 4005 sin
1120 3944 1175 4021 qui
1198 3945 1275 4005 sunt
1292 3944 1480 4017 inveterati,
1494 3945 1551 4023 qui
1575 3947 1653 4005 sunt
1675 3943 1768 4021 quasi
1783 3942 1893 4001 veteres

270 4039 459 4116 Maspbath,
474 4043 508 4101 et
517 4040 702 4102 hauserunt
715 4056 848 4118 aquarn,
858 4044 892 4102 et
905 4041 1064 4102 fuderunt
1119 4040 1234 4118 pelles,
1249 4042 1336 4102 sicut
1356 4041 1498 4117 legitur:
1512 4043 1687 4103 vetustam
1705 4040 1782 4101 fecit
1798 4033 1895 4097 inimi·

269 4150 382 4197 coram
398 4137 550 4207 Domino,
569 4138 602 4198 et
621 4139 860 4215 jejunaverunt
874 4138 909 4198 in
921 4138 976 4199 111
991 4138 1062 4204 illa,
1119 4154 1178 4199 cus
1217 4137 1335 4215 pellem
1371 4154 1490 4199 meam.
1523 4138 1642 4209 Scitis,
1671 4137 1756 4214 quod
1784 4136 1894 4195 veteres

270 4235 305 4295 et
323 4233 501 4295 dixerunt:
518 4234 735 4296 Peccavimus
759 4236 911 4296 Domino.
932 4252 951 4295 s
973 4237 1065 4296 Mas·
1119 4235 1222 4311 pelles
1233 4236 1363 4312 oportet
1377 4251 1451 4296 cum
1466 4251 1530 4319 actu
1542 4236 1713 4297 resarciri.
1727 4238 1789 4295 Per
1804 4242 1896 4308 puuc-

268 4330 373 4407 phatlr
386 4331 624 4407 interpretatur
633 4331 674 4393 de
689 4332 835 4408 speculo.
851 4330 962 4406 Scitis,
976 4334 1063 4410 quod
1118 4333 1242 4394 tionem
1262 4347 1343 4393 acus
1357 4333 1514 4394 contritio
1532 4332 1747 4408 designatum
1763 4340 1896 4407 perpar-

269 4429 400 4501 mulier,
425 4429 557 4506 quando
580 4429 653 4491 vult
678 4429 849 4501 mundare,
865 4428 918 4490 vel
942 4443 1064 4491 ornare
1118 4430 1183 4489 tem
1198 4430 1416 4507 posteriorem
1427 4428 1608 4505 contessi03
1625 4446 1684 4506 per
1694 4430 1783 4490 titum
1796 4436 1898 4504 perse-

268 4524 388 4586 faciem
403 4540 509 4597 suam,
525 4526 646 4603 quaerit
661 4542 782 4603 aquam
804 4542 871 4587 non
890 4525 1064 4587 turbulen-
1118 4526 1281 4600 verentia,
1305 4542 1378 4604 quae
1397 4542 1588 4603 quanquam
1606 4526 1829 4588 introducatur
1839 4531 1897 4594 per

267 4623 348 4693 tam,
364 4623 418 4683 vel
435 4622 600 4696 limosam,
618 4624 672 4685 vel
694 4623 850 4700 patellam
870 4625 1012 4699 nigram,
1031 4623 1065 4684 et
1118 4622 1183 4683 duo
1198 4622 1432 4699 praecedentia,
1445 4623 1574 4685 scilicet
1592 4638 1653 4700 per
1668 4622 1894 4684 contritionem.

267 4717 454 4790 obscuram,
469 4719 526 4779 sed
537 4720 629 4781 vadit
638 4719 680 4781 ad
693 4720 865 4797 speculum
878 4720 1061 4791 elimatum,
1118 4722 1150 4781 et
1159 4718 1489 4792 consessionem‚non
1499 4712 1894 4782 tamentenetineisdlum

268 4815 416 4893 planum,
431 4818 465 4878 et
475 4818 611 4877 tersum.
629 4818 668 4878 Et
681 4832 743 4878 nos
756 4816 913 4878 similiter
927 4832 1064 4893 congre-
1118 4816 1389 4892 perseverantiae.
1412 4815 1506 4877 Unde
1520 4815 1561 4878 de
1578 4816 1703 4878 talibus
1725 4813 1823 4893 potest
1833 4806 1895 4867 dici

268 4913 336 4989 gaii
358 4913 392 4972 lu
411 4912 588 4989 Maspbatb
603 4927 670 4973 non
688 4910 846 4973 debemus
869 4927 1006 4973 currere
1021 4914 1062 4973 ad
1118 4909 1301 4991 gallicata)
1316 4929 1324 4968 ε
1344 4915 1464 4976 ‹Tant
1483 4916 1561 4975 sunt
1579 4913 1756 4984 recusutri‚
1776 4908 1896 4971 custure

267 5024 388 5086 aquam
403 5009 566 5081 limosam,
583 5010 617 5070 et
629 5006 867 5079 turbulentam,
882 5009 914 5070 et
929 5009 1061 5085 nigram
1120 5025 1186 5070 non
1202 5009 1296 5086 point
1318 5008 1424 5071 temer.
1444 5027 1463 5070 1
1485 5012 1525 5071 Et
1544 5008 1595 5070 illi
1616 5009 1771 5070 dicuntur
1789 5014 1896 5066 omnes

267 5106 434 5184 patellam,
447 5106 534 5168 idest
544 5121 611 5166 non
626 5104 784 5165 debemus
792 5105 907 5166 vivere
917 5106 958 5166 ad
974 5121 1065 5167 com·
1118 5108 1259 5178 veteres,
1281 5106 1338 5182 qui
1356 5107 1481 5182 quanto
1499 5106 1718 5183 antiquiores,
1738 5101 1820 5166 tanto
1833 5095 1896 5155 du·

267 5203 474 5279 parationem
490 5202 665 5272 malorum,
676 5199 733 5261 sed
750 5204 921 5262 currentes
934 5202 976 5261 ad
992 5218 1064 5280 spe·
1118 5208 1240 5277 riores3
1267 5205 1300 5264 et
1323 5202 1398 5263 ideo
1424 5203 1483 5263 vix
1510 5202 1664 5279 decoqui,
1687 5202 1739 5263 vel
1766 5191 1896 5260 emolliri

268 5299 390 5372 culum,
407 5299 520 5361 vivere
541 5298 698 5360 debemus
713 5296 755 5359 ad
779 5298 1061 5374 comparationem
1117 5301 1267 5376 possunt.
1281 5298 1376 5362 Unde
1395 5298 1515 5360 merito
1529 5298 1688 5360 dicuntur
1701 5288 1873 5358 inveterati.

306 5474 347 5542 11)
359 5474 416 5531 111.
429 5473 456 5542 1,
473 5473 525 5542 2l;
544 5474 626 5543 Volo.
642 5479 749 5530 autern
1116 5472 1203 5530 etiam
1217 5478 1319 5545 potest,
1336 5473 1489 5530 Sermones
1510 5472 1598 5529 luisse
1617 5487 1633 5528 a
1649 5472 1750 5529 Sancto
1760 5462 1893 5545 1111ῑί1·

305 5544 348 5609 11)
364 5544 444 5612 Vulp.
461 5542 615 5599 labrusca.
1117 5551 1171 5609 tos,
1186 5542 1255 5599 dum
1278 5542 1353 5615 apud
1379 5542 1691 5614 montempessulanum
1713 5542 1741 5596 iu
1761 5538 1896 5596 desdam

305 5614 346 5681 (3)
362 5613 451 5667 Potest
463 5612 520 5667 dici
531 5614 642 5680 pollice,
655 5620 709 5669 etc.
727 5611 869 5684 adagium
882 5612 985 5684 galilea
1006 5612 1059 5669 lin·
1116 5611 1317 5682 diversaretur,
1333 5614 1372 5669 uti
1388 5612 1512 5670 diximus
1525 5612 1555 5668 in
1570 5612 1746 5669 Praelatione.

268 5696 336 5753 gua,
357 5682 488 5751 quamvis
506 5691 637 5753 corrupta
660 5683 790 5749 relatum,
807 5690 977 5756 argumento
993 5697 1061 5739 esse
