3950 6200
113 275 169 342 bb,
667 271 989 335 PROLEGOMENA.
1004 301 1045 318 -
1063 272 1171 333 VITA.
1681 273 1741 332 546

112 433 173 504 hoc,
201 432 236 492 nt
263 429 388 508 alimus
421 431 556 491 sanctus
590 430 634 492 sit
665 431 752 507 apud
786 433 890 492 Deum
945 430 1044 492 licam
1053 431 1241 503 ueritatem,
1257 444 1354 489 nemo
1376 428 1537 491 accendat
1556 428 1739 504 lucernam,
1830 512 1833 517 A

111 531 140 590 in
150 527 295 590 Ecclesia
303 526 542 605 triumphante,
559 527 631 589 sola
648 527 794 590 sufficiat
806 527 892 587 tina·
945 528 977 588 et
994 530 1094 603 ponat
1106 542 1179 588 eam
1195 527 1256 587 sub
1271 526 1381 588 modio
1396 525 1453 586 sed
1468 542 1568 602 super
1581 526 1742 587 candela-

110 625 144 685 lis
164 624 425 700 perseuerantia,
445 624 543 700 juxta
562 623 643 685 illud
665 645 674 683 ι
690 625 767 686 usto
783 623 891 686 tidelis
945 623 1052 696 buum,
1064 625 1102 686 ut
1115 639 1241 697 omnes,
1253 625 1310 702 qui
1323 624 1358 684 in
1371 623 1467 686 domo
1480 625 1558 685 sunt
1569 624 1680 684 lumen
1694 625 1741 684 vi·

110 721 254 799 usquead
269 722 423 792 mortem,
439 723 473 784 et
486 720 571 782 dabo
586 721 815 782 tibicoronam
835 721 891 782 ui·
946 722 1046 782 deant
1071 719 1131 800 (3),
1161 721 1194 783 et
1213 720 1368 798 praedicti
1392 722 1499 782 sancti
1523 721 1671 792 lucerna,
1691 721 1741 782 sic

111 816 221 896 uu(1);
237 817 280 879 ad
303 818 493 882 hoctamen
510 819 547 879 ut
572 820 713 880 sanctus¹
730 817 893 879 habeatur
923 818 1069 879 ,arserit
1091 817 1252 879 hactenus
1273 818 1309 878 in
1332 816 1395 879 hoc
1420 817 1552 889 mundo,
1571 818 1657 896 quod
1680 834 1741 895 per

109 915 184 992 apud
209 913 364 976 homines
389 915 426 978 in
448 915 596 977 Ecclesia
621 915 798 987 mihtante,
827 913 891 975 duo
923 983 924 988 ἵ
946 915 1005 976 liei
1020 913 1173 991 gratiam,
1183 916 1254 992 jam
1273 931 1340 976 non
1353 913 1414 975 sub
1429 913 1549 987 modio,
1565 916 1621 976 sed
1638 931 1740 992 super

108 1011 175 1074 suut
187 1012 393 1083 necessaria,
418 1012 525 1074 uirtus
549 1026 690 1083 morum,
715 1012 749 1073 et
767 1011 893 1074 ueritas
946 1011 1182 1074 candelabrum
1196 1012 1356 1073 meruerit
1376 1012 1533 1072 collocari
1550 1034 1558 1071 :
1574 1014 1742 1074 universi-

110 1106 893 1185 agnorum,mennvrucncet,eumnaeu1a;ut
946 1110 1047 1171 tatem
1069 1110 1216 1172 vestram
1238 1123 1406 1183 rogamus,
1432 1124 1605 1170 monemus
1631 1110 1742 1172 atten-

108 1205 169 1267 1100
192 1207 228 1268 et
251 1205 312 1268 illa
335 1204 400 1268 sibi
421 1205 463 1268 ad
485 1206 629 1268 invicem
653 1205 890 1276 contestentur,
946 1207 1024 1280 tius,
1054 1207 1088 1268 et
1122 1207 1297 1268 hortamur
1329 1221 1389 1281 per
1403 1209 1405 1213 '
1421 1207 1613 1281 Apostolica
1646 1206 1742 1269 vohis

108 1318 173 1366 cum
186 1302 384 1365 nec-merita
408 1303 482 1364 sine
507 1303 691 1374 miraculis,
707 1317 770 1366 nee
788 1301 894 1362 mira-
947 1303 1070 1380 scripta
1093 1303 1305 1374 mandantes,
1324 1304 1498 1378 'quatenus
1533 1303 1743 1365 devotionem

107 1398 184 1471 cula,
197 1397 271 1462 sine
294 1398 424 1460 meritis
446 1399 545 1476 plene
567 1397 746 1467 sufficiant,
760 1397 799 1460 ad
814 1409 896 1475 per-
947 1400 1105 1472 bdelium,
1120 1400 1161 1462 ad
1177 1401 1427 1461 uenerationem
1441 1400 1547 1475 ipsius
1562 1399 1746 1462 salubriter⁴

42 1539 44 1542 .
106 1494 277 1557 hibendum
289 1494 379 1557 inter
392 1495 784 1558 hominestestimonium
799 1509 894 1558 suno
947 1497 1143 1568 excitantes
1162 1496 1619 1574 testivitatemipsiusddibus
1636 1498 1742 1569 Junii,
1782 1561 1785 1568 ,

105 1592 195 1656 titati.
211 1591 277 1654 Sed
297 1606 372 1652 cum
395 1592 515 1654 merita
540 1607 624 1654 seua
641 1591 843 1669 precedunt,
860 1592 895 1656 et
946 1583 1744 1666 0111110010ςυί1000101101100110010110001011-

107 1688 189 1751 clara
213 1687 397 1750 succedunt
410 1687 586 1762 miracula,
599 1691 728 1752 certum
742 1686 893 1765 praebent
924 1755 925 1760 ,
946 1687 1035 1752 niter
1048 1682 1276 1750 celebrarizut
1294 1688 1444 1764 ejusdem
1459 1689 1614 1765 precihus
1628 1689 1744 1766 Domi-

105 1785 257 1847 indicinm
271 1785 482 1850 sanctitatis:
498 1786 535 1846 ut
547 1797 610 1847 nos
621 1784 664 1847 ad
678 1785 784 1862 ipsius
795 1799 895 1848 uene·
946 1800 1010 1846 nus
1017 1786 1176 1847 exoratus
1193 1784 1336 1860 gratiam
1342 1785 1378 1846 in
1385 1785 1594 1861 praesentiat
1600 1786 1744 1862 glorium

104 1882 261 1944 rabonem
277 1880 450 1955 inducant,
476 1897 574 1958 quem
597 1885 684 1944 Deus
709 1897 753 1946 ex
764 1881 893 1944 meritis
946 1881 1042 1944 nohis
1057 1881 1554 1951 tribuatinsuturo.Nosautem
1569 1885 1743 1960 cupientes

105 1978 372 2055 precedentibus,
410 1979 445 2040 et
474 1979 580 2055 siguis
615 1978 893 2057 subsequentibus
924 1997 925 2000 ’
947 1978 1161 2056 sepulchrum
1175 1978 1746 2058 1011160010εο0110,0111011000

105 2075 232 2137 oxhihet
255 2076 485 2140 venerandum
502 2092 510 2136 :
526 2091 600 2152 qua)
623 2075 689 2138 duo
713 2092 757 2138 ex
781 2075 893 2137 verbis
946 2075 1055 2138 lorum
1078 2076 1263 2153 fulgoribus
1284 2076 1431 2137 illustrat
1445 2078 1627 2138 Ecclesiam
1641 2093 1746 2154 gene·

104 2172 321 2248 avangelista
339 2172 474 2248 plenius
497 2171 667 2248 colligitur
685 2183 693 2236 2
708 2172 764 2234 llli
781 2174 893 2235 autem
946 2172 1068 2246 salem,
1098 2174 1255 2248 congruis
1301 2172 1485 2233 honoribus
1524 2174 1742 2251 frequentari,
1792 2171 1795 2178 “

104 2269 238 2345 proiecti
245 2268 515 2346 praedicaverunt
527 2268 660 2346 ubique.
670 2270 811 2330 Domino
820 2285 894 2332 coo·
947 2267 1101 2330 omuibus
1126 2284 1206 2330 uere
1238 2269 1477 2345 poenitentibns
1507 2272 1540 2331 et
1567 2270 1741 2342 confossis,

104 2368 235 2442 perante
254 2367 289 2427 et
312 2381 501 2428 sermonem
515 2366 734 2430 conflrmante
748 2381 894 2444 sequen·
946 2365 1030 2429 illud
1055 2365 1092 2426 in
1113 2364 1294 2429 festivitate
1318 2366 1427 2443 ipsius
1458 2366 1619 2443 usquead
1646 2365 1743 2428 octa-

104 2461 183 2524 tibns
201 2462 311 2538 siguis
325 2461 375 2542 (2)
391 2484 399 2523 ι
413 2463 523 2525 eidem
546 2463 715 2539 episcopo,
734 2464 768 2525 et
788 2462 894 2524 dilec·
947 2478 1025 2525 vum
1053 2462 1153 2538 diem,
1182 2463 1280 2524 annis
1304 2463 1446 2539 singulis
1474 2480 1550 2525 cum
1583 2476 1745 2525 1010100-7

104 2559 141 2620 tis
156 2559 251 2631 tiliis,
266 2558 363 2620 tratri
378 2560 525 2622 Jordano
540 2562 574 2621 S.
588 2559 773 2632 Benedicti,
787 2562 893 2622 ethu-
947 2560 995 2623 ua
1031 2559 1142 2622 debita
1174 2559 1408 2635 visitantibus3
1434 2561 1475 2621 de
1509 2562 1748 2637 omnipotentis

105 2656 234 2731 qustini,
250 2655 419 2732 prioribus
432 2657 565 2717 Ordinis
575 2656 716 2718 fratrum
730 2657 895 2719 Praedica·
947 2657 1008 2718 Dei
1018 2657 1249 2732 misericordia
1262 2659 1296 2719 et
1309 2657 1481 2720 beatorum
1497 2659 1588 2720 Petri
1603 2661 1636 2720 et
1647 2659 1747 2719 Pauli

103 2756 207 2814 torum
220 2752 455 2815 paduanorum
466 2755 691 2830 receptionem
705 2754 839 2816 testium
853 2755 894 2816 de
946 2754 1181 2832 apostolorum
1208 2758 1293 2832 ejus,
1313 2755 1511 2817 auctoritate
1530 2756 1661 2827 contisi,
1683 2772 1747 2817 an-

103 2850 273 2911 miracnlis
286 2851 434 2927 eiusdem
445 2851 564 2920 sancti,
576 2851 730 2912 duximus
741 2852 895 2914 commit-
948 2868 1026 2913 num
1040 2851 1199 2914 unumde
1220 2853 1371 2929 injuncta
1388 2852 1453 2913 sibi
1467 2853 1661 2929 poeuitentia
1676 2855 1745 2914 mi-

101 2948 243 3009 tandum.
262 2949 378 3024 Nuper
398 2950 510 3011 autem
530 2951 599 3010 tam
618 2964 678 3024 per
694 2949 893 3012 relationem
948 2950 1163 3013 sericorditer
1186 2949 1517 3011 relaxamusbatum
1540 2950 1677 3027 Spoleti,
1697 2952 1745 3012 lli

103 3045 333 3121 praedictorum
348 3037 497 3124 episcopi
507 3047 543 3109 et
551 3047 712 3123 priorum,
725 3062 822 3124 quam
835 3063 895 3125 per
948 3049 1079 3110 nonasJ
1082 3047 1153 3109 unii
1162 3047 1379 3110 pontificatus
1386 3047 1494 3109 nostri
1504 3063 1592 3109 anno
1608 3049 1746 3111 sextos

103 3143 324 3220 depositiones
337 3144 472 3205 testium
482 3158 584 3220 super
597 3144 661 3205 hoc
670 3148 891 3222 receptorum,
989 3147 1162 3207 1100010111
1180 3145 1245 3216 die,
1263 3160 1328 3221 qua
1349 3145 1385 3205 iu
1406 3147 1539 3206 sanctos
1551 3145 1679 3207 relatus
1692 3148 1745 3208 est

103 3238 138 3301 do
163 3241 275 3317 ipsius
299 3240 478 3303 virtutibus
498 3243 532 3303 et
553 3240 791 3319 miraculorum
810 3242 895 3303 insi·
947 3243 1001 3305 uir
1030 3242 1103 3316 Dei,
1127 3257 1182 3302 res
1209 3241 1371 3318 stupenda
1397 3241 1518 3303 accidit
1549 3242 1738 3318 Ulyshonae.

101 3337 185 3412 sniis
205 3336 368 3399 certiores
388 3337 510 3411 0110011,
525 3341 559 3399 01
570 3340 699 3416 experti
713 3339 893 3416 aliquando
947 3340 1034 3401 Nam
1043 3339 1076 3401 et
1090 3338 1155 3399 uiri
1170 3339 1204 3400 et
1217 3338 1361 3400 roeminae
1376 3339 1473 3400 extra
1487 3338 1601 3400 domos
1615 3339 1651 3399 in
1667 3339 1741 3415 pla-

100 3448 155 3508 por
165 3435 322 3511 nosipsos
336 3435 546 3497 sanctitatem
555 3437 645 3508 uitae,
659 3438 693 3499 et
710 3435 895 3499 admirabi·
947 3437 1012 3501 teis
1027 3435 1215 3507 cantabant,
1230 3437 1264 3497 et
1276 3435 1514 3512 tripudiabant,
1526 3438 1560 3498 et
1574 3451 1749 3512 campanus

101 3527 161 3590 lem
197 3532 486 3595 conversationem
519 3531 653 3608 ipsius3
683 3533 797 3609 utpote
836 3535 893 3611 qui
948 3549 1063 3596 omnes
1083 3533 1187 3596 totius
1209 3532 1367 3605 ciuitatis,
1383 3532 1476 3592 nullo
1497 3547 1555 3593 eas
1574 3534 1740 3606 movente,

101 3624 183 3699 apud
199 3640 261 3686 nos
274 3624 339 3686 iuit
353 3624 550 3703 aliquandiu
572 3626 787 3690 laudabiliter
808 3643 893 3690 con·
948 3629 1195 3706 concrepabant
1218 3630 1440 3705 agragianas
1463 3631 1618 3705 poteraut
1630 3645 1666 3690 se
1681 3629 1745 3690 ho-

99 3721 250 3782 uersatus
274 3738 282 3782 :
312 3721 438 3784 eisdem
471 3726 639 3801 episcopo,
663 3725 827 3802 potestate
853 3740 894 3787 ac
947 3728 1055 3790 mines
1070 3726 1238 3801 cohibere,
1254 3726 1334 3804 quin
1347 3742 1384 3788 se
1398 3726 1523 3788 laetitiae
1539 3728 1572 3788 et
1585 3726 1741 3803 tripudiis

100 3829 284 3890 commune,
301 3819 482 3895 predictis,
496 3838 557 3898 per
571 3823 738 3885 solemnes
753 3821 893 3883 nuncios
947 3825 1075 3887 darem.
1090 3827 1139 3886 lla
1153 3825 1263 3885 autem
1281 3839 1319 3884 re
1339 3824 1376 3884 in
1395 3823 1533 3885 multam
1548 3824 1616 3884 illis
1630 3824 1747 3886 admi-2

99 3927 186 3987 suos,
202 3915 387 3988 oblitteras,
403 3917 501 3979 nobis
513 3934 588 3981 cum
602 3919 765 3981 instantia
783 3918 892 3980 denuo
946 3922 1112 3985 rationem
1134 3920 1296 3989 adductis,
1313 3935 1379 3982 non
1403 3921 1461 3981 diu
1485 3924 1558 3998 post
1577 3936 1741 3997 superue-

100 4011 400 4087 supplicantibus:
429 4016 515 4092 quod
559 4016 711 4094 eumdem
756 4016 892 4078 fratrem
946 4035 1026 4082 nere
1041 4034 1085 4080 ex
1098 4018 1195 4080 Italia
1216 4017 1348 4086 iratres,
1371 4034 1511 4095 quorum
1527 4019 1635 4080 relatu
1650 4019 1739 4080 didi-

98 4110 289 4171 sauctorum
303 4110 455 4187 catalogo
467 4111 659 4175 adscribere
674 4129 890 4177 curaremus:
947 4117 1075 4190 cerunt,
1096 4116 1169 4193 ipso
1190 4115 1245 4176 die
1266 4115 1436 4176 inusitatae
1451 4115 1577 4176 laetitiae
1590 4131 1672 4186 suae,
1687 4115 1742 4177 vi-

98 4204 133 4264 ui
158 4207 362 4269 auctoritate
380 4206 483 4286 (sicut
508 4210 677 4290 convenit)
702 4211 893 4289 apostolica
946 4229 1021 4275 rum
1041 4212 1174 4275 beatum
1190 4211 1225 4272 in
1242 4213 1439 4273 Sanctorum
1453 4210 1529 4272 albo
1540 4212 1746 4288 inscriptum

95 4297 217 4376 dignus
237 4302 347 4365 honor
361 4304 411 4365 illi
425 4306 641 4370 exhiberetur
655 4308 690 4369 in
708 4310 818 4381 terris,
835 4311 893 4387 qui
947 4310 1062 4372 tuisse.
1075 4313 1252 4371 innumera
1273 4311 1308 4371 et
1328 4324 1448 4383 magna
1466 4310 1543 4369 sunt
1557 4307 1746 4382 mirabilia,

95 4397 182 4461 sicut
194 4400 295 4462 claris
312 4401 430 4478 signis,
446 4405 480 4466 et
489 4405 698 4468 euidentibus
712 4422 893 4482 argumen-
946 4407 1160 4486 quihusDeus
1167 4408 1318 4468 sanctum
1326 4405 1432 4467 uoluit
1438 4405 1643 4482 glorificare3
1656 4407 1740 4469 adeo

93 4492 136 4554 tis
147 4499 299 4572 apparet,
315 4498 502 4562 honoratur
514 4502 551 4561 in
564 4503 657 4564 coelis
673 4524 681 4563 ι
697 4503 817 4579 ipsum.
835 4503 892 4580 qui
946 4504 1132 4581 frequentia
1150 4505 1184 4565 et
1206 4504 1365 4580 perpetua
1388 4501 1509 4579 ubique
1526 4504 1663 4565 Antonii
1675 4506 1741 4565 mi-

93 4593 314 4667 corporaliter
347 4595 530 4659 dissolutus
559 4614 634 4660 cum
658 4600 792 4662 Christo
818 4616 892 4662 esse
946 4601 1072 4673 racula,
1085 4604 1122 4662 ut
1135 4602 1249 4662 inuno
1263 4599 1562 4677 perpetuohaerere
1577 4602 1739 4663 miraculo

93 4688 220 4751 meruit
234 4689 268 4750 in
279 4691 483 4763 coelestibus,
497 4710 539 4756 ne
549 4694 642 4757 illius
654 4696 786 4769 honori,
799 4697 893 4759 etde·
945 4698 1109 4770 videatur,
1126 4697 1378 4774 mirabiliusque
1401 4697 1437 4757 in
1459 4696 1517 4758 illo
1539 4697 1740 4759 101010101-

93 4780 175 4856 bito,
193 4787 227 4847 et
246 4787 364 4863 gloriae
383 4788 560 4853 detrahere
579 4793 820 4869 quodammodo
839 4795 893 4857 ui·
945 4794 1070 4857 raculis
1084 4809 1229 4866 cessare,
1244 4810 1343 4871 quam
1359 4794 1504 4870 operari.
1517 4793 1628 4855 Rebus
1643 4795 1742 4855 miri-

92 4876 261 4955 deremur,
273 4884 304 4944 si
319 4885 577 4961 glorificatuma
597 4891 739 4953 Domino
753 4891 893 4968 permit·
946 4893 1008 4954 tice
1020 4893 1123 4968 gestis
1139 4892 1223 4953 adeo
1245 4891 1438 4953 nobilitatus
1450 4892 1511 4964 est,
1524 4894 1560 4952 ut
1574 4890 1740 4953 interdum

92 4976 242 5040 tenemus
252 4980 393 5043 ulterius
403 4983 549 5046 humana
561 4985 736 5049 deuotione
746 4988 889 5064 privari:
945 5005 1013 5051 non
1035 4990 1077 5050 ad
1092 4990 1336 5060 necessitatem,
1360 4989 1418 5050 sed
1440 4988 1481 5050 ad
1499 4987 1740 5065 jucunditatem

92 5070 133 5133 de
148 5072 293 5137 trabum
307 5081 498 5141 nostrorum
515 5083 667 5157 consilio,
687 5085 720 5145 et
734 5084 892 5159 praelato-
947 5085 998 5167 (ut
1011 5088 1053 5149 ds
1074 5088 1182 5148 sancti
1206 5086 1271 5148 viri
1295 5088 1390 5162 patre
1415 5088 1450 5146 Β.
1467 5085 1645 5146 Francisoo
1659 5085 1739 5162 qui·

92 5184 170 5229 rum
186 5172 334 5234 omnium
346 5176 425 5236 tunc
436 5178 521 5252 apud
535 5180 653 5241 Sedem
668 5180 890 5257 Apostolicam
945 5184 1021 5245 dam
1041 5182 1140 5262 dixit)
1163 5198 1310 5260 praesens
1325 5183 1385 5243 Dei
1409 5182 1574 5242 auxilium
1593 5182 1625 5242 01
1641 5181 1739 5243 obla-

91 5264 322 5344 existentium,
348 5272 500 5349 catalogo
523 5277 714 5338 sanctorum
735 5276 890 5339 duximus
944 5283 1015 5344 tum
1040 5280 1220 5341 uideretur.
1249 5279 1350 5340 Plura
1374 5281 1500 5355 praeter
1526 5278 1633 5340 relata
1662 5282 1740 5342 sunt

92 5362 892 5450 adscribendum.Gumigitursecundumeuange·
945 5376 1156 5438 admirabilia
1179 5376 1246 5436 viri
1269 5390 1381 5452 opera,
1404 5390 1477 5451 quae
1499 5375 1615 5436 ultima
1630 5375 1739 5452 capito

127 5490 156 5561 (¹
195 5494 400 5565 amc.,n‚ro.
981 5505 1233 5578 0)ιιιιιι.,ι,10.

128 5563 162 5634 (2
188 5564 358 5636 llarc.,xv1,
374 5569 421 5627 20.
727 5596 729 5599 ·

244 5703 356 5748 1111101.
376 5692 458 5750 10111
471 5696 517 5753 Vl.
