3950 6200
478 306 601 370 375
1334 292 1401 353 3.
1447 284 1888 351 FRANCISCI
1928 237 2383 378 ,13313111τὶ3
2427 277 2884 339 croscum.
3601 277 3699 338 370

482 388 3698 449 ...-..-.-----·-------------—·--·----··--

1338 748 1620 839 PARS
1708 744 2163 848 QUINTA.
2221 777 2294 791 -
2360 736 2912 826 ORACULA.

1059 1174 1963 1244 APOPHTHEGMATA
2033 1171 2111 1228 B.
2174 1163 2535 1226 PATRIS
2608 1163 3181 1224 FRANCJSCL

727 1411 1038 1463 Mom'rmu
1082 1409 1153 1458 m
1195 1404 1473 1456 PARTEM
1516 1397 1833 1462 mmmm.

556 1524 801 1584 Sanctus
840 1516 1200 1584 Franciscus‚
1252 1521 1315 1572 ut
1351 1526 1521 1571 nemo
1558 1505 1752 1572 nescit,
1807 1498 1876 1556 ad
1915 1496 2064 1598 bene

492 1610 803 1687 agendum,
849 1615 1003 1665 recte
1040 1613 1097 1663 et
1137 1605 1228 1678 pie
1257 1600 1559 1659 vivendum
1590 1601 1761 1652 totum
1791 1602 1854 1686 30
1886 1585 2062 1687 dedit,

489 1703 690 1773 Neque
719 1710 970 1769 unquam
1000 1692 1201 1752 laudes
1234 1693 1291 1749 in
1323 1683 1571 1747 docendo
1608 1680 1929 1775 concupii-nt
1958 1688 2064 1731 vm

487 1788 768 1847 subtiliter
796 1784 1156 1857 disputantia,
1189 1787 1284 1838 aut
1310 1770 1648 1848 elegantiam
1681 1766 1737 1821 in
1763 1761 2066 1821 scribendo

489 1874 833 1936 adhibentis.
887 1873 973 1931 Ad
1014 1873 1234 1929 animos
1270 1858 1609 1922 audientium
1648 1851 2067 1925 permovendos

489 1973 550 2025 et
562 1963 736 2023 corda
755 1960 1158 2020 inflammanda
1177 1951 1345 2012 divini
1366 1943 1573 2004 amoris
1594 1941 1750 2015 igne,
1773 1943 1828 1997 vi
1851 1955 2063 2014 magna

488 2053 760 2128 praeditus
789 2049 911 2120 suit,
936 2064 1058 2123 quae
1082 2041 1302 2102 solertia
1324 2032 1549 2105 quidem
1580 2044 1695 2086 non
1723 2030 1925 2088 caruit.
1956 2030 2068 2089 Sed

492 2144 581 2201 vir
603 2141 848 2215 simplex
871 2146 928 2197 et
951 2131 1189 2196 humilis,
1220 2124 1314 2196 qui
1340 2135 1402 2177 se
1430 2119 1665 2176 idiotam
1697 2118 2068 2192 profitebatur

495 2232 833 2307 saepissime,
874 2228 1041 2286 libros
1074 2214 1311 2277 condere
1349 2222 1463 2265 non
1493 2215 1583 2266 est
1620 2222 1908 2282 agressus.
1943 2209 2069 2267 Fuit

495 2331 703 2397 potens
742 2322 802 2379 in
845 2322 1118 2377 sermone,
1156 2301 1257 2358 suit
1294 2304 1498 2370 potens
1540 2305 1598 2355 et
1642 2298 1700 2356 in
1744 2313 1940 2370 opere.
1970 2299 2066 2367 At,

497 2411 643 2472 nihil
669 2411 740 2471 ad
767 2408 888 2482 ejns
914 2398 1142 2475 gloriam
1168 2386 1388 2461 proficit
1424 2387 1474 2443 si
1503 2387 1650 2445 inter
1680 2388 1990 2460 scriptores
2014 2387 2066 2444 ei

501 2504 689 2560 losaemen
757 2482 1236 2560 „5552Marwa-iuius.
1310 2477 1575 2534 Socrates
1662 2476 1891 2549 quidem
1950 2489 2066 2532 non

501 2596 741 2664 iit-ripen-
777 2584 870 2652 Qui
914 2568 1207 2640 illm-istulus
1235 2563 1343 2621 sibi
1379 2563 1665 2634 formavit,
1695 2573 1754 2622 et
1782 2579 1961 2639 usque
1996 2563 2069 2621 ad

505 2692 689 2740 mmm
725 2676 958 2736 usuum-1]
994 2660 1062 2712 ab
1090 2651 1352 2710 [munibus
1378 2654 1618 2728 agnosci
1648 2652 1817 2711 debet
1848 2660 1911 2711 ut
1940 2667 2065 2710 ma-

505 2777 677 2845 gist-31*
713 2773 894 2817 aarum
942 2749 1030 2817 [sul
1078 2741 1450 2814 ]·=l=ilosophiae
1492 2756 1728 2814 operam
1765 2739 2062 2798 dederunt.

505 2857 653 2929 Qum}
689 2841 986 2913 ΗιηωμΙιῡιι
1014 2841 1066 2885 vi.
1098 2833 1251 2886 vtato
1277 2828 1551 2899 fecerunt,
1584 2829 1694 2887 hoc
1719 2836 1776 2887 et
1805 2827 2067 2902 discipuli

505 2953 557 3007 5,
609 2929 870 2997 frain-ism
906 2925 1090 2977 *conati
1142 2926 1273 2975 aunt
1311 2916 1561 2988 efficere,
1602 2918 1864 2975 videlicet
1904 2918 2061 2975 colli·

500 3025 680 3108 gendo
703 3015 888 3080 verba,
921 3005 1387 3080 apophtegmatis,
1414 3007 1716 3078 colloquia,
1747 3021 2065 3076 sermones,

498 3106 797 3194 parabolas,
850 3103 907 3154 et
961 3094 1070 3151 alia
1129 3091 1476 3165 hujusmodi.
1531 3095 1651 3152 Nec
1702 3094 1907 3151 mirum
1958 3099 2064 3151 est.

496 3202 815 3273 Quanquam
840 3198 955 3242 non
978 3183 1052 3240 sit
1074 3181 1213 3240 illud
1237 3183 1559 3242 vocandum
1592 3198 1757 3256 opus,
1788 3183 1880 3240 vel
1905 3196 2071 3255 opus·

493 3289 674 3351 culum
713 3277 767 3333 S.
813 3271 1099 3330 Francisci
1130 3271 1357 3344 proprie
1386 3272 1622 3330 dictum.
1664 3274 1728 3330 ln
1773 3270 1865 3328 his
1901 3272 2067 3343 quasi

492 3368 733 3443 reliquiis
760 3361 1121 3434 colligendis,
1154 3368 1270 3420 tota
1294 3367 1382 3419 est
1411 3376 1545 3434 pars
1572 3362 1790 3435 quinta,
1818 3376 1946 3433 quae
1974 3359 2071 3418 hic

567 3458 727 3515 nitur.

494 3477 618 3605 poIn
641 3540 731 3597 illa
760 3546 920 3611 parte
954 3539 1392 3613 Opusculorum,
1420 3554 1521 3613 pro
1548 3552 1711 3597 more
1739 3553 1866 3609 suo,
1904 3538 1967 3597 P.
1998 3536 2070 3596 de

488 3639 565 3697 La
592 3631 748 3699 Haye
782 3628 973 3686 omnia
1018 3629 1242 3698 miscet,
1275 3630 1468 3686 omnia
1499 3630 1625 3686 sine
1654 3627 1853 3687 ordine
1884 3628 2064 3702 ponit.

481 3724 614 3791 Quae
660 3729 765 3772 nos
808 3715 880 3773 ad
918 3717 1214 3775 meliorem
1257 3715 1491 3775 modum
1529 3717 1951 3787 ordinavimus,
1985 3718 2070 3774 sic

480 3803 821 3877 dividenda:

549 3896 616 3952 In
640 3893 824 3965 primo
843 3891 971 3949 loco
997 3900 1162 3950 erunt
1185 3892 1693 3963 Apophtbeomata;
1714 3894 1773 3950 in
1793 3893 2066 3964 secundo,

480 3981 752 4049 oracula,
787 3981 914 4037 sive
951 3980 1126 4037 verba
1166 3980 1314 4038 vivae
1347 3981 1507 4038 vocis
1545 3996 1672 4053 quae
1708 3988 1886 4039 testes
1910 3982 2071 4040 omni

479 4068 592 4129 tide
615 4068 778 4143 digni
803 4068 1077 4139 retulere3
1105 4069 1162 4125 in
1186 4070 1371 4138 tertiO,
1397 4070 1688 4142 colloquia
1708 4071 2070 4142 familiai-iffi

478 4160 539 4216 in
571 4166 794 4230 quarto,
833 4158 1129 4215 Parabolae
1174 4165 1231 4215 et
1267 4160 1564 4229 Exempla,
1598 4158 1803 4231 quibus
1846 4161 1906 4218 in
1944 4175 2065 4217 ser-

480 4246 825 4305 mocinando
874 4262 1015 4304 usus
1068 4254 1185 4316 est;
1244 4247 1301 4305 in
1360 4248 1579 4320 quinto,
1623 4248 1967 4319 Prophettm
2010 4249 2069 4306 in

479 4344 641 4394 sexto
671 4334 916 4409 denique
939 4336 1376 4394 Bemdictiones.
1454 4335 1658 4411 (Edit.)

734 4549 1053 4596 Moru'rtm
1093 4551 1165 4597 IN
1207 4550 1819 4597 APOPHTHEGMATA.

563 4683 1044 4759 compendiosa
1079 4685 1146 4744 et
1186 4685 1365 4745 seria
1415 4701 1804 4761 magnorum
1845 4685 2070 4747 homi-

483 4795 643 4841 num
674 4778 871 4850 dicta,
901 4778 1224 4854 etgraves
1254 4781 1660 4858 eruditaeque
1691 4786 2071 4845 sanctorum

482 4878 784 4940 virorum
811 4877 1181 4947 sententiae,
1207 4878 1432 4952 magni
1458 4880 1610 4940 sunt
1643 4878 1968 4950 facienda,
1999 4882 2075 4941 ut

484 4974 638 5050 pote
669 4990 816 5050 quaa
845 4972 966 5034 sub
999 4976 1235 5050 paucis
1264 4974 1489 5035 verbis
1532 4991 1774 5051 magna
1805 4978 1872 5037 et
1907 4992 2071 5038 sana

488 5070 1061 5148 comprehendunt
1106 5071 1411 5132 consilia.
1456 5072 1712 5133 Etenim
1749 5073 2071 5134 salutaria

486 5169 760 5239 monita,
807 5168 1042 5243 gratiae
1107 5168 1248 5231 sale
1288 5169 1575 5241 condita,
1632 5169 1857 5247 probis
1898 5186 2074 5248 prae-

487 5263 645 5327 bant
673 5265 1075 5337 hominihus,
1110 5267 1182 5328 ut
1227 5268 1455 5342 aperte
1502 5283 1735 5328 verum
1783 5268 1870 5329 sit
1904 5268 2072 5329 illud

489 5363 908 5425 Ecclesiastae
970 5385 986 5424 ε
1043 5366 1260 5425 Verba
1314 5367 1461 5426 oris
1523 5367 1858 5441 sapientis
1895 5381 2072 5443 qra-

493 5460 624 5531 tta,·
650 5460 829 5535 quia,
870 5460 941 5521 ut
972 5460 1191 5536 inquit
1241 5463 1566 5539 LyranuS,
1604 5478 1755 5523 eum
1790 5462 2077 5525 reddunt

564 5596 645 5670 (1)
668 5599 881 5656 Bonav.
908 5599 963 5655 in
991 5600 1130 5672 Lag.
1158 5599 1380 5673 majori,
1413 5616 1464 5659 c.
1489 5603 1574 5659 12.

2173 1376 2309 1436 Deo
2339 1375 2406 1437 et
2429 1374 2812 1437 hominibus
2833 1374 3223 1451 gratiosum,
3246 1373 3560 1451 Improbis
3585 1390 3714 1436 veru

2173 1472 2239 1534 et
2267 1473 2551 1550 putridis
2581 1488 2811 1534 eorum
2833 1472 3128 1534 moribus
3146 1472 3352 1533 salem
3382 1471 3710 1542 infundunt,

2173 1583 2418 1647 eosque
2488 1585 2624 1631 non
2683 1569 2925 1633 leviter
2988 1569 3236 1631 fricant
3292 1571 3361 1631 et
3436 1571 3712 1646 pungunt.

2186 1669 2424 1739 Verba,
2462 1666 2680 1743 inquit
2722 1667 2895 1729 idem
2949 1669 3179 1729 Praeco
3231 1665 3434 1746 (Eccl.
3476 1664 3712 1743 111,11).

2172 1765 2566 1838 sapientum
2591 1766 2769 1827 sicut
2796 1766 3060 1826 stimuli
3086 1765 3196 1841 qui
3223 1764 3468 1825 acriter
3498 1762 3711 1842 (expli-

2175 1862 2283 1924 cat
2304 1861 2480 1923 (ilos,
2508 1861 2839 1941 interlin.)
2872 1863 3242 1938 pungentes
3271 1861 3520 1938 pigros,
3551 1863 3610 1922 et
3636 1876 3723 1921 ex·

2176 1958 2454 2021 citantes
2486 1960 2958 2033 somnolentOS,
2988 1974 3124 2021 non
3154 1960 3522 2037 palpanteS,
3565 1974 3663 2019 eos
3690 1972 3722 2017 a

2175 2057 2357 2118 vitiis
2395 2057 2749 2119 retrahunt
2789 2059 2855 2119 et
2906 2057 3255 2119 reducnut.
3311 2057 3498 2117 Talia
3537 2057 3721 2116 autem

2176 2155 2517 2216 Francisci
2555 2153 2764 2216 fuisse
2805 2154 3012 2216 verba
3060 2156 3130 2216 et
3182 2154 3566 2225 sententiaa,
3619 2153 3723 2212 do-

2177 2252 2281 2314 cet
2308 2254 2381 2313 D.
2434 2253 2907 2315 Bonaventura
2937 2250 3060 2331 (1),
3113 2252 3341 2313 dicens
3370 2267 3386 2312 :
3415 2248 3727 2312 Nesciebat

2178 2348 2554 2426 aliquorum
2603 2349 2835 2426 culpas
2893 2348 3199 2426 palpare,
3267 2348 3382 2409 sed
3437 2361 3724 2423 pungere;

2176 2461 2299 2507 nec
2341 2446 2546 2507 vitam
2589 2444 2817 2508 fovere
2859 2445 3303 2523 peccantium,
3355 2444 3471 2506 sed
3519 2457 3725 2520 aspera

2174 2544 2632 2621 increpatione
2653 2543 2896 2604 berire.
2930 2544 3070 2605 Nec
3117 2542 3330 2603 ullum
3357 2558 3445 2604 ex
3467 2557 3576 2603 ore
3608 2543 3725 2616 ejus

2175 2641 2450 2704 verbum
2476 2640 2780 2719 prodibat
2829 2641 3196 2718 insipidum
3244 2641 3361 2702 aut
3412 2640 3725 2709 insulsum,

2176 2738 2292 2800 sed
2324 2738 2827 2807 sententiosum,
2859 2739 2924 2800 et
2966 2739 3254 2816 Spiritus
3285 2738 3499 2799 sancti
3525 2736 3725 2813 gratiae

2176 2837 2243 2899 et
2268 2836 2513 2898 virtute
2540 2850 2922 2913 respersum
2946 2834 3065 2915 (2).
3084 2853 3122 2896 ‹
3142 2836 3368 2907 Erant,
3402 2835 3609 2912 inquit
3631 2836 3729 2894 Bo-

2176 2934 2572 3006 naventura,
2596 2933 2808 3009 ipsius
2846 2932 3113 3010 eloquia
3148 2948 3283 2994 non
3345 2932 3590 3003 inania,
3633 2944 3735 2990 nec

2177 3031 2321 3093 risu
2348 3031 2570 3106 digna,
2600 3030 2712 3091 sed
2745 3030 2988 3092 virtute
3013 3030 3298 3107 Spiritus
3326 3029 3548 3092 Sancti
3567 3028 3734 3106 plena

2177 3129 2501 3192 medullas
2549 3128 2765 3190 cordis
2805 3128 3250 3204 penetrantia,
3299 3128 3393 3191 ita
3442 3128 3605 3189 utin
3633 3142 3733 3186 ve-

2177 3228 2548 3289 hementem
2606 3229 2945 3302 stuporem
2998 3225 3344 3287 audientes
3413 3226 3735 3287 converte-

2178 3326 2346 3387 rent.
2391 3323 2477 3386 Ut
2512 3338 2646 3384 non
2700 3322 3115 3385 incommode
3175 3322 3238 3383 01
3276 3321 3737 3384 accommodem

2175 3422 2295 3483 illa
2332 3420 2484 3485 Jobi
2529 3420 2827 3482 modesta
2875 3419 2956 3482 de
3023 3435 3095 3480 30
3161 3420 3512 3481 encomia:
3557 3420 3740 3480 Auris

2176 3522 2464 3580 audiens
2511 3518 2850 3589 beatificat
2886 3532 3019 3578 me.
3071 3519 3198 3583 Qui
3236 3532 3349 3578 me
3382 3515 3737 3582 audiebant,

2177 3615 2632 3690 expectabant
2695 3616 3148 3687 senientiam,
3206 3615 3276 3675 et
3346 3614 3595 3675 intenti
3646 3612 3739 3672 ta-

2178 3714 2416 3775 cebant
2446 3715 2535 3775 ad
2579 3715 2940 3774 consitium
2985 3726 3239 3772 meum.
3306 3714 3542 3773 Verbis
3592 3711 3740 3770 meis

2177 3813 2346 3873 nihil
2417 3813 2673 3872 addere
2740 3809 3114 3879 audebant,
3177 3810 3248 3870 et
3325 3823 3545 3884 super
3619 3811 3741 3868 illos

2176 3909 2474 3970 stucabat
2500 3909 2841 3981 eloquium
2869 3920 3125 3968 meum.
3155 3905 3632 3981 Eaepectabant
3656 3916 3744 3964 me

2177 4006 2357 4067 sicut
2368 4008 2699 4080 pluviam,
2727 4005 2793 4065 et
2818 4018 2895 4065 os
2913 4018 3119 4065 suum
3138 4004 3545 4077 aperiebant
3570 4002 3743 4077 quasi

2177 4107 2267 4165 ad
2308 4104 2601 4164 imbrem
2624 4102 3034 4163 serotinum.
3058 4098 3286 4179 »(Joh‚
3317 4116 3509 4173 xm,
3537 4103 3630 4173 11,
3656 4099 3741 4166 21,

2176 4197 2312 4280 23.)
2336 4201 2434 4260 Ita
2459 4187 2544 4260 ex
2564 4213 2679 4259 ore
2709 4200 2853 4274 ejus
2875 4197 3251 4273 pendebant
3274 4200 3465 4272 socii,
3483 4200 3546 4260 et
3563 4195 3740 4259 verba

2179 4299 2323 4374 ejus
2353 4296 2602 4358 attente
2627 4293 2986 4357 audiebant
3011 4311 3150 4357 suae
3180 4297 3399 4358 aetatis
3437 4296 3738 4362 homines,

2181 4394 2253 4456 ut
2296 4394 2552 4454 nullum
2611 4393 2756 4454 sine
2803 4392 3268 4455 observatione
3316 4392 3743 4471 praeterirent.

2180 4491 2362 4564 Quod
2407 4493 2474 4552 et
2523 4507 2644 4553 nos
2670 4490 2896 4563 movit,
2956 4490 3039 4552 ad
3075 4490 3365 4552 aliorum
3396 4489 3738 4567 exemplar,

2180 4590 2295 4666 qui
2330 4587 2881 4665 Philosophorum
2911 4588 3340 4666 antiquorum
3386 4589 3661 4650 dicteria
3688 4585 3742 4643 et

2179 4686 2543 4748 sententias
2570 4685 3002 4761 collegerunt,
3029 4684 3384 4747 sollicitius
3409 4686 3540 4747 ista
3560 4687 3740 4745 Fran·

2179 4783 2342 4846 cisci
2417 4782 2802 4860 perquirere
2868 4781 3065 4854 dicta,
3126 4797 3338 4859 eaque
3401 4799 3533 4860 per·
3578 4778 3748 4844 varia

2180 4879 2409 4958 Capita
2440 4879 2773 4941 ordinare.
2810 4878 3124 4950 Quaedam
3156 4879 3405 4940 etenim
3436 4880 3592 4941 sunt
3616 4878 3747 4938 bre-

2179 4979 2390 5049 viora,
2438 4976 2915 5053 lepidioraque,
2973 4991 3119 5054 quae
3164 4976 3286 5036 sub
3332 4977 3744 5055 Apophtheg-

2180 5076 2430 5137 matum
2503 5072 2695 5135 titulo
2750 5095 2765 5133 :
2821 5073 2956 5134 alia
3034 5073 3364 5148 largiores
3444 5072 3744 5135 confabu-

2180 5172 2503 5245 lationeS,
2554 5186 2700 5246 quae
2764 5169 2885 5230 sub
2950 5170 3449 5247 colloquiorum
3508 5169 3747 5263 nomine

2181 5268 2651 5346 disposuimuS.
2728 5267 2879 5328 Alia
2957 5271 3115 5329 sunt
3177 5268 3578 5344 prophetiae,
3634 5263 3748 5326 alia

2181 5365 2518 5443 exempla3
2575 5364 2710 5425 alia
2759 5364 3113 5441 parabolae,
3165 5365 3300 5425 alia
3329 5365 3665 5427 breviores
3691 5360 3745 5420 et

2181 5462 2526 5538 graviores
2556 5462 2902 5523 sententiae
2929 5484 2944 5521 ε
2972 5477 3118 5539 quae
3145 5461 3287 5522 suis
3308 5462 3629 5540 appositis
3650 5473 3750 5520 nu·

2253 5601 2336 5675 (2)
2379 5598 2581 5670 Idem„
2608 5616 2657 5658 c.
2680 5602 2730 5659 3.
