3950 6200
16 324 17 365 ³
105 376 136 441 a
714 370 1109 435 perarmemus.
1642 446 1645 455 y
1684 373 1727 436 02

103 530 218 595 usuriis
243 529 285 591 de
308 531 461 607 ipsarum
489 530 703 607 proventibus
727 546 876 607 congrua
929 530 1089 592 Ecclesiae
1100 532 1255 592 cautione
1269 531 1726 594 sententiamrelaxenteam·

102 629 241 706 portione.
254 627 421 689 Nolumus
431 628 543 691 tamen
556 628 643 705 quod
659 644 718 706 per
731 629 794 690 hoc
806 629 875 705 juri
930 628 1016 700 dem,
1044 629 1077 690 et
1101 629 1250 704 injuncto
1272 629 1332 701 eis,
1352 628 1438 705 quod
1461 628 1502 689 de
1520 631 1597 705 Jure
1625 629 1730 693 luerit

103 726 222 802 alicujus
235 726 469 801 praejudicium
483 728 671 801 generetur.
688 726 781 786 Nulli
796 741 875 801 ergo
931 725 1181 801 injungendum,
1200 726 1235 786 in
1257 740 1358 791 causa
1379 725 1495 786 eadem
1512 727 1610 801 juxta
1629 727 1723 789 litte·

103 823 215 883 onuiua
246 823 422 884 bominum
459 822 560 884 liceat
593 823 681 884 hanc
717 823 874 900 paginam
929 835 1045 881 rarum
1068 821 1259 882 earumdem
1284 822 1472 883 tenorem...
1495 823 1626 884 ratione
1641 839 1724 900 pro-

102 922 203 981 nostrae
221 920 449 981 concessionis
465 920 661 996 infringere,
675 919 729 980 rel
744 920 775 981 ei
791 936 876 981 ausu

101 1017 254 1077 tamemrio
266 1017 448 1078 contraire.
469 1018 504 1078 Si
519 1018 594 1094 quis
608 1019 719 1079 autem
738 1018 802 1078 hac
819 1019 874 1078 at-

101 1116 208 1175 tentare
217 1115 479 1191 praesumpserit,
492 1114 754 1190 indignationem
767 1115 876 1176 omni-

16 1240 18 1245 >
102 1211 223 1286 potentis
248 1213 321 1284 Dei,
348 1214 381 1273 et
406 1213 578 1274 beatorum
605 1213 695 1274 Petri
721 1212 754 1272 at
780 1212 877 1273 Pauli

101 1307 311 1385 Apostolorum
335 1312 420 1386 ejus,
445 1326 480 1371 se
502 1309 632 1371 noverit
650 1310 874 1371 incursurum.

102 1405 197 1465 batum
211 1407 382 1479 Laterani,
398 1423 505 1469 nonas
521 1407 650 1484 aprilis,
666 1405 877 1483 pontificatus

103 1503 189 1564 aestu
201 1519 288 1567 anna
301 1504 444 1567 decimo.

402 1753 558 1841 CXXVI

101 1900 878 1978 11111111111111111111111111111

355 2002 601 2062 Paventinam.

364 2131 383 2187 a
399 2130 498 2203 aprilis
513 2132 592 2189 1116.

163 2248 310 2313 [liittarelli
325 2252 424 2303 Annei.
434 2253 587 2313 0111111111,
597 2254 640 2313 lv,
653 2268 713 2319 app.
730 2252 799 2319 111]

99 2372 135 2428 liis
156 2375 266 2433 mandat
291 2384 326 2434 ut
353 2379 527 2436 senteutiam
556 2379 875 2448 excommunicationis,

124 2476 198 2533 quam
218 2471 322 2521 contra
348 2465 483 2523 consules
506 2475 535 2524 et
557 2482 711 2524 commune
733 2468 819 2525 castri
842 2466 878 2525 de

124 2551 267 2623 tergerem
278 2568 344 2610 non
358 2553 485 2611 monitos
497 2556 543 2611 vel
557 2556 661 2613 citatos
674 2556 878 2629 promulgave-

122 2646 186 2706 rant,
195 2639 265 2698 intra
278 2649 352 2699 octo
362 2641 426 2699 dies
441 2644 578 2701 relaxent.

127 2766 281 2828 Honorius
294 2768 487 2845 episcopus,
496 2785 612 2831 servus
625 2785 797 2831 servorum
806 2770 876 2843 Dei,

99 2863 258 2925 venerabili
302 2864 440 2926 fratri...
482 2867 636 2944 episcopo
673 2867 706 2929 et
747 2867 885 2929 dilectis

99 2955 192 3020 iliis...
209 2963 436 3039 praeposita...
451 2964 484 3025 et
498 2967 537 3025 R.
552 2965 714 3025 canonico
739 2967 875 3027 Faven-

98 3054 170 3129 1111,
193 3060 342 3122 salutem
368 3060 401 3122 et
419 3062 645 3138 Apostolicam
669 3060 877 3125 benedictio-

99 3166 168 3214 aem.

128 3252 274 3315 consules
285 3255 323 3315 et
334 3269 508 3316 commune
523 3257 625 3318 castri
640 3256 680 3319 de
695 3259 878 3333 Vergareto

96 3345 174 3407 nobis
219 3352 461 3427 conquerendo
507 3355 745 3426 monstrarunt,
792 3354 878 3431 quod

77 3457 190 3505 rcum...
226 3448 504 3525 archipresbyter
542 3449 646 3526 plebis
676 3450 716 3511 de
739 3451 876 3523 Balnea,

97 3539 249 3604 bobiensis
278 3545 451 3617 dioecesis,
477 3546 517 3606 ad
541 3562 600 3608 vos
628 3549 742 3610 contra
772 3548 877 3609 abba·

96 3635 182 3698 tem...
200 3640 239 3703 de
253 3644 456 3717 vergonto,
473 3645 543 3703 et...
560 3644 600 3705 de
623 3647 779 3722 Trapeia,
801 3631 877 3707 aa...

97 3731 129 3794 de
140 3738 248 3814 Fajala
263 3738 411 3816 priores,
424 3741 457 3801 et
468 3741 627 3817 quosdam
643 3741 881 3803 aliasssobien-

98 3828 135 3889 sis
158 3833 314 3898 dioecesis
339 3852 441 3913 super
451 3840 529 3914 jure
553 3840 749 3915 patronatus
774 3840 880 3916 plebis

98 3929 226 4003 ejusdem
262 3933 407 3994 decimis
445 3936 478 3995 et
516 3935 616 3996 rebus
642 3937 720 3997 eliis
751 3938 880 3999 litteras

98 4025 291 4100 apostolicas
305 4030 527 4106 impetrasset,
537 4047 596 4093 vos
605 4048 663 4109 per
671 4036 879 4096 occasionem

98 4119 173 4184 illius
185 4126 349 4187 clausule
365 4127 499 4204 quidam
514 4129 573 4189 alii
593 4130 629 4189 in
644 4146 700 4194 eos
715 4147 782 4192 nan
804 4149 878 4193 mo-

101 4218 171 4281 nitos
193 4225 250 4285 rel
266 4224 398 4296 citatae,
415 4241 477 4287 nea
506 4242 542 4287 se
561 4225 802 4291 contumaciter
816 4230 879 4291 ad-

98 4320 256 4379 versantes
268 4319 343 4381 sine
358 4335 460 4381 causa
473 4322 667 4383 rationabili
683 4323 798 4385 contra
818 4341 880 4400 ge·

101 4414 206 4476 ucralis
225 4418 355 4478 statuta
370 4419 510 4479 Consilii
535 4422 880 4483 excommunuationis
912 4451 913 4456 1

100 4511 536 4591 sententiampromulgastis3
550 4517 880 4581 idcircodiscrelioni

100 4607 201 4671 resbae
227 4625 291 4687 per
317 4613 508 4687 Apostolica
523 4615 648 4692 scripta
673 4616 879 4689 mandamus,

101 4706 258 4779 1111611111,
288 4707 317 4768 si
344 4709 395 4771 est
419 4710 478 4782 ita,
501 4710 590 4773 inira
614 4713 688 4775 octo
713 4713 784 4774 dies
808 4715 883 4791 post

16 4839 17 4842 =
101 4805 330 4879 suceptionem
339 4808 554 4882 presentium
567 4811 766 4872 sententiam
774 4811 882 4887 ipsam

101 4894 162 4958 sine
180 4900 374 4964 difficultate
390 4905 537 4980 qualibet
559 4907 756 4970 relaxetis...
773 4908 881 4986 ipsam

99 4990 181 5065 juxta
189 4998 339 5073 priorum
353 5000 542 5063 litterarum
559 5005 798 5066 continentiam
819 5021 881 5066 ra-

101 5086 179 5154 tione
201 5095 327 5172 praevia
342 5101 549 5176 processurl;
571 5102 720 5178 alioquin
734 5118 881 5164 venera·
912 5151 913 5154 ¹

103 5180 151 5245 bili
180 5189 275 5253 lratri
313 5196 467 5256 nostro...
501 5198 656 5275 episcopo
689 5201 722 5260 et
751 5199 881 5262 dilectis

102 5276 203 5346 tiliis...
219 5288 332 5352 abbati
351 5293 466 5353 Sancti
493 5295 705 5356 Mercurialis
728 5297 798 5357 et...
825 5311 881 5358 ar-

104 5375 283 5448 chidiacono
305 5388 515 5451 Forolivensi
537 5393 659 5453 nostris
683 5393 799 5454 damus
820 5394 880 5456 lit·
911 5473 912 5476 Ἴ

103 5471 172 5537 tens
194 5480 226 5541 in
249 5484 428 5557 mandatis,
455 5490 491 5547 ut
518 5488 584 5565 ipsi
604 5489 724 5551 exinde
747 5494 881 5568 recepta

105 5571 432 5643 1111111111111
459 5600 560 5660 super
586 5586 650 5659 bis,
676 5603 735 5663 pra
762 5589 881 5666 quibus

105 5675 367 5740 excommunicati
399 5677 573 5753 habentur,
607 5684 705 5759 juxta
739 5681 880 5746 sormam

931 917 1060 986 cedant,
1077 919 1110 979 61
1119 918 1254 990 saciant,
1272 919 1359 995 quod
1372 919 1590 992 decreverint,
1608 922 1725 983 aucto-

931 1015 1029 1076 ritate
1044 1016 1160 1076 nostra
1176 1015 1506 1079 firmiterabservari.
1525 1016 1654 1088 Quod...
1670 1017 1725 1077 hle

932 1113 1191 1189 exsequendis...
1204 1113 1378 1184 interesse,
1392 1114 1430 1174 tu
1450 1113 1553 1175 irater
1570 1115 1725 1191 episcope

932 1225 1137 1272 cumeorum
1161 1211 1268 1272 altero
1290 1226 1364 1271 eam
1382 1210 1600 1272 nihilomiuus
1622 1226 1723 1273 exse-

932 1308 1056 1383 quaris.
1083 1309 1201 1369 Datum
1230 1308 1397 1379 Laterani,
1431 1310 1459 1369 V
1486 1308 1562 1369 idus
1593 1308 1723 1386 aprilis,

932 1405 1143 1482 pontificatus
1157 1405 1264 1467 nostri
1279 1420 1366 1466 anno
1381 1405 1522 1467 decimo.

1241 1647 1419 1735 CXXVII

952 1799 1006 1858 Ad
1023 1799 1179 1859 abbatem
1197 1800 1231 1860 et
1250 1800 1456 1859 conventum
1471 1802 1507 1860 S·
1523 1799 1709 1875 Arcprnttnt

978 1896 1191 1968 Centaurica,
1208 1898 1341 1984 arataeis
1355 1896 1475 1958 Sancti
1489 1896 1677 1957 Benedicti.

1215 2024 1345 2099 aepulis
1363 2027 1443 2084 laio.

1038 2148 1170 2213 [Dugdala
1183 2150 1292 2199 Monesi.
1307 2150 1417 2213 Augila,
1430 2151 1450 2209 Ι,
1465 2150 1519 2209 131,
1530 2164 1557 2200 n.
1569 2150 1619 2212 la]

933 2274 1066 2347 Indulget
1077 2282 1107 2331 ut
1121 2275 1205 2331 liceat
1217 2274 1260 2332 eis
1270 2276 1300 2332 in
1314 2276 1434 2348 propriis
1447 2275 1590 2349 parochiis
1604 2275 1730 2348 capellas
1818 2244 1829 2255 ’Δ

950 2369 1116 2419 construere
1131 2377 1166 2418 ac
1178 2363 1206 2418 111
1218 2363 1260 2420 eis
1272 2361 1379 2420 babere
1392 2364 1521 2435 proprios
1535 2363 1709 2436 capellanos.

973 2496 1727 2574 Honoriusepiscopus,servusservorumbei,

932 2594 1065 2656 dilectis
1080 2594 1159 2655 tiliis
1174 2594 1288 2656 abbati
1299 2597 1333 2656 et
1345 2596 1522 2657 conventui
1538 2596 1729 2658 sanctinu-

933 2692 1060 2770 gustiui
1087 2692 1295 2764 cantuariae,
1324 2693 1451 2753 ordinis
1479 2693 1592 2755 Sancti
1622 2695 1731 2754 Bene-

934 2790 1727 2866 dicti,salutemetApostalicambenedictionem.

973 2888 1017 2948 ut
1041 2887 1150 2963 gratia
1182 2887 1276 2948 Sedis
1308 2887 1519 2964 Apostolicae,
1550 2887 1604 2948 cui
1633 2886 1727 2947 nullo

933 2985 1043 3046 medio
1070 2984 1310 3046 monasterium
1332 2986 1479 3047 vestrum
1503 2985 1627 3057 subest,
1648 3000 1729 3059 erga

933 3097 993 3144 ras
1025 3082 1186 3166 appareat
1221 3081 1392 3144 fructuosa
1429 3080 1728 3159 supplicationibus

933 3180 1054 3241 vestris
1066 3179 1296 3241 favorabiliter
1316 3180 1514 3251 annuentes,
1530 3179 1729 3240 auctoritate

933 3276 1028 3337 vobis
1056 3276 1270 3352 praesentium
1305 3276 1532 3352 indulgemus,
1562 3275 1599 3337 ut
1627 3275 1729 3338 liceat

933 3373 1028 3434 vobis
1052 3374 1088 3433 in
1112 3374 1282 3451 parochiis
1304 3375 1450 3451 propriis
1476 3373 1621 3449 capellas
1647 3388 1730 3434 con-

934 3471 1075 3542 struere,
1092 3486 1132 3532 ac
1146 3471 1183 3531 in
1202 3470 1251 3531 eis
1267 3471 1391 3531 habere
1410 3470 1561 3548 proprios
1581 3470 1730 3545 capella-

933 3584 995 3630 nos
1014 3568 1087 3628 sine
1097 3567 1185 3645 juris
1200 3567 1394 3644 praejudicio
1409 3567 1523 3627 alieni.
1540 3566 1633 3627 Nulli
1648 3581 1728 3642 ergo

934 3665 1061 3727 homini
1073 3665 1173 3726 liceat
1185 3664 1271 3725 banc
1286 3665 1443 3741 pagiuam
1456 3664 1579 3725 nostrae
1590 3679 1730 3725 conces-

935 3763 1040 3824 sionis
1072 3762 1265 3838 inIringere,
1295 3761 1347 3823 vel
1373 3761 1404 3823 ei
1434 3777 1520 3822 ausu
1547 3759 1728 3822 temerario

935 3860 1112 3923 contraire.
1129 3860 1164 3920 Si
1179 3859 1253 3936 quis
1268 3858 1453 3920 autemboc
1467 3859 1632 3920 attentare
1641 3874 1730 3934 prae-

934 3957 1124 4035 sumpserit,
1140 3956 1402 4031 indignationem
1417 3954 1653 4032 omnipotentis
1668 3955 1728 4015 Dei

935 4056 968 4117 et
995 4055 1168 4115 beatorum
1198 4054 1290 4115 Petri
1317 4054 1349 4115 et
1377 4052 1473 4113 Pauli
1502 4049 1729 4128 apostolorum

935 4156 1007 4230 ejus
1027 4150 1213 4213 sanaverit
1234 4151 1458 4211 incursurum.
1484 4149 1602 4210 Datum
1626 4147 1729 4208 Late·

935 4249 1026 4321 rani,
1053 4251 1082 4310 V
1108 4248 1182 4309 idus
1215 4248 1348 4324 aprilis,
1379 4245 1592 4325 pontificatus
1623 4243 1729 4306 nostri
1797 4291 1801 4298 .

936 4363 1024 4409 anno
1039 4345 1178 4406 decimo.

1232 4566 1429 4653 dxxiiss

936 4718 1213 4781 navarraearum
1233 4719 1267 4778 S.
1295 4718 1472 4778 Michaelis
1491 4715 1699 4776 Virannenst
1718 4756 1726 4771 .

1209 4848 1243 4905 ll
1261 4847 1358 4920 aprilis
1377 4846 1456 4905 lito.

964 4975 1087 5038 [Regest.,
1098 4972 1144 5023 lib.
1155 4972 1190 5032 X,
1201 4971 1274 5035 epist.
1289 4971 1345 5021 267.
1356 4972 1414 5022 Mes.
1429 4970 1466 5020 La
1476 4969 1552 5019 Parte
1561 4967 1596 5018 dn
1605 4965 1699 5029 111111]

936 5095 1198 5170 suntaqaaedam,
1221 5094 1257 5151 ab
1277 5095 1404 5167 ipsorum
1425 5091 1526 5150 abbate
1549 5089 1726 5163 1116111111-

972 5202 1036 5244 mos
1056 5184 1174 5259 provide
1189 5183 1274 5254 lacta,
1295 5184 1462 5242 auctoritate
1476 5178 1639 5252 Apostolica
1657 5192 1727 5235 eon·

971 5275 1075 5334 tirmat.

975 5384 1155 5459 Honorius,
1189 5391 1264 5460 etc,
1294 5388 1423 5449 dilectis
1449 5384 1527 5445 filiis
1551 5385 1730 5447 conventui

937 5490 1051 5551 Sancti
1081 5487 1256 5549 Michaelis
1277 5482 1508 5554 virdunensis,
1535 5481 1675 5543 salutem
1697 5475 1731 5543 et

935 5585 1159 5665 apostolicam
1180 5583 1459 5645 benedictionem.

976 5687 1056 5746 Cum
1067 5699 1086 5746 a
1097 5682 1192 5745 nobis
1206 5682 1340 5759 petitur,
1355 5680 1430 5772 etc,
1444 5692 1551 5752 capae
1563 5675 1726 5738 effectum.
