3950 6200
850 216 1029 303 nouonn
1052 236 1097 297 111
1117 236 1265 300 ornan.
1398 293 1401 297 ⁴
1838 238 1879 301 os

548 404 703 491 cxxxi

306 557 358 615 Act
378 554 577 616 abbatemet
596 524 757 629 priorem
768 558 803 617 S.
817 558 951 618 Juliant

258 653 292 715 at
307 654 536 714 subdecanum
552 656 586 713 S.
609 654 756 713 Martini
772 656 996 716 Turonensis.

531 783 630 841 tmaii
647 784 725 842 laio.

269 909 389 972 [blegent.
407 906 453 959 lib.
466 908 498 978 X,
510 921 549 971 ep.
564 909 619 959 tol.
634 909 691 958 ldss.
705 909 743 958 lm
757 909 877 959 Portedl
890 907 985 972 smil]

212 1033 284 1089 ”Dat
297 1032 340 1088 eis
354 1032 531 1103 provinciam
554 1031 799 1105 archiepiscopum
826 1033 1027 1109 Turonensem

262 1120 486 1191 episcopumque
520 1121 765 1178 cenomanensem
799 1118 835 1176 ad
867 1135 899 1177 se
925 1133 1027 1177 coram

262 1206 426 1280 apostolica
445 1207 528 1277 Sede,
554 1207 625 1265 infre
649 1208 770 1265 duorum
791 1209 945 1265 terminum
971 1220 1026 1263 an·

263 1310 366 1353 norum
380 1296 540 1353 sistendum
552 1296 685 1370 cogendi,
708 1297 763 1352 nisi
787 1309 884 1363 causa,
900 1311 964 1367 que
978 1295 1025 1351 in·

262 1392 305 1442 ter
320 1385 398 1456 ipsos
410 1384 582 1454 vertebatur,
598 1385 814 1442 accommodata
829 1383 938 1442 imsset.

268 1521 446 1588 Honorius,
476 1522 551 1593 etc,
588 1520 716 1582 dilectis
751 1521 867 1581 filiis...
898 1518 1021 1591 abbati,

222 1619 298 1679 et...
315 1619 417 1694 priori
435 1620 467 1679 S.
483 1618 610 1679 tuliani
623 1620 692 1679 et...
706 1618 893 1679 subdecano
910 1616 1023 1677 Sancti

229 1716 365 1776 Martini
380 1716 595 1788 Turonensis,
611 1717 763 1786 salutem,
793 1716 854 1776 etc.

180 1880 185 1889 ¹
268 1812 485 1875 venerabiles
499 1812 618 1873 fratres
634 1813 776 1873 nostri...
794 1810 1024 1888 archiepisco·

229 1924 291 1986 pus
304 1910 507 1970 Turonensis
523 1910 590 1970 et...
609 1908 865 1969 Cenomanensis
888 1908 1021 1983 episco-

228 2022 291 2083 pus
302 2007 372 2066 suls
383 2006 480 2067 nobis
491 2006 610 2067 litteris
623 2006 829 2077 intimarunt,
847 2005 932 2082 quod
947 2020 1022 2063 cum

228 2119 288 2180 pro
304 2119 416 2175 causa,
437 2118 509 2180 quae
525 2103 666 2164 venitur
680 2103 768 2164 inter
782 2118 849 2172 eos,
864 2101 975 2161 essent
987 2100 1022 2159 in

229 2200 314 2262 festo
323 2201 516 2262 Natiuitatis
525 2201 704 2261 Dominicae
718 2200 758 2259 ad
773 2203 920 2260 nostram
935 2214 1023 2274 prae·

229 2298 371 2359 sentiam
400 2298 540 2369 evocati,
568 2296 759 2373 hujusmodi
793 2297 955 2357 terminus
982 2293 1022 2353 de

229 2396 402 2473 utriusque
416 2410 582 2457 consensu
597 2394 659 2455 fuit
674 2409 777 2471 usque
801 2393 841 2454 ad
858 2392 941 2453 duos
956 2407 1021 2452 an·

228 2508 290 2554 nos
305 2491 365 2553 sub
376 2508 433 2570 spo
448 2493 551 2568 pacis,
566 2493 599 2553 et
613 2490 798 2553 concordiae
811 2488 1019 2567 prorogatus,

231 2590 260 2650 si
272 2592 385 2651 tamen
407 2589 439 2650 id
454 2590 541 2650 esset
562 2589 727 2650 danastro
744 2585 1023 2663 beneplacitovo-

228 2687 379 2759 luntatis,
415 2687 651 2763 supplicantes,
686 2688 723 2746 ut
755 2686 861 2746 ratam
897 2681 1022 2742 habere

230 2784 498 2863 prorogationem
551 2781 740 2859 huJusmodi
796 2781 1020 2857 dignaremur.

230 2883 300 2943 Nos
320 2881 424 2958 igitur
448 2881 555 2942 ratam
570 2879 730 2940 babentes
754 2877 1022 2954 prorogationem

230 2977 390 3050 eamdem,
427 2977 620 3038 discretioni
654 2977 775 3037 vestrae
818 2990 878 3052 per
916 2978 1024 3050 Apos-

228 3075 331 3138 tolioa
358 3075 482 3151 scripta
514 3072 722 3146 mandamus,
744 3074 924 3150 quatenus,
955 3070 1024 3131 nisi

229 3174 408 3235 concordia
416 3172 636 3234 intervenerit
650 3171 738 3232 infra
750 3171 929 3232 terminum
942 3184 1025 3246 prae·

231 3274 392 3342 notatum,
411 3270 609 3331 animositate
622 3271 736 3330 nostra
753 3267 936 3345 injungatis
957 3267 1024 3326 eis-

230 3369 316 3439 dem,
331 3369 368 3429 ut
387 3374 467 3428 lunc
488 3381 548 3443 per
568 3382 615 3436 se,
637 3366 689 3427 vel
709 3380 769 3441 per
790 3364 1024 3440 procuratores

229 3465 367 3526 idoneos
383 3463 597 3540 compareant
613 3478 725 3548 coram
748 3460 844 3523 nobis
857 3476 930 3523 cum
946 3474 1026 3536 pro-

228 3561 429 3633 bati0nibus,
442 3562 476 3623 et
484 3558 669 3624 rationibus
680 3559 756 3619 aliis
767 3558 808 3619 ad
818 3559 927 3635 ipsam
935 3571 1025 3632 spec-

229 3660 377 3722 tentibus
389 3660 605 3736 quaestionem
623 3659 760 3733 J'ustam,
783 3657 920 3717 auctore
943 3657 1022 3725 Dea,

231 3757 430 3818 sententiam
442 3755 619 3832 recepturi.
633 3753 725 3826 Quod
738 3753 766 3813 si
779 3768 846 3813 non
857 3766 1023 3812 omnes...

232 3856 352 3917 natum
377 3853 545 3924 Laterani,
568 3854 612 3912 Vi
636 3851 797 3914 kalendas
818 3850 914 3920 maii,
936 3863 1025 3912 anno

232 3950 372 4011 decimo.

539 4117 714 4205 CXXXII

230 4270 282 4332 Ad
302 4269 511 4346 manistram
530 4274 565 4329 at
584 4266 716 4340 matres
731 4265 864 4327 militia
883 4267 1023 4338 Templi.

527 4396 630 4455 imaii
651 4396 730 4455 lats.

351 4521 442 4585 [Teium
458 4521 518 4570 Cod.
532 4519 637 4584 diplom.
651 4520 743 4583 flung,
760 4518 810 4583 lll‚!
819 4533 847 4576 11,
861 4518 913 4584 aa]

231 4645 405 4704 Donationes
428 4643 464 4700 ab
485 4642 598 4700 andrea
623 4657 693 4717 rege
715 4642 869 4717 Hungarise
892 4640 1026 4699 fratribus

264 4733 373 4790 militiae
382 4733 491 4804 Templi
506 4730 596 4789 factas
610 4739 740 4789 recenset
754 4738 784 4788 et
797 4731 956 4788 confirmat.

270 4866 438 4927 Honorius
448 4864 634 4940 episcopus
646 4879 762 4926 servus
771 4879 942 4924 servorum
952 4865 1022 4937 bei,

229 4964 358 5027 dilectis
383 4962 463 5022 liliis
487 4961 648 5036 magistro
663 4963 697 5023 et
714 4959 874 5024 fratribus
895 4961 1024 5021 militiae

229 5061 356 5137 Templi
369 5060 404 5120 in
416 5073 518 5134 regno
531 5058 712 5132 Hungariae
727 5058 926 5129 constitutis,
940 5058 1026 5118 salu·

231 5161 296 5220 tem
312 5162 345 5219 et
359 5156 582 5234 Apostolicam
597 5154 872 5215 benedictionem.

1088 395 1200 458 dilecti
1228 395 1300 468 filii,
1328 396 1447 458 vestris
1469 395 1571 473 justis
1601 395 1881 473 postulationibus

1083 494 1177 568 grato
1200 494 1437 554 concurrentes
1460 510 1612 565 assensu,
1628 495 1736 555 terras
1758 495 1792 555 et
1810 494 1880 556 alia

1084 589 1169 650 dona
1185 589 1278 649 vobis
1293 604 1313 649 a
1326 589 1500 650 carissimo
1516 589 1550 652 in
1565 589 1696 650 Christo
1711 589 1780 650 lilio
1794 605 1878 651 nos-

1084 688 1134 746 tro
1155 685 1298 757 andrea,
1315 686 1439 746 illustri
1453 702 1531 760 rege
1546 687 1738 763 Hungariae‚
1754 687 1811 763 pia
1830 687 1879 747 li-

1083 781 1258 843 beralitate
1284 782 1418 853 collata,
1443 784 1542 858 prout
1564 783 1599 844 in
1622 784 1728 859 ipsius
1756 783 1879 845 litteris

1083 879 1214 954 plenius
1229 880 1426 951 continetur,
1448 880 1534 941 sicut
1548 896 1587 940 ea
1607 881 1718 941 omnia
1733 880 1825 956 juste
1838 894 1881 940 ac

1082 976 1220 1051 pacifice
1239 976 1443 1047 obtinuistis,
1459 977 1553 1037 vobis
1568 980 1600 1039 et
1614 993 1674 1053 per
1688 993 1747 1037 vos
1765 975 1879 1037 domui

1084 1072 1211 1134 militiae
1227 1074 1355 1150 Templi
1369 1074 1567 1136 auctoritato
1580 1074 1770 1150 apostolica
1792 1088 1878 1134 con-

1083 1169 1264 1241 firmamus,
1291 1174 1324 1233 et
1347 1172 1520 1247 praesentis
1548 1170 1663 1246 scripti
1689 1169 1880 1246 patrocinio

1083 1268 1335 1327 communimus.
1362 1268 1408 1328 td
1429 1270 1590 1344 majorem
1614 1268 1724 1328 autem
1739 1267 1789 1329 rei
1803 1266 1881 1328 evi-

1082 1362 1239 1433 dentiam,
1263 1366 1411 1425 tenorem
1445 1366 1631 1426 litterarum
1665 1365 1811 1440 ipsarum
1836 1365 1881 1427 de

1083 1459 1183 1522 verbo
1198 1461 1391 1537 adverbum
1407 1461 1628 1538 presentibus
1652 1461 1808 1522 duximus
1821 1462 1881 1523 in-

1083 1558 1271 1629 serendum,
1289 1559 1346 1635 qui
1360 1559 1437 1622 talis
1453 1562 1525 1621 ests

1123 1657 1161 1716 In
1191 1656 1325 1716 nomine
1357 1659 1389 1717 S.
1420 1656 1606 1727 Trinitatis,
1633 1657 1666 1717 et
1694 1655 1880 1721 individue

1083 1753 1238 1814 Unitatis.
1266 1755 1440 1823 Hannone,
1463 1754 1520 1815 Dei
1545 1754 1652 1829 gratia
1680 1753 1878 1827 Hungariae,

1082 1851 1266 1923 Dalmatiae,
1288 1852 1441 1923 croatie,
1458 1854 1636 1926 Ramaeque
1656 1865 1729 1922 rex,
1744 1850 1779 1910 in
1793 1865 1878 1926 per·

1083 1949 1227 2022 petuum.

1123 2046 1212 2105 Inter
1234 2044 1328 2105 varia
1352 2044 1587 2105 sollicitudinis
1602 2043 1756 2105 humanae
1771 2058 1880 2104 exer·

1083 2140 1172 2207 cilia,
1200 2157 1240 2201 ea
1266 2141 1361 2201 nobis
1388 2142 1584 2216 praevalere,
1610 2141 1709 2202 etad
1734 2140 1879 2205 salutem

1082 2237 1269 2301 animarum
1295 2238 1456 2314 proficere
1477 2254 1662 2314 speramus
1684 2254 1784 2315 quum
1805 2239 1880 2298 uis·

1083 2350 1160 2397 cera
1193 2336 1326 2411 pietatis
1352 2338 1386 2397 et
1411 2335 1651 2397 misericordia
1676 2335 1879 2397 Christianae

1081 2433 1237 2508 religioni
1252 2433 1431 2494 clementor
1441 2432 1640 2508 aperientes,
1655 2433 1687 2493 et
1698 2431 1879 2506 religiosas

1081 2546 1253 2606 personas,
1269 2532 1302 2592 et
1316 2530 1475 2591 ecclesias
1494 2530 1553 2590 Dei
1571 2529 1607 2590 in
1626 2545 1687 2590 suo
1697 2532 1775 2605 jnre
1793 2544 1883 2590 oon·

1082 2625 1879 2702 servantes,adampliandamtldemcatholicam,

1081 2739 1177 2800 opem
1189 2726 1221 2785 et
1231 2739 1366 2799 operam
1376 2726 1499 2785 nostrae
1513 2723 1697 2801 majestatis
1712 2724 1745 2785 et
1759 2722 1882 2783 indus-

1080 2822 1155 2882 triae
1180 2821 1401 2882 inhonorum
1428 2836 1563 2880 suornm
1590 2821 1806 2897 protectione,
1836 2835 1880 2881 ac

1081 2918 1276 2980 defensione
1304 2918 1469 2979 ferventer
1495 2917 1728 2994 impendimus.
1757 2919 1881 2978 Atten-

1082 3016 1197 3077 denles
1227 3016 1330 3091 igitur
1365 3014 1558 3090 religiosam
1597 3015 1806 3075 devotionem
1840 3017 1879 3076 et

1081 3114 1234 3175 assiduos
1259 3113 1401 3182 labores,
1418 3113 1546 3174 militiae
1568 3112 1694 3189 Templi
1715 3112 1882 3173 Hieroso·

1081 3210 1245 3287 lymitani,
1259 3227 1341 3287 quos
1356 3211 1564 3272 incessanter
1575 3209 1746 3285 perierunt
1758 3210 1877 3270 contra

1081 3308 1236 3369 inimicos
1260 3307 1368 3368 crucis
1397 3307 1530 3378 Christi,
1560 3307 1594 3368 et
1624 3323 1679 3367 eos
1709 3307 1744 3365 in
1775 3306 1879 3366 corde

1082 3408 1195 3464 nostro
1210 3403 1422 3464 laudabiliter
1442 3403 1721 3475 commendantes
1738 3401 1878 3477 dignum

1081 3501 1237 3561 duximus
1256 3503 1290 3562 et
1306 3501 1475 3571 idoneum,
1493 3499 1707 3575 petitionibus
1727 3500 1877 3576 ipsorum

1081 3597 1213 3659 facilem
1227 3597 1377 3674 praebere
1395 3612 1578 3668 assensum,
1595 3597 1632 3657 ut
1653 3612 1709 3656 eos
1730 3597 1766 3655 in
1787 3595 1877 3656 bono

1082 3694 1268 3756 devotionis
1292 3710 1361 3754 suae
1387 3694 1566 3770 proposito,
1581 3693 1689 3767 gratia
1705 3692 1738 3753 et
1751 3688 1880 3753 virtute

1081 3791 1205 3867 regalis
1219 3791 1437 3861 excellentiae,
1454 3789 1645 3867 specialiter
1664 3788 1825 3858 fovemus,
1841 3789 1879 3850 et

1082 3889 1130 3948 sic
1146 3887 1256 3949 folleia
1276 3888 1362 3949 facta
1382 3904 1565 3958 servamus,
1592 3889 1625 3947 et
1647 3887 1770 3948 statuta
1792 3902 1875 3947 con-

1081 3986 1243 4047 firmando
1270 3985 1398 4047 illibata
1426 3984 1639 4047 custodimus.
1667 3986 1879 4059 Quapropter

1080 4082 1259 4159 cognoscat
1274 4084 1342 4144 tam
1356 4098 1506 4159 praesens
1523 4080 1724 4142 universitas
1746 4082 1876 4152 nostra,

1081 4198 1179 4258 quam
1195 4180 1319 4252 futura,
1337 4178 1423 4256 quod
1438 4195 1499 4240 nos
1513 4195 1573 4255 pro
1587 4178 1734 4239 remedio
1752 4178 1877 4239 animae

1081 4279 1204 4339 nostrae
1219 4284 1251 4338 et
1266 4291 1495 4338 successorum
1506 4277 1695 4336 nostrorum
1705 4276 1746 4335 ad
1758 4290 1876 4352 preces

1080 4375 1231 4452 magistri
1243 4377 1341 4446 Cone,
1355 4390 1394 4434 ac
1407 4373 1520 4434 fratris
1536 4373 1729 4444 FranconiS,
1745 4375 1777 4433 et
1789 4373 1879 4432 alio·

1079 4489 1155 4534 rum
1170 4472 1309 4534 fratrum
1321 4487 1426 4532 sacrae
1439 4470 1567 4532 militiae
1580 4470 1718 4546 Templi,
1733 4470 1766 4530 in
1780 4473 1876 4530 Hun-

1080 4571 1190 4646 garia,
1212 4584 1328 4631 omnes
1353 4568 1582 4644 possessiones
1608 4570 1641 4630 et
1659 4568 1770 4629 omnia
1787 4567 1875 4627 bona

1080 4667 1216 4729 mobilia
1237 4667 1270 4729 et
1291 4665 1474 4726 immobilia
1488 4665 1615 4741 Templi
1633 4663 1876 4740 Hierosolymi-

1079 4767 1161 4837 tani,
1178 4782 1252 4843 queo
1267 4766 1302 4825 in
1317 4764 1473 4823 universo
1486 4778 1591 4838 regno
1604 4764 1717 4822 nostro
1735 4763 1825 4837 juste
1839 4762 1875 4820 in

1080 4861 1334 4940 praesentiarum
1361 4859 1542 4937 possident,
1571 4860 1604 4921 et
1629 4860 1663 4919 in
1692 4865 1872 4934 posterum,

1080 4961 1258 5037 praestante
1272 4959 1422 5029 Domino,
1438 4959 1528 5034 juste
1544 4955 1698 5032 poterunt
1717 4954 1872 5029 adipisci,

1080 5073 1147 5118 una
1175 5072 1249 5117 cum
1277 5055 1429 5133 personis
1457 5055 1490 5115 et
1515 5053 1656 5112 subditis
1683 5066 1813 5123 eorum,
1837 5052 1874 5112 in

1080 5169 1183 5230 regno
1207 5157 1320 5214 nostro
1344 5151 1581 5221 habitantibus,
1604 5153 1637 5211 et
1661 5149 1872 5224 legationem,

269 5255 373 5315 Juslis
404 5252 586 5329 petentium
613 5250 789 5312 desideriis
811 5250 947 5326 dignum
976 5252 1027 5312 est
1081 5245 1873 5329 atquenegotiaTemplipraedictiexercentibus,

230 5366 292 5411 nos
315 5350 447 5412 facilem
469 5349 619 5427 praebere
642 5362 856 5420 consensum,
881 5349 914 5409 et
935 5351 1024 5420 uota,

230 5463 305 5525 quae
329 5462 349 5506 a
372 5447 546 5522 religionis
571 5444 705 5507 tramite
730 5459 796 5505 non
823 5444 1024 5518 discordant,

231 5544 353 5606 affectu
377 5544 598 5620 prosequente
623 5541 800 5618 complere.
830 5543 1025 5619 Eapropter,

1080 5350 1116 5409 in
1138 5348 1376 5425 protectionem
1400 5345 1501 5422 regiae
1526 5343 1729 5404 defensionis
1751 5345 1874 5405 nostrae

1081 5444 1291 5521 suscipimus,
1300 5442 1402 5504 utsub
1411 5442 1551 5504 tuitione
1560 5440 1874 5517 majestabsnostrae

1081 5542 1257 5618 gaudeant,
1283 5543 1318 5602 ut
1338 5540 1584 5618 prosperentur,
1610 5539 1647 5600 ut
1668 5553 1728 5599 neo
1750 5536 1872 5608 datam,
