3950 6200
92 261 127 324 e
710 265 937 331 aeternnm.
960 265 1039 329 nm.
1062 268 1102 328 x.
1184 341 1186 345 ,
1681 270 1722 329 ee

92 423 126 482 lt.
138 417 181 499 (l)
195 418 437 496 sanctinngeti
448 421 626 483 diaconum
641 424 730 484 eard.
746 425 786 485 de
798 440 879 485 nns-
930 425 1128 501 Apostolieis
1148 440 1248 501 super
1275 424 1362 487 lacto
1388 426 1551 487 baronum
1566 426 1731 499 obtentis,¹

96 521 139 579 tro
158 519 257 579 latere
280 518 504 591 mitteremus,
527 536 601 581 eum
627 520 667 580 ad
694 510 877 583 Romanam

932 522 1017 598 quod
1029 522 1069 583 ad
1087 520 1277 583 fidelitatem
1291 523 1380 582 tuam
1397 523 1543 594 redeant,
1561 525 1723 584 uttenen-

99 616 260 677 Ecclesiam
276 616 447 692 pertineat
473 617 537 677 hnc
560 618 740 692 negotium,
763 634 822 694 pro
838 634 877 680 eo
931 619 1006 693 tnr3
1021 635 1082 679 nec
1105 635 1164 696 per
1187 620 1219 679 te
1244 620 1296 681 vel
1313 620 1449 680 fratrem
1462 621 1555 681 tuum
1568 622 1625 681 aut
1638 621 1723 682 alios

101 713 172 791 qued
181 715 338 788 magistra
352 714 875 791 estipsatldei,cnjuseucidium,
931 731 1088 790 guerram
1110 731 1244 776 moveas
1265 715 1352 776 dieto
1372 716 1454 790 regi,
1471 716 1629 793 quamdin
1650 716 1725 776 ins-

102 812 249 886 tamquam
270 810 362 869 omni
374 826 491 871 rerum
508 810 680 886 dispendio
695 811 830 886 gravius
846 812 879 872 et

103 906 316 983 periculosius,
332 923 403 968 non
418 910 469 969 est
481 908 693 984 aliquatenus
709 908 879 969 sustinen-

102 1004 176 1063 dum.
191 1003 280 1065 Unde
294 1002 420 1065 iactum
446 1006 510 1076 est,
525 1004 613 1081 quod
633 1005 720 1065 idem
734 1020 796 1066 rex
815 1003 828 1082 (
850 1003 876 1082 l,

100 1100 268 1172 aelnsidut
287 1101 467 1173 eredimus,
494 1101 680 1163 devotionis
703 1117 876 1173 nocensne,

99 1214 164 1259 cum
188 1197 341 1258 omnibus
367 1196 436 1258 lere
462 1198 610 1273 praelatis
641 1200 674 1259 et
699 1198 878 1259 baronibus

20 1316 22 1319 ·
97 1295 184 1369 regui
197 1294 261 1366 sui,
282 1295 416 1369 signum
431 1295 540 1355 crucis
555 1295 737 1371 assumpsit
752 1295 793 1356 ad
808 1295 880 1357 hae-

97 1393 207 1452 reticos
232 1391 273 1451 de
298 1390 369 1451 illis
388 1391 538 1467 partibus
567 1392 791 1467 profligandos
814 1390 877 1470 (3).

98 1490 171 1560 Quia
181 1503 259 1548 vero
273 1487 412 1549 utilitati
426 1488 492 1548 tuae
507 1488 648 1549 libenter
658 1490 879 1566 prospicimus

99 1586 128 1646 et
138 1586 200 1646 tuis
214 1586 367 1660 cupimus
386 1585 568 1662 dispendiis
584 1585 729 1656 obviare,
746 1586 878 1646 sereni-

99 1683 188 1743 tatem
200 1683 292 1744 tuam
308 1698 480 1744 monemus
499 1681 642 1744 sollicite
657 1697 696 1744 ae
709 1682 881 1744 hortamur

100 1780 221 1851 abente,
229 1781 405 1856 qnatenus,
418 1781 532 1841 nostro
542 1779 758 1856 acquiescens
767 1781 882 1841 consi-

101 1876 150 1945 lio,
160 1876 193 1937 et
205 1875 407 1937 fiducialiter
416 1876 556 1937 eredens
566 1876 673 1948 nobis,
683 1876 882 1953 quiteinter

100 1972 175 2033 alios
189 1972 358 2049 principes
376 1973 612 2034 abundantiori
635 1973 810 2034 affectione
824 1973 879 2032 di-

101 2071 231 2145 ligimus,
242 2070 336 2130 nullo
345 2069 442 2131 modo
451 2071 588 2132 assistas
599 2072 638 2131 R.
651 2069 699 2148 (4)
712 2069 878 2147 praedicto,

101 2168 180 2243 quia,
195 2183 267 2228 enm
282 2166 343 2228 ille
354 2183 429 2227 eum
454 2166 638 2228 fautoribus
654 2167 724 2228 suis
742 2182 880 2227 excom-

102 2265 276 2325 municatus
301 2264 436 2335 existat,
452 2267 574 2340 praeter
585 2264 618 2324 id
641 2264 725 2341 quod
741 2279 881 2341 poneres

102 2359 133 2421 in
144 2362 282 2437 puritate
293 2361 373 2421 fidei
382 2363 449 2422 tuae
460 2362 635 2431 maculam,
650 2361 881 2422 exeommuni-

103 2458 229 2520 calionis
237 2457 406 2519 sententia
418 2459 625 2534 contingeret
634 2461 666 2519 te
677 2458 805 2521 involvi
821 2456 833 2536 (
855 2457 880 2537 ).

103 2556 159 2616 Per
180 2556 211 2616 te
238 2556 349 2631 ipsum
381 2555 482 2615 etiam
515 2554 732 2631 supersedeas
763 2556 882 2617 litteris

132 2741 350 2813 lllliemanum.
388 2742 429 2816 (tl
444 2742 616 2801 Ludorieus.

133 2816 168 2885 ti)
183 2815 273 2871 Tertia
289 2813 338 2870 die
349 2815 638 2885 postconverslonem
649 2814 676 2872 S.
687 2814 766 2872 Pauli
779 2814 827 2887 (28
836 2815 880 2887 jn-

102 2883 193 2955 marii)
207 2884 370 2941 Ludoviens
382 2899 432 2940 rex
443 2885 568 2940 Francis
578 2891 607 2941 et
621 2886 733 2957 legatus
747 2888 883 2957 generale

101 2956 245 3012 condilum
268 2955 387 3011 Parisiis
413 2953 576 3023 celebravit,
601 2956 628 3010 in
651 2956 690 3011 nit
709 2957 883 3014 Turonensis

101 3024 340 3099 chronographus,
367 3032 445 3080 tomo
468 3032 565 3080 nostro
586 2970 690 3092 xv‘ltn
714 3041 790 3099 page
818 3028 880 3084 tlt.

100 3095 198 3153 Deinde
207 3094 356 3169 subjicitur
371 3111 378 3149 :
394 3095 474 3152 «lieu
484 3093 580 3152 habito
601 3095 730 3168 diligenti
751 3099 881 3166 consilio,

99 3168 220 3238 sequenti
228 3165 396 3232 fecissetis,
409 3179 475 3221 cnm
486 3166 618 3222 omnibus
633 3165 691 3222 lere
703 3169 845 3248 episcopis
855 3176 883 3225 et

98 3236 244 3294 baronibus
268 3236 354 3307 regni
377 3236 421 3291 sni
436 3236 522 3308 signo
541 3237 800 3296 erneisllomrniete
814 3240 882 3295 lusi-

97 3309 196 3379 gnitur,
211 3314 267 3364 etc.
284 3307 450 3378 (bouquet.)

129 3378 165 3452 (l)
180 3375 353 3435 llaimundo.

128 3450 168 3520 (5)
183 3447 265 3505 lland
287 3448 377 3503 mnlto
392 3452 465 3517 post,
481 3446 631 3517 Esuriens,
651 3447 768 3505 minime
787 3448 881 3507 deter-

96 3519 161 3576 ritus
181 3518 299 3575 lionorii
321 3517 431 3582 litteris,
449 3531 546 3574 mense
561 3532 597 3574 au
621 3527 693 3584 usto,
717 3521 883 3577 societatem

96 3597 122 3644 et
134 3588 224 3646 loedns
231 3588 445 3644 contraxitcnm
460 3588 587 3660 Raymun
608 3589 787 3656 ololosano,
801 3599 883 3647 eante

95 3664 183 3716 nmen
200 3673 296 3730 neque
308 3658 413 3730 palam,
430 3665 512 3728 prout
526 3658 649 3730 legimus
668 3658 742 3731 apud
759 3660 810 3717 rh.
825 3663 881 3733 Ry-

95 3743 161 3798 mer,
174 3738 194 3787 t.
205 3732 230 3796 l,
244 3736 318 3801 part.
333 3742 389 3798 np.
400 3727 446 3793 96,
462 3728 491 3782 in
506 3726 582 3785 hune
596 3728 711 3786 modum
728 3745 735 3784 :

128 3803 214 3857 «lien
235 3797 455 3870 eonsenguiaee
471 3813 522 3854 suo
538 3801 583 3866 lt,
607 3797 670 3855 duci
693 3800 881 3870 Narbonensi,

94 3872 185 3930 comiti
210 3869 323 3926 Tolosae
346 3874 374 3923 et
402 3867 560 3924 marchioni
575 3870 742 3940 Provinciae,
763 3872 883 3928 salntem

96 3942 252 4000 etsineerae
268 3936 429 3995 dilectionis
455 3938 668 4010 plenitudinem.
690 3943 723 3997 ln
745 3950 883 4012 quantum

96 4012 239 4085 provehis
258 4008 450 4066 laboraverint
467 4009 563 4065 nuncii
580 4012 667 4066 nostri
682 4018 711 4066 tu
732 4013 810 4069 curia
827 4016 881 4070 llo-

96 4099 184 4149 maua,
208 4096 261 4154 per
276 4079 396 4135 nuncios
408 4085 517 4135 vestros
541 4079 786 4161 quiinterlnerlnt,
804 4090 832 4139 et
855 4083 884 4139 ln

96 4161 227 4226 qnantum
245 4150 334 4206 etlam
350 4148 446 4204 nuncii
466 4157 554 4205 nostrl
569 4150 668 4206 ultimo
689 4151 769 4208 missi
790 4152 826 4208 ad
842 4152 881 4209 le·

97 4232 188 4296 gatntn
204 4220 335 4279 Francise
356 4233 406 4291 pro
424 4219 627 4276 commoditate
650 4228 743 4277 vestra
770 4222 881 4279 labora·

96 4296 190 4362 verint,
223 4306 277 4364 per
308 4290 431 4345 nuncios
456 4297 565 4346 vestros
592 4290 697 4347 ibidem
730 4302 884 4363 presentes

96 4367 157 4422 attis
171 4362 277 4435 poterit
297 4358 379 4416 robis
399 4372 464 4415 esse
485 4359 678 4417 manifestum.
699 4361 768 4418 Cum
789 4372 885 4421 antem

97 4437 157 4492 tatis
177 4432 261 4490 robis
276 4435 389 4486 constet
411 4435 441 4483 et
458 4438 589 4487 constare
612 4429 715 4487 debent
737 4447 792 4503 qua
819 4432 883 4490 dili·

97 4507 185 4578 gestia
196 4510 228 4559 et
241 4500 348 4573 quihus
362 4498 472 4556 viribus
489 4501 674 4573 Franeigenaa
692 4517 883 4576 praesumpse-

98 4577 146 4632 rint
157 4582 358 4632 antecessores
381 4577 496 4625 nostros
521 4577 550 4627 et
571 4580 681 4629 vestros
701 4571 836 4630 infestare
856 4582 885 4632 et

100 4645 260 4718 deprimere,
286 4643 376 4697 immo
397 4644 427 4694 et
447 4654 499 4696 nos
526 4648 556 4697 et
584 4642 782 4715 vosmetipsos,
811 4643 885 4701 istud

99 4720 282 4788 temperante
295 4711 396 4767 oeulos
407 4709 585 4778 reducentes,
601 4711 683 4768 vobis
700 4717 886 4785 praecaveatis

101 4798 260 4858 nennquam
273 4796 327 4838 ros
342 4779 494 4853 contingat
507 4795 605 4837 eorum
620 4783 819 4840 circumveniri
834 4785 884 4841 de·

101 4855 267 4927 captionibus
284 4859 314 4908 et
328 4851 452 4915 astutiis,
469 4864 506 4906 ne
520 4850 556 4906 ad
571 4867 624 4909 uns
635 4861 663 4909 et
678 4868 731 4910 vos
745 4869 883 4927 separan-

102 4924 153 4994 dtn,
173 4937 243 4996 quos
264 4921 422 4977 fortissimo
443 4918 602 4978 dilectionis
626 4923 739 4981 vinonio
754 4926 888 4982 convinc-

103 5002 139 5051 tas
150 5003 243 5051 maere
255 4990 341 5047 dehet
355 4989 485 5046 debitum
497 4992 657 5064 sanguinis,
673 5009 799 5066 unquam
814 5011 886 5067 praa·

106 5067 205 5123 meant
215 5061 423 5119 fraudulenter.

132 5138 213 5193 ‹lloe
226 5140 326 5191 autem
342 5138 373 5187 ut
391 5129 541 5188 conlirmet
560 5138 588 5189 et
608 5134 783 5208 corroboret
795 5150 887 5194 nexus

106 5204 196 5276 lorber,
211 5202 419 5262 mandavimus
441 5200 551 5258 dilectis
583 5209 611 5259 et
634 5203 763 5263 lidelibns
783 5208 888 5265 uostris

247 5682 370 5727 raram.
390 5682 465 5724 roua
484 5666 519 5729 V.

932 812 1036 874 titerit
1052 812 1184 888 negotio
1200 811 1275 873 lldei
1291 813 1324 873 et
1337 812 1473 873 servitio
1494 816 1512 874 J
1516 830 1575 873 esu
1589 813 1723 884 Christi,

933 925 985 980 ue,
1008 911 1041 970 te
1057 907 1158 987 (quod
1185 908 1308 987 absiti)
1334 909 1533 985 impediente
1555 910 1725 986 negotium

933 1005 1133 1082 hujusmodi,
1159 1021 1221 1067 rex
1236 1006 1307 1081 ipse
1329 1022 1403 1067 cum
1417 1007 1564 1082 praelatis
1575 1010 1608 1070 et
1621 1007 1725 1069 baro-

933 1102 1031 1163 nibus
1044 1103 1194 1164 Franeiae
1208 1118 1319 1164 secum
1341 1104 1499 1165 accinctis
1525 1104 1566 1164 ad
1586 1104 1725 1166 baereti-

933 1215 1046 1261 corum
1062 1200 1295 1261 exterminium
1317 1199 1359 1260 ad
1378 1200 1469 1260 aliud
1485 1216 1520 1261 se
1535 1203 1724 1276 convertam

933 1299 1047 1368 einos,
1060 1297 1138 1357 dnm
1149 1313 1249 1373 snper
1263 1298 1326 1358 hoe
1348 1300 1502 1358 excusari
1518 1314 1583 1358 non
1599 1314 1724 1375 posses,

933 1394 966 1455 et
994 1396 1106 1454 notam
1127 1393 1247 1454 exinde
1272 1394 1495 1456 indevotionis
1522 1395 1724 1466 incurreres,

934 1492 1106 1566 paternum
1122 1491 1181 1552 tibi
1201 1491 1360 1560 favorem,
1381 1492 1438 1568 qui
1457 1492 1542 1553 alias
1560 1493 1727 1554 devotioni

933 1590 1000 1649 tuae
1014 1590 1161 1663 tempore
1177 1590 1361 1666 opportuno
1380 1604 1446 1650 non
1462 1589 1577 1661 deerit,
1597 1588 1729 1667 impen-

934 1685 1013 1746 dere
1029 1700 1244 1762 nequeamus.

975 1785 1135 1844 Caeterum
1148 1796 1219 1855 nos,
1230 1784 1287 1860 qui
1300 1800 1365 1845 non
1377 1784 1483 1845 solum
1495 1786 1602 1861 parati
1612 1802 1727 1846 snmus

935 1880 1025 1940 tuam
1038 1895 1237 1941 conservare
1243 1881 1420 1957 justitiam,
1433 1882 1489 1942 sed
1500 1884 1641 1957 gratiam
1655 1883 1726 1954 tibi,

936 1979 1094 2054 quantum
1109 1993 1183 2038 cum
1199 1980 1266 2038 Deo
1285 1994 1473 2053 possumus,
1489 1979 1659 2053 exhibere,
1677 1981 1726 2042 sie

936 2072 1091 2134 duximus
1103 2072 1340 2150 providendum
1357 2074 1401 2145 ut,
1424 2075 1579 2152 quicquid
1594 2078 1729 2138 coutin-

935 2171 992 2247 gat
1004 2170 1044 2231 de
1061 2170 1229 2231 haereticis
1244 2172 1277 2231 et
1291 2173 1380 2232 terra
1395 2172 1542 2248 ipsorum
1556 2174 1640 2248 deri,
1657 2175 1729 2235 sal-

935 2284 1013 2347 uum
1033 2267 1077 2327 sit
1086 2270 1143 2344 jus
1157 2270 1250 2328 tunm
1264 2270 1297 2329 et
1311 2268 1452 2329 aliorum
1477 2270 1729 2339 catholicorum,

936 2350 1117 2425 secundum
1126 2366 1249 2425 statuta
1260 2364 1399 2426 Concilii
1411 2367 1729 2442 supradietibatum

937 2461 1103 2531 Laterani,
1120 2463 1148 2521 V
1167 2460 1327 2523 kalendas
1343 2462 1433 2534 mali,
1451 2478 1539 2524 anno
1553 2465 1729 2541 pontifica-

936 2561 990 2621 tus
1005 2557 1110 2620 nostri
1126 2557 1263 2620 decimo.

938 2746 1058 2806 llicardo
1086 2746 1182 2805 comiti
1202 2748 1336 2805 Pletavlae
1356 2747 1434 2806 lratri
1459 2758 1564 2818 nostro,
1587 2751 1730 2809 Willelmo

937 2820 1033 2876 comiti
1049 2820 1159 2885 Sarum,
1181 2826 1210 2874 et
1238 2818 1368 2890 Philippo
1396 2819 1432 2876 de
1460 2822 1619 2890 Alblnlaeo,
1642 2830 1672 2879 nt
1701 2824 1731 2879 hi

937 2890 1032 2957 simul,
1056 2889 1102 2945 vel
1123 2888 1214 2945 dietus
1232 2890 1379 2961 Philippus
1399 2889 1434 2946 de
1456 2891 1614 2960 bibiniaco,
1636 2894 1660 2949 si
1684 2909 1729 2949 re·

937 2961 1029 3031 liquos
1040 2958 1112 3015 dnos
1126 2960 1250 3031 spatiosa
1266 2959 1319 3016 loci
1339 2959 1491 3031 disjunctio
1508 2963 1551 3019 vel
1572 2963 1729 3034 perieulum

937 3030 1106 3103 impedierit,
1126 3030 1161 3086 nd
1175 3045 1228 3085 vos
1244 3029 1423 3097 accedentes,
1447 3047 1502 3087 una
1521 3048 1585 3089 cum
1604 3048 1728 3106 praesen·

937 3103 1011 3158 tibus
1024 3101 1145 3167 nunciis,
1161 3100 1271 3158 dilectis
1289 3109 1317 3157 et
1339 3101 1468 3158 lidelihns
1483 3106 1595 3171 nostris,
1612 3107 1732 3161 Alexan·

937 3171 986 3228 dra
1002 3171 1038 3228 de
1048 3171 1243 3244 Bassingbnrn
1259 3179 1287 3227 et
1307 3173 1595 3242 magistroWillelmo
1609 3175 1644 3232 de
1660 3179 1728 3232 Tor·

938 3257 1019 3310 nour,
1048 3242 1183 3313 scripturn
1211 3240 1461 3300 eonloederationis
1489 3251 1517 3300 et
1545 3244 1732 3318 obligationis

938 3321 1052 3378 nosne,
1074 3311 1149 3382 quod
1172 3326 1260 3392 penes
1279 3327 1310 3368 se
1329 3312 1437 3384 pridem
1459 3313 1628 3384 habuerunt,
1650 3317 1732 3373 vohis

938 3397 995 3439 non
1014 3381 1145 3438 dillerant
1166 3382 1468 3454 liberarareeipientes
1497 3401 1512 3441 a
1536 3387 1617 3442 vobis
1639 3389 1731 3443 simile

937 3453 1073 3524 scriptum
1094 3451 1285 3524 obligationis.
1311 3453 1380 3520 Ques
1394 3461 1489 3510 antem
1504 3455 1560 3512 duo
1574 3458 1679 3529 scripta
1701 3459 1731 3515 in

938 3523 1001 3580 loco
1016 3522 1213 3593 religiosorum
1236 3529 1294 3579 tuto
1306 3529 1335 3577 et
1346 3538 1456 3592 securo,
1478 3527 1558 3596 quasi
1574 3527 1627 3583 sub
1650 3543 1730 3584 eom·

938 3593 1016 3649 muni
1029 3592 1169 3649 custodiat
1181 3600 1274 3648 nostra
1290 3598 1319 3647 et
1332 3600 1425 3649 vestra
1441 3609 1471 3650 re
1492 3605 1613 3653 ouantnr
1624 3613 1729 3669 oppor-

937 3672 1017 3727 tuno,
1033 3664 1059 3720 si
1073 3663 1173 3744 placet,
1193 3669 1319 3744 tempore
1334 3610 1501 3734 exponenda
1514 3674 1542 3723 et
1554 3674 1652 3724 mutuo
1665 3669 1728 3725 red·

937 3733 1048 3801 denda3
1074 3747 1219 3804 quomam,
1235 3731 1327 3788 sthoe
1351 3739 1489 3805 tempore,
1516 3744 1546 3794 ut
1570 3737 1729 3808 eredimus,

938 3804 1157 3877 publicarentur,
1183 3809 1279 3874 posset
1296 3803 1378 3858 vohis
1403 3803 1469 3860 inde
1493 3804 1587 3863 lorsau
1613 3808 1728 3880 dispen-

937 3875 1026 3942 dium,
1042 3874 1118 3930 nnllo
1134 3872 1215 3933 nobis
1229 3881 1395 3946 emergente
1416 3877 1578 3942 commodo,
1597 3879 1729 3937 suboriri.

937 3945 1033 4026 Velsi
1043 3943 1079 4001 ad
1089 3944 1143 4026 hoe
1156 3945 1348 4015 aspiraveritis
1362 3945 1437 4028 quod
1447 3947 1583 4072 scripturn
1602 3960 1730 4008 nostrum

938 4023 1034 4073 statim
1061 4014 1144 4071 vobis
1159 4013 1294 4080 tradatur,
1324 4015 1444 4072 satisfiat
1465 4021 1599 4076 vountati
1630 4030 1731 4078 vestrae

938 4093 967 4143 et
982 4092 1127 4142 remaneat
1142 4084 1224 4140 nohis
1244 4086 1379 4155 seriptum
1396 4093 1529 4148 vestrum.
1548 4097 1582 4159 ⁸et
1602 4098 1729 4149 nostrum

938 4155 1019 4213 vobis
1034 4162 1180 4211 remaneat
1199 4169 1250 4226 per
1274 4169 1377 4212 manus
1390 4157 1587 4228 praedictorum
1605 4160 1731 4219 fidelium

939 4233 1109 4282 nostrorum.

975 4318 987 4345 ι
1002 4291 1304 4376 Consulimusqnidem
1319 4294 1391 4352 bona
1408 4296 1463 4353 lide
1471 4297 1613 4357 dilectioni
1628 4308 1732 4360 vestrm

938 4366 1014 4493 guod
1034 4372 1091 4421 tota
1114 4364 1265 4421 aheenone
1284 4366 1406 4437 totisque
1421 4368 1527 4424 viribus
1550 4370 1585 4426 ad
1605 4372 1733 4442 obtinen-

959 4452 1004 4493 am
1026 4435 1227 4491 ecclesiastieae
1249 4436 1326 4505 pacis
1347 4437 1469 4508 gratiam
1483 4441 1681 4499 efficacissime
1694 4445 1733 4500 ln·

938 4506 1054 4572 heretis,
1071 4512 1100 4561 et
1112 4519 1164 4561 nos
1180 4519 1229 4576 per
1244 4505 1295 4560 Dei
1309 4507 1443 4576 gratiam,
1460 4508 1488 4564 in
1504 4518 1640 4581 quantum
1656 4523 1732 4586 pote

938 4578 1037 4643 diuus,
1059 4575 1089 4630 in
1114 4582 1241 4631 vestrum
1271 4589 1352 4631 assur
1375 4591 1456 4633 emus
1482 4586 1510 4635 et
1538 4584 1673 4640 auxilium
1704 4595 1732 4642 et

939 4646 1088 4704 honorem.
1111 4644 1191 4713 Quod
1215 4652 1310 4701 antem
1327 4592 1515 4707 soienntores
1533 4652 1569 4709 ad
1589 4669 1640 4710 vos
1660 4669 1731 4712 unn-

939 4718 1000 4774 eios
1014 4715 1124 4772 adhaec
1141 4714 1308 4786 complenda
1323 4732 1380 4772 non
1398 4719 1528 4777 misimus
1543 4722 1578 4778 ad
1595 4739 1730 4795 presens,

940 4787 994 4845 soli
1030 4786 1140 4842 viarum
1173 4785 1298 4857 periculo
1335 4786 1496 4845 decernatis
1523 4792 1730 4865 imputandum.

940 4860 1023 4915 leste
1048 4857 1168 4937 meipso,
1196 4855 1271 4928 apud
1294 4858 1592 4930 westmonasterium,
1624 4866 1659 4922 tt
1686 4865 1732 4923 die

941 4933 1149 5067 aussgsrtieg’otio
1170 4993 1270 5051 eodem
1290 5004 1318 5053 et
1337 4995 1365 5053 in
1389 4999 1522 5056 eumdem
1539 5000 1597 5058 lere
1616 5003 1731 5062 modum

940 5068 1077 5125 scritum
1103 5073 1147 5122 est
1173 5065 1292 5123 Ricardo
1320 5070 1417 5125 comiti
1448 5071 1595 5140 Pictavite,
1620 5077 1664 5130 Aa
1689 5076 1734 5132 lina

941 5154 1019 5212 regis
1034 5135 1121 5204 tratri,
1135 5144 1163 5192 et
1175 5135 1238 5193 aliis
1249 5135 1351 5194 ibidem
1367 5146 1505 5211 utsupra.
1521 5089 1688 5220 (bouqueti
