3950 6200
689 325 917 391 EPISTOLAE.
941 328 1019 389 LIB.
1042 330 1099 392 xl.
1657 346 1717 408 186

425 490 511 577 LIV
915 488 1083 550 verenter.
1114 491 1201 552 Sane
1224 492 1400 557 carissimo
1423 499 1460 559 in
1485 499 1617 564 Christo
1645 499 1717 567 tilio

349 569 363 593 ⁸
917 585 1031 646 nostro
1048 586 1201 649 Johanne
1219 589 1344 653 illustri
1369 610 1447 671 rege
1467 599 1714 677 Hierosolymi-

916 682 996 741 tano
1020 683 1085 744 tuae
1112 684 1307 750 sublimitati
1336 691 1497 755 attinitate
1521 700 1712 773 conjuncto,

335 770 501 845 tojaninrti
516 773 595 831 1227.
916 780 1100 840 communis
1139 782 1202 845 luit
1249 786 1395 849 omnium
1422 806 1489 851 vox
1523 796 1556 853 et
1589 795 1714 871 opinio,

194 892 737 961 [wetaorh.des0isterc.scthes‚1,otc]
917 876 1003 951 quod
1031 878 1127 954 quasi
1149 880 1184 939 in
1206 881 1403 944 immensum
1425 891 1642 953 successisset
1662 894 1713 954 ei-

92 1021 118 1077 lti
138 1018 265 1091 indulget,
290 1025 324 1076 ut
345 1018 430 1076 salvis
453 1019 702 1078 commissionibus
724 1021 862 1079 hactenus
917 970 1002 1044 ἀπ’
1014 974 1048 1034 et
1066 976 1151 1051 quod
1168 979 1256 1038 Deus
1270 979 1376 1056 ipsam
1390 983 1625 1049 summitatem
1641 992 1714 1066 ejus

118 1107 322 1179 impetratisper
335 1107 443 1163 litteras
455 1108 536 1165 Sedis
548 1108 729 1180 Apostolicae,
742 1125 814 1182 quas
826 1110 862 1168 de
916 1084 976 1145 per
995 1069 1195 1178 ‚affimtatem
1225 1077 1310 1186 tant}
1342 1096 1503 1190 Pffln‘ifflilS
1536 1088 1714 1198 magnifice

116 1203 205 1251 cetero
221 1196 369 1266 impetrari
390 1196 553 1269 contigerit,
569 1196 605 1253 de
624 1198 719 1254 causis
735 1213 859 1272 cognos·
916 1165 1139 1232 snbhmflsset·
1169 1173 1239 1233 Nec
1267 1190 1386 1236 fflffum
1414 1194 1443 1238 Sl
1470 1180 1533 1241 hoc
1561 1182 1714 1247 hommes

116 1296 169 1340 we
187 1282 303 1339 minime
327 1291 457 1341 teneatur
476 1284 592 1354 tamtus,
613 1285 668 1343 „131
690 1286 804 1358 menam
825 1287 861 1345 de
916 1265 1141 1342 crediderunt,
1170 1270 1419 1334 considerantes
1445 1275 1523 1346 hinc
1546 1281 1715 1343 excellen-

114 1369 160 1427 Μ
171 1371 346 1444 indulgentia
361 1370 482 1429 iecerint
496 1373 682 1430 mentionem.
915 1359 971 1421 tiae
985 1363 1053 1423 tuae
1065 1364 1258 1440 potentiam,
1274 1369 1328 1428 cui
1339 1385 1414 1432 esse
1424 1371 1522 1434 facile
1532 1391 1715 1452 recognos-

916 1457 1035 1520 cebant
1060 1476 1127 1521 non
1151 1463 1258 1524 solum
1274 1465 1310 1525 in
1330 1482 1390 1528 sua
1411 1468 1613 1534 sublimitate
1628 1491 1713 1536 con-

915 1569 1050 1617 servare
1065 1557 1233 1633 sublimes,
1254 1562 1311 1623 sed
1333 1565 1433 1627 etiam
1449 1567 1592 1631 humiles
1617 1576 1714 1634 noris

915 1651 1097 1715 honoribus
1114 1656 1312 1735 sublimare;
1328 1662 1422 1724 illinc
1434 1680 1514 1726 vero
1528 1666 1713 1732 strenuita-

914 1751 1034 1812 temet
1055 1751 1254 1816 iudustriam
1280 1757 1359 1819 dicti
1378 1761 1479 1836 regis,
1509 1780 1576 1825 non
1605 1765 1712 1827 solum

915 1846 1060 1923 dignam,
1075 1852 1112 1912 ut
1134 1852 1166 1911 ei
1193 1869 1289 1915 suum
1305 1871 1522 1921 conservares
1537 1859 1709 1938 honorem,

913 1944 972 2005 sed
997 1946 1033 2006 nt
1050 1946 1143 2008 illum
1163 1949 1263 2010 etiam
1289 1953 1477 2029 ampliares.
1500 1957 1540 2018 Et
1561 1975 1637 2020 ecce
1657 1977 1712 2022 res

913 2040 1046 2103 ridetur
1065 2044 1100 2103 in
1122 2048 1326 2109 contrarium
1345 2067 1443 2113 versa
1459 2069 1547 2127 esse,
1563 2072 1636 2117 cum
1649 2074 1712 2121 rex

913 2138 985 2215 ipse
1002 2141 1090 2212 inde,
1105 2143 1171 2204 nisi
1187 2145 1254 2207 alio
1269 2148 1365 2209 modo
1379 2152 1575 2226 provideris,
1593 2157 1710 2217 contra

914 2251 1005 2311 spem
1029 2241 1176 2300 nostram
1192 2245 1224 2303 et
1239 2259 1344 2312 snam,
1361 2262 1401 2307 ac
1419 2249 1573 2323 aliorum,
1588 2253 1709 2327 gravi-

912 2333 965 2393 ter
977 2334 1021 2395 sit
1038 2334 1226 2411 depressus,
1244 2341 1331 2401 unde
1355 2342 1552 2418 sperabatur
1572 2350 1708 2423 magni-

914 2429 975 2490 tlce
998 2431 1237 2495 sublimandus.
1264 2439 1454 2517 omnesqui
1475 2441 1546 2504 haec
1569 2445 1710 2508 audiunt

913 2527 1127 2590 vehementer
1141 2532 1349 2595 admirantur
1366 2539 1399 2598 et
1417 2538 1549 2601 dicunt:
1566 2546 1645 2615 Quae
1657 2546 1707 2604 est

913 2624 986 2686 haec
1001 2626 1184 2704 imperialis
1198 2629 1371 2694 industriae
1386 2635 1605 2710 providentia,
1618 2641 1706 2701 alie-

301 2770 308 2782 ,
468 2771 473 2782 ,
571 2771 577 2782 ,
643 2773 649 2784 ,
831 2773 838 2785 .
913 2738 1097 2785 uassease
1109 2727 1210 2787 tantae
1252 2729 1426 2803 rudentes,
1441 2734 1541 2794 tantae
1557 2737 1708 2798 strenui-

89 2769 182 2828 mem
194 2770 234 2829 ad
248 2770 282 2830 te
299 2772 477 2846 metram
490 2773 678 2846 ⁰⁰¹¹t¹ger¹t'
695 2772 734 2833 de
748 2789 858 2834 ⁰³u⁵¹⁸
913 2820 1002 2892 istie,
1018 2821 1119 2883 tantae
1136 2745 1320 2897 indusliriae,
1339 2828 1425 2889 tanti
1440 2830 1573 2891 consilii
1587 2834 1709 2907 virum,

90 2876 258 2938 cognoscere
278 2883 350 2928 non
373 2867 520 2928 tenearis
535 2868 670 2941 invitus,
697 2871 762 2931 nisi
786 2871 860 2948 ple·
913 2917 1049 2979 emmo
1070 2919 1133 2979 Sibi
1149 2921 1282 2982 vinculo
1298 2925 1499 3000 copulatum,
1517 2928 1557 2989 de
1573 2947 1637 3007 quo
1649 2948 1711 3008 po,
1776 2957 1781 2967 ,

89 2961 856 3039 namdehacindulgentiaiecerintmentionem.
912 3012 1009 3082 terat,
1026 3013 1184 3090 tanquam
1199 3014 1240 3077 de
1262 3019 1440 3095 semetipso
1456 3021 1633 3096 confidere,
1651 3041 1711 3085 cu-

89 3053 159 3116 llulli
171 3074 245 3136 ergo
257 3060 364 3122 liceat
378 3060 464 3121 hanc
478 3056 634 3138 pag'inam
647 3065 771 3125 nostrae
783 3080 859 3125 con·
909 3112 965 3186 jus
992 3110 1152 3173 honorem
1181 3114 1214 3175 et
1238 3117 1358 3178 statum
1383 3117 1518 3181 deberet
1538 3123 1709 3198 proprium

89 3156 220 3216 cessionis
234 3157 435 3234 infringere,
457 3159 510 3219 rel
525 3159 556 3219 ei
576 3176 660 3221 ausu
680 3163 858 3223 temerario

89 3252 237 3315 commite·
256 3256 292 3315 Si
310 3256 386 3331 quis
406 3257 515 3317 autem
529 3256 780 3330 hommum
795 3260 856 3320 etc·
913 3208 1088 3282 reputaret
1117 3209 1177 3270 Cui
1208 3211 1395 3274 fiducialius
1422 3219 1544 3291 poterit
1569 3235 1709 3295 regnum

353 3352 360 3364 ο
692 3355 712 3368 ,,
826 3357 832 3369 ,
913 3304 1251 3382 Hierosolymitanum
1276 3312 1502 3374 committeret
1525 3316 1605 3386 Quis
1627 3315 1712 3377 tide-
1801 3312 1804 3317 ⁴

89 3347 182 3409 Datim
201 3352 374 3461 Lamiam>
393 3354 453 3413 VH
469 3353 540 3462 ¹³³¹ss
555 3353 725 3427 februaffl’
742 3356 857 3432 pm*
912 3400 1000 3461 libus
1013 3401 1058 3461 ibi
1074 3404 1293 3466 existentibus
1307 3408 1506 3482 gratiosiori
1518 3414 1597 3483 Quis
1608 3414 1710 3475 terri·

89 3440 408 3511 fi⁶³²ss⁸110⁸ts¹³¹¹¹¹⁰
425 3450 610 3512 unueumo.
912 3498 1012 3559 ortior
1032 3498 1243 3561 taruanense
1269 3504 1347 3574 Quis
1361 3506 1475 3568 utilior
1498 3510 1558 3571 too
1573 3512 1707 3585 negotio

912 3598 1025 3657 Terrae
1046 3597 1192 3658 Sanctael
1207 3601 1290 3660 Ecce
1312 3601 1340 3660 si
1361 3602 1453 3663 nulla
1468 3605 1532 3665 sibi
1548 3610 1636 3668 esset
1655 3607 1708 3667 af-

426 3662 494 3749 LV
913 3692 1039 3754 finitate
1060 3695 1266 3769 conjunctus,
1292 3696 1426 3760 deberet
1440 3702 1550 3762 tamen
1574 3708 1709 3783 propter

86 3809 340 3872 rerumrerum
348 3814 584 3876 Romanorum
595 3815 856 3889 imperatorem.
913 3791 1143 3853 munitatem
1163 3794 1195 3854 ei
1210 3793 1406 3904 industliaffl
1425 3800 1508 3910 ejus,
1526 3802 1558 3861 θῒ
1573 3805 1709 3913 limbi?1¹

332 3941 499 4014 mammii
511 3944 590 4002 itit.
913 3902 998 3958 eam,
1013 3905 1110 3965 quam
1123 3889 1223 3950 habet
1248 3893 1388 3966 gratiam
1411 3894 1592 3969 hommum,
1620 3901 1710 3960 notr-

912 3985 1059 4062 tiamque
1075 3987 1233 4058 locorum,
1261 3989 1325 4049 sibi
1342 4006 1481 4066 regnum
1504 3998 1709 4058 committere

176 4062 459 4126 [hairtam-brebona,
472 4066 535 4116 *¹¹⁸⁸-
547 4066 621 4131 dipl,
630 4068 661 4127 ¹¹·
675 4066 742 4129 ⁷⁰⁸]
913 4083 1151 4158 supradictum.
1182 4085 1244 4144 Sed
1274 4087 1337 4147 etsi
1361 4088 1545 4165 simplicem
1569 4093 1708 4154 militem

88 4181 273 4246 Eunhortatur
287 4196 319 4246 ut
342 4188 504 4247 iohannem
527 4206 626 4263 regem
652 4192 855 4267 Hierosolymi—
912 4178 948 4238 in
963 4194 1116 4240 ⁸000P¹1m
1131 4183 1376 4257 assumpsisset,
1400 4185 1535 4249 deberet
1559 4205 1634 4249 <ium
1649 4191 1710 4251 de·

112 4277 193 4332 ouon
206 4292 340 4335 socerum
355 4292 440 4334 suum
454 4293 490 4335 ex
504 4280 566 4352 ipsa
581 4281 719 4338 affinitate
738 4280 855 4353 depres·
913 4291 1029 4336 corare
1053 4278 1146 4352 regia
1173 4278 1344 4353 dignitate.
1371 4284 1423 4341 An
1451 4283 1622 4360 pulchrius
1644 4287 1709 4347 sibi

114 4374 174 4431 tou,
187 4366 264 4423 unde
278 4367 360 4423 multi
382 4364 617 4425 honoribnseum
631 4371 856 4440 promovendum
912 4373 963 4434 est
983 4373 1099 4435 militis
1125 4390 1285 4450 generum
1309 4391 1392 4449 esse,
1411 4395 1508 4454 quam
1533 4382 1643 4459 regist
1657 4387 1708 4445 An

115 4452 261 4522 lltilhfflli,
282 4454 312 4511 iss
338 4456 495 4526 imperialis
521 4462 623 4530 gitlloe
652 4458 857 4530 plenitudinem
912 4468 1084 4546 pulchrius
1101 4471 1165 4531 erit
1180 4471 1268 4541 tiliis,
1286 4488 1368 4548 quos
1384 4491 1426 4535 ex
1442 4475 1512 4537 illia
1527 4478 1606 4540 dicti
1618 4481 1708 4557 regis

115 4550 266 4611 stimulat,
275 4543 436 4601 millessssfld
445 4544 538 4616 ipsum
549 4561 634 4618 snper
643 4545 698 4603 ¹¹⁰⁰
710 4549 858 4605 lllsstlsssffl
913 4567 1081 4643 suscipiet,
1107 4582 1206 4628 avum
1232 4569 1370 4630 militem
1390 4571 1513 4634 habere
1529 4592 1629 4652 quam
1646 4594 1708 4639 re-

116 4630 213 4700 negotio
224 4631 361 4688 abbatem
375 4632 471 4689 Sancti
485 4635 599 4691 Martini
613 4634 811 4694 viterbiensis.
912 4666 1008 4740 gemo
1036 4666 1114 4725 Haeo
1140 4665 1172 4724 et
1200 4665 1322 4727 similia
1343 4671 1438 4743 parvi
1459 4671 1640 4748 loquuntur
1675 4677 1708 4738 et

120 4750 775 4834 Honoriusepiscopus,serrasservorum
784 4763 856 4831 Dei.
911 4761 1036 4837 magni,
1053 4761 1255 4823 admirantes
1278 4781 1378 4841 super
1394 4766 1583 4842 hujusmodi
1605 4771 1703 4845 facte,

92 4841 246 4924 baderico,
262 4853 387 4913 illustri
405 4857 630 4916 Romanorum
648 4857 855 4932 imperatori,
912 4860 945 4921 et
961 4859 1055 4930 illud,
1073 4861 1109 4920 ut
1120 4860 1296 4936 loquamur
1310 4865 1436 4936 verius,
1451 4865 1664 4933 detestantes.

93 4954 195 5020 temper
206 4952 346 5025 augusto
356 4952 390 5011 et
400 4952 469 5027 regi
487 4953 622 5025 Siciliae,
639 4956 701 5015 etc.
951 4957 1055 5016 Nobis
1071 4973 1202 5033 quoque
1221 4973 1260 5018 ac
1280 4958 1439 5022 fratribus
1454 4965 1576 5025 nostris
1599 4965 1707 5025 insul-

121 5038 182 5102 llon
205 5046 342 5119 dubitat,
365 5047 451 5109 sicut
473 5049 649 5123 credimus,
680 5053 737 5112 tua
766 5067 858 5112 sere·
910 5053 1033 5115 tatura
1048 5054 1172 5126 multis,
1183 5070 1223 5115 eo
1238 5056 1323 5131 quod
1337 5056 1437 5145 hujus
1449 5060 1621 5122 affinitatis
1636 5078 1708 5125 me-

93 5134 169 5211 ritas,
190 5145 317 5219 quinte
340 5145 471 5208 sincero
486 5147 664 5224 diligamus
688 5149 810 5210 affectu
825 5153 857 5211 et
911 5149 1057 5211 diatores
1078 5150 1259 5222 extitimus,
1280 5150 1418 5230 ipsaque
1433 5156 1521 5231 regis
1537 5156 1706 5234 depressio

94 5232 155 5304 llio
172 5239 208 5299 ad
221 5242 460 5303 incrementum
477 5243 526 5305 tui
542 5245 678 5306 honoris
693 5262 733 5307 ac
748 5247 858 5307 nomi·
912 5247 1006 5308 nobis
1022 5247 1262 5324 quodammodo
1274 5250 1467 5326 imputatur.
1488 5255 1636 5331 Denique
1646 5273 1706 5332 per

95 5328 134 5389 nis
152 5337 327 5411 aspiremus
345 5360 353 5398 :
370 5340 456 5401 unde
475 5357 549 5415 cum
571 5357 611 5403 ea
632 5343 698 5403 tuae
720 5344 858 5406 celsitu·
911 5344 1034 5406 lactum
1057 5345 1144 5405 inter
1161 5346 1194 5406 te
1220 5347 1253 5407 et
1275 5347 1383 5422 ipsum
1402 5362 1514 5423 regem
1532 5350 1705 5415 dissidium

95 5418 147 5484 diui
162 5435 342 5507 suademus,
363 5452 435 5512 quae
450 5436 490 5497 ad
506 5438 665 5501 honorem
686 5441 779 5501 tuum
794 5457 857 5502 no·
911 5444 1088 5503 multorum
1103 5441 1235 5504 devotio
1249 5444 1338 5503 circa
1354 5446 1465 5506 Terrae
1487 5449 1617 5511 Sanctae
1633 5451 1708 5512 sub·

119 643 162 702 td
171 641 321 701 abbatem
334 642 538 702 monasterti
551 641 687 704 Sancta
699 644 830 705 Oroete.

117 1507 266 1567 Honorius
275 1507 467 1584 episcopus,
477 1524 594 1571 servus
606 1524 779 1572 servorum
787 1511 858 1583 liei,

90 1602 184 1663 dilecto
210 1603 278 1664 tilio
309 1603 423 1667 abbati
448 1607 643 1668 monasterii
668 1607 709 1667 de
739 1609 860 1670 Sancta

91 1702 182 1778 hace,
195 1700 350 1774 salutern,
370 1703 434 1764 etc.

119 1799 184 1857 Cum
196 1813 284 1875 saepe
300 1800 475 1875 contingat
489 1804 623 1878 propter
638 1801 859 1877 cognitionem

90 1909 246 1967 cucurum,
261 1912 340 1973 quae
352 1896 413 1958 tihi
427 1896 619 1974 frequenter
631 1915 651 1960 a
663 1899 747 1961 Sede
759 1903 861 1976 Apos-

89 1991 166 2052 tolica
176 1992 437 2064 committuntur,
460 1994 496 2054 in
513 1995 546 2055 te
568 1997 692 2056 sanctae
705 1997 861 2056 ‘contem-

88 2087 215 2164 plahonis
235 2089 346 2150 otium
370 2091 536 2168 impediri,
562 2093 595 2152 et
620 2094 859 2155 monasterium

88 2185 159 2245 tuum
182 2203 282 2261 grave
316 2188 484 2249 sustineat
512 2189 757 2262 detrimentum,
785 2206 857 2262 noe,

89 2281 239 2357 meotuae
256 2300 298 2346 ac
323 2283 536 2346 indemnitati
555 2287 703 2363 eiusdem
724 2302 860 2348 monas-

89 2378 145 2437 terii
156 2383 288 2455 paterna
306 2381 536 2443 sollicitudine
551 2384 725 2460 providere
742 2384 860 2445 volen-

33 2537 34 2542 ,
88 2474 857 2556 tes,auctoritatetibipraesentiumindulgemus,

89 2573 123 2640 ut,
141 2573 232 2636 salvis
255 2573 552 2636 commissionibus
578 2577 619 2636 ad
643 2578 676 2638 te
698 2578 859 2639 hactenus

88 2667 253 2747 inpetratis,
285 2688 352 2750 per
380 2673 510 2734 litteras
542 2674 685 2747 nostras,
709 2691 792 2752 quas
819 2676 859 2737 de

95 5519 179 5587 dnus
202 5534 378 5607 pertinere,
400 5533 498 5595 debes
522 5536 698 5598 suasiones
723 5541 855 5600 nostras
910 5540 1044 5612 sidium,
1061 5540 1097 5600 ut
1111 5539 1242 5611 dicitur,
1269 5540 1465 5616 refrigescit,
1490 5560 1586 5620 quam
1602 5547 1705 5611 iacies

95 5623 234 5691 tenuai-
257 5630 422 5709 accipere
446 5647 485 5695 ac
504 5633 553 5695 eis
569 5634 780 5713 acquiescere
800 5652 855 5699 re-
910 5637 1130 5709 recalescere,
1156 5638 1186 5698 si
1210 5636 1250 5697 ad
1276 5637 1384 5713 ipsum
1411 5652 1532 5717 regem
1548 5644 1651 5719 tuum,
1669 5647 1706 5708 ut
