3950 6200
119 343 201 408 itai
499 342 608 404 PARS
637 341 783 403 PRIMA.
802 369 843 386 -
862 339 1082 402 expositio
1111 339 1156 401 IN
1185 329 1390 401 PSALMOS.
1689 341 1771 403 itas

119 501 259 565 flebunt.
280 500 457 579 nissipauo
476 501 555 564 sunt
574 499 655 576 riae3
669 499 815 561 cessavit
824 499 921 561 man·
974 499 1062 561 siout
1085 512 1148 560 nec
1163 513 1250 576 aqua
1274 496 1447 560 torrentis.
1466 497 1530 559 iios
1550 496 1661 560 autem
1675 498 1772 576 pouit

119 599 213 662 siens
225 614 285 677 per
299 600 462 670 semitam,
480 598 611 661 irritum
634 596 756 660 iactum
771 598 917 674 estpac·
973 597 1011 659 in
1028 596 1084 658 via
1106 600 1209 666 recta,
1223 594 1311 658 idest
1331 596 1368 657 in
1383 595 1439 657 via
1454 596 1578 657 eauctae
1589 596 1773 658 conversa-

117 700 201 770 tum,
231 697 374 775 projecit
397 696 560 768 civitatee,
576 710 643 757 non
665 694 833 772 reputavit
852 693 918 754 ho·
973 692 1087 760 tionis,
1110 694 1144 754 et
1167 693 1202 754 in
1229 706 1294 770 qna
1309 708 1376 754 non
1391 692 1591 769 impingunt.
1609 692 1664 753 Sic
1679 707 1772 753 com-

118 788 1768 869 mmmmmmwmmnmfflmmmmmmm

116 892 174 953 tur
189 892 333 953 irritum
342 891 494 964 pactum,
511 890 589 967 quia
602 888 782 966 guidamin
796 888 918 950 matri-
973 886 1124 958 Domine,
1137 887 1349 949 incomitum
1359 887 1605 948 mandatorum
1616 887 1768 947 tutorum.

118 988 246 1062 monio,
275 988 410 1065 quidam
439 988 475 1049 in
503 985 730 1051 mercimoniis
762 985 916 1059 virendo,
1014 983 1165 1054 Qualiter
1178 984 1290 1046 autem
1303 984 1347 1046 sit
1362 984 1586 1056 deducendus,
1601 983 1674 1060 ipse
1684 986 1769 1045 Pro-

118 1086 373 1149 servantur-mo
385 1088 453 1147 otu
467 1086 548 1148 sunt
558 1084 728 1162 lataque
739 1083 916 1156 hontheim,
972 1080 1073 1158 pheta
1082 1081 1132 1142 sic
1146 1082 1251 1159 petit:
1274 1085 1407 1144 luctum
1420 1097 1482 1144 cor
1492 1096 1608 1143 areum
1624 1084 1660 1141 iu
1670 1080 1770 1145 icati-

116 1185 232 1245 iamen
242 1181 522 1245 beueobaersatae
533 1182 658 1244 ducunt
671 1180 714 1243 ad
725 1181 839 1244 vitam.
853 1179 918 1255 Sed
971 1182 1089 1241 omnia
1104 1180 1175 1251 tua,
1187 1180 1222 1242 et
1239 1194 1308 1242 nou
1322 1182 1359 1242 iu
1370 1180 1571 1243 comitium.
1584 1177 1768 1240 inclinatur

118 1279 174 1342 hm
193 1283 266 1358 jam
281 1281 372 1343 mont
391 1280 581 1355 dissipatu,
605 1279 684 1357 quia
707 1278 805 1356 pauci
824 1279 915 1349 sunt,
971 1291 1044 1348 vas,
1071 1277 1108 1339 ut
1135 1276 1295 1350 effundat,
1324 1276 1413 1355 qnod
1430 1276 1547 1349 babet,
1574 1277 1608 1340 et
1632 1275 1768 1337 hauriat

115 1376 177 1455 qui
201 1377 389 1449 observent,
410 1378 447 1438 ut
470 1374 607 1452 debent3
631 1376 698 1438 imo
719 1376 917 1454 potiusjura
972 1373 1059 1450 quod
1080 1390 1148 1438 non
1173 1372 1275 1437 babet
1296 1396 1307 1437 .-
1330 1373 1380 1437 sio
1403 1372 1768 1449 corhominisoportet
1835 1440 1846 1457 ,

116 1475 270 1552 ipsarum
284 1474 621 1539 uiolantsemitaest
634 1472 915 1545 ritaolauatralis,
971 1470 1140 1545 inclinari,
1168 1474 1206 1535 ut
1231 1475 1329 1535 extra
1363 1470 1481 1537 tundat
1505 1470 1707 1548 superbiam,
1733 1469 1768 1533 et

115 1573 352 1648 stratigionis,
369 1587 467 1650 quam
484 1570 642 1634 similiter
662 1571 760 1648 pauci
777 1570 914 1643 intrant,
956 1570 1101 1643 peccati
1125 1570 1373 1646 cogitationem,
1398 1571 1433 1633 et
1451 1569 1588 1631 hauriat
1612 1568 1766 1643 Deigra·

115 1666 1766 1747 mmwmmmmhmmmmmohmmmfflmmmmmmmmm

118 1769 189 1829 tum
210 1762 377 1845 baptismi,
391 1766 478 1844 quod
492 1764 631 1828 iacimus
644 1782 720 1827 cum
734 1765 916 1828 Dominoin
970 1761 1165 1839 gnitionem.
1180 1768 1260 1828 Nou
1282 1768 1320 1827 iu
1335 1766 1526 1827 ovantium
1536 1782 1548 1838 ,·
1560 1763 1601 1825 de
1616 1776 1681 1840 pua
1696 1763 1768 1824 Ha·

115 1864 294 1942 baptismo,
315 1865 554 1927 renunciantes
567 1865 704 1932 satanae,
715 1863 748 1927 et
762 1863 916 1926 omnibus
970 1860 1075 1924 baono
1098 1861 1142 1942 (2,
1169 1865 1189 1924 9
1212 1862 1254 1924 ad
1280 1861 1332 1942 11)
1347 1880 1390 1924 :c
1408 1865 1478 1935 Vm,
1508 1861 1565 1940 qui
1584 1859 1767 1936 congregat

115 1962 250 2040 pompis
264 1965 349 2039 ejus.
364 1958 460 2023 Unde
477 1963 624 2037 projecit
642 1963 801 2025 civitates
815 1961 915 2040 hujus
969 1960 1148 2023 avaritiam
1174 1961 1297 2023 malam
1318 1960 1430 2023 domui
1445 1977 1527 2032 suae,
1540 1959 1578 2022 ut
1591 1958 1635 2021 sit
1648 1958 1685 2019 in
1698 1973 1764 2019 ex-

115 2060 244 2134 mundi,
262 2060 334 2123 sive
345 2059 518 2122 hominum
531 2059 773 2122 mundanorum
787 2061 916 2136 cogita·
970 2056 1059 2119 celso
1069 2058 1168 2121 nidus
1178 2059 1383 2136 ejus.»Nihil
1393 2059 1482 2121 euim
1492 2055 1763 2128 iaciuntdisites,

113 2157 228 2219 tiones
256 2156 624 2221 velaeconversationes.
652 2159 723 2219 Neo
748 2156 916 2234 reputavit
968 2154 1036 2217 nisi
1050 2156 1137 2233 quod
1157 2155 1424 2234 ponuntnidum
1448 2172 1546 2217 suurn
1565 2155 1604 2216 in
1616 2153 1763 2226 excelso,

114 2258 258 2333 eostam
271 2254 436 2330 homines,
452 2254 510 2316 sed
529 2256 682 2332 jumenta
701 2254 736 2315 in
751 2255 913 2318 stercori·
969 2252 1029 2330 qui
1050 2254 1150 2316 vento
1172 2254 1267 2317 inani
1288 2256 1480 2332 exponitur,
1497 2254 1584 2316 sicut
1597 2251 1707 2314 nidus.
1723 2252 1765 2314 nt

114 2348 1764 2432 mmmmmmmmmwmmmmwwfflmmm

114 2451 239 2513 centia.
254 2453 334 2512 Haec
354 2452 432 2514 sunt
445 2450 605 2528 pericula,
617 2451 753 2528 propter
768 2464 842 2528 quae
856 2467 914 2514 ro-
969 2463 1045 2509 nem
1059 2449 1172 2512 domni
1186 2453 1263 2524 tuae,
1286 2451 1459 2513 concidisti
1475 2450 1615 2529 populos
1626 2449 1761 2520 multos,

114 2552 174 2625 gat
188 2547 355 2625 Propheta
374 2546 510 2622 deduci,
527 2547 581 2608 cui
600 2548 780 2625 respondet
795 2549 912 2610 Domi·
965 2548 1002 2609 et
1021 2548 1174 2624 peccavit
1191 2549 1304 2615 anima
1327 2552 1396 2611 tua.
1413 2549 1499 2623 Quia
1516 2546 1645 2625 lapides
1660 2545 1709 2627 (2)
1722 2544 1763 2608 de

113 2663 181 2708 nus
203 2660 263 2723 per
280 2645 460 2708 ieremiam
476 2638 539 2723 (31,
556 2645 576 2705 8
594 2648 627 2707 et
644 2643 677 2724 9)
695 2666 702 2706 :
718 2660 738 2705 e
752 2648 912 2723 Ecoeego
966 2641 1008 2704 de
1030 2644 1158 2721 pariete
1178 2645 1381 2717 clamabunt,
1404 2646 1590 2722 etlignum,
1605 2643 1693 2722 quod
1708 2643 1762 2705 est

114 2739 1762 2823 mmmmmmmmmmmmmaimmmmmmmmmmmmm»

115 2840 202 2918 gabo
218 2856 278 2904 eos
289 2840 334 2901 ab
344 2840 505 2902 extremis
523 2843 633 2912 terras,
647 2841 736 2903 inter
749 2858 833 2919 quos
847 2843 912 2905 erit
966 2840 1045 2901 Haec
1058 2840 1281 2914 esiconiusio,
1297 2857 1372 2919 qnae.
1384 2841 1515 2903 accidet
1528 2840 1642 2901 avaris
1656 2838 1761 2900 indie

114 2938 315 3009 eiciendus,
340 2939 375 3002 et
397 2952 517 3010 caecus,
543 2940 576 2999 ei
598 2954 786 3016 pregnans,
803 2942 837 3002 ei
850 2956 912 3016 pa·
961 2936 1092 3013 judicii.
1107 2940 1361 3017 Conciditenim
1383 2955 1505 3001 avarus
1528 2938 1652 3000 multos
1668 2958 1676 2997 ι
1693 2950 1761 2997 non

113 3036 207 3099 siens
223 3036 335 3099 simui.
352 3052 371 3096 r
387 3035 567 3097 subditur:
584 3039 650 3100 uin
668 3036 748 3100 fletu
762 3037 908 3111 venient,
965 3037 1078 3112 posset
1091 3036 1185 3096 enim
1198 3052 1321 3099 avarus
1337 3036 1474 3099 multam
1490 3034 1667 3114 pecuniam
1680 3049 1763 3095 con·

113 3136 148 3197 et
162 3135 198 3196 in
212 3129 444 3196 misericordia
459 3134 616 3195 reducam
638 3149 695 3196 eos
707 3151 768 3212 per
778 3137 911 3197 torren-
965 3149 1118 3209 gregare,
1135 3136 1201 3196 nisi
1214 3135 1457 3211 depauperaret
1475 3133 1600 3194 multos
1612 3153 1621 3207 3
1634 3134 1669 3194 et
1682 3132 1761 3209 quia

112 3233 165 3295 tes
176 3247 341 3309 aquarum
363 3231 399 3291 in
413 3232 468 3293 via
481 3232 583 3303 recta,
601 3247 661 3293 nec
676 3231 863 3309 impingent
873 3234 909 3294 in
964 3231 1000 3290 in
1013 3230 1077 3303 his,
1094 3232 1128 3293 et
1140 3232 1175 3292 in
1190 3231 1268 3292 aliis
1282 3233 1482 3307 peccaiejus
1494 3232 1619 3300 anima,
1631 3228 1759 3305 lapides

113 3345 200 3392 ea.»
224 3332 274 3391 ita
292 3329 373 3391 dicit
388 3332 475 3390 Deus
495 3328 670 3391 orantibus
691 3329 810 3391 deduci
832 3345 909 3392 oum
964 3328 1006 3389 de
1023 3328 1151 3404 pariete
1171 3328 1362 3390 clamabunt
1376 3328 1491 3390 nonna
1515 3343 1592 3390 eum
1613 3326 1654 3388 iu
1667 3326 1762 3404 judi·

112 3423 795 3505 Prophetaddduoitenimbeusdeterro
809 3431 910 3502 Aput·
964 3425 1028 3487 cio.
1045 3428 1117 3489 «at
1130 3425 1270 3502 lignum,
1292 3427 1380 3503 quod
1402 3426 1456 3488 est
1475 3426 1564 3488 inter
1582 3425 1759 3503 juncturas

111 3530 212 3597 mnis,
230 3523 315 3586 idest
325 3522 463 3595 diaboii,
478 3526 513 3587 et
527 3526 708 3600 congregat
721 3528 830 3588 eosob
844 3541 910 3588 eoc-
964 3523 1108 3597 mdiflmi,
1119 3522 1372 3601 respondebit»
1386 3522 1757 3601 Siquidemnsurarius,

111 3624 238 3685 tremis
261 3623 379 3696 terrm,
401 3622 489 3683 idest·
504 3622 547 3684 ab
566 3622 738 3709 extremis,
750 3623 784 3684 et
797 3623 908 3684 maxi·-
963 3621 1258 3695 relevassem
1278 3620 1369 3683 videt
1389 3622 1537 3683 vicinum
1556 3637 1653 3681 sunm
1668 3619 1760 3682 iudi-

111 3721 179 3782 mis
192 3719 351 3797 peccatis,
372 3718 493 3797 quibus
516 3719 908 3798 dispergunturperalia
962 3734 1042 3795 geue
1066 3719 1226 3791 denariis,
1253 3719 1399 3781 concidit
1423 3720 1455 3781 ei
1483 3733 1585 3796 super
1608 3718 1756 3789 domum,

111 3811 1758 3895 mmmffiwmmfflmmwmmmqummwmmmmmwmwb

111 3916 191 3989 sint,
206 3931 289 3993 quos
312 3914 363 3976 sic
383 3915 520 3978 deducit
542 3918 642 3987 bens,
666 3916 700 3977 et
713 3918 905 3993 congregat,
961 3915 1120 3977 derenon
1136 3915 1252 3992 possit,
1267 3916 1299 3977 et
1313 3916 1343 3976 si
1369 3915 1515 3993 parietes
1538 3915 1656 3976 domus
1680 3929 1758 3976 cor-

111 4012 226 4075 subdit
237 4012 351 4073 dicens
366 4034 373 4073 :
387 4013 487 4073 Inter
506 4025 591 4086 quos
609 4013 715 4074 erum
737 4027 857 4086 cucur,
874 4015 907 4076 et
960 4013 1072 4086 ruant,
1102 4028 1273 4091 nunquam
1293 4012 1470 4076 faciteam
1493 4012 1659 4090 reparari,
1688 4011 1759 4074 imo

110 4113 264 4182 amardus,
289 4110 352 4171 ctc.
378 4112 505 4181 cocciis,
529 4109 585 4186 qui
610 4110 736 4171 lumine
754 4112 907 4174 veritatis
961 4110 1094 4186 gaudet,
1126 4112 1160 4173 et
1186 4110 1441 4189 paulatimoam
1468 4110 1581 4182 diruit,
1604 4125 1644 4172 eo
1670 4109 1758 4185 quod

110 4208 274 4286 privatus,
290 4205 488 4268 intenebris
510 4208 723 4283 peccatorum
746 4207 904 4277 ambulat,
961 4209 1049 4285 apud
1070 4223 1108 4269 se
1129 4210 1244 4284 sperat
1265 4223 1452 4270 remanere
1467 4207 1560 4270 Unde
1575 4207 1617 4268 de
1631 4205 1757 4281 lapidi·

111 4303 1755 4384 mmmmmmwmfflmmmmmmmmmmm,

109 4404 202 4468 recte
226 4400 374 4462 ambulat
402 4401 437 4463 in
464 4401 533 4490 viis·
556 4402 699 4474 Domini,
721 4403 755 4466 et
779 4403 906 4481 ineius
961 4403 1019 4480 qui
1033 4403 1193 4480 quantum
1217 4403 1253 4463 in
1274 4402 1402 4479 judicio
1425 4400 1616 4465 clamabunt
1639 4401 1757 4462 contra

109 4497 1422 4582 mmwmmmmfflmmmmmwmmmmmmu

108 4597 308 4660 ambitiosus
323 4597 506 4673 nequitiam
526 4595 675 4658 habet'in
691 4597 801 4659 corde.
818 4604 907 4661 Por·

108 4694 323 4785 tiericus,qui
346 4693 518 4770 satagitad
533 4693 903 4772 effeotnmperducere;
1189 4669 1328 4730 SERMO
1357 4669 1528 4730 CCXXIII·

106 4792 148 4854 de
171 4790 294 4870 quibus
315 4791 352 4852 in
369 4789 550 4867 Evangelio
565 4789 659 4870 (Luc.
674 4793 725 4865 at,
750 4792 827 4873 23):
849 4798 905 4857 Vae
995 4798 1186 4857 benemoria
1202 4799 1398 4872 promissionis
1413 4797 1720 4869 tactoeadnos30tde
1752 4835 1755 4840 >

101 4889 374 4965 preconantibus,
390 4889 424 4949 ct
439 4889 716 4963 parturientibus
731 4887 779 4968 (1)
799 4894 837 4954 tu
849 4895 904 4954 die
1241 4888 1450 4946 benedictione.

103 4984 1753 5098 fflfflwwfflfflfflfflwfflfflufflwmwmmmwmmm

102 5082 442 5163 peccatorum,ethoc
453 5081 493 5143 de
504 5084 735 5145 misericordia
746 5099 806 5146 sua
817 5084 901 5160 sota,
1067 5125 1153 5184 mim.
1164 5136 1261 5196 spem
1274 5121 1408 5182 dedisti.
1422 5117 1491 5199 (ΡΒ.
1508 5121 1566 5180 118
1594 5119 1659 5200 49.)

101 5181 338 5260 perterrentes
347 5179 617 5257 aquarumidest
628 5193 688 5257 per
697 5181 902 5244 abtmdantes
1569 5164 1577 5192 ⁹

99 5277 356 5349 tribulationes,
371 5285 445 5355 quae
459 5279 705 5354 perterrentes
719 5278 903 5356 designari·
997 5281 1081 5344 ltlud
1094 5280 1231 5343 verbum
1244 5281 1380 5342 revocat
1395 5281 1562 5359 Propheta
1574 5281 1616 5342 ad
1631 5296 1754 5342 memo·

99 5374 1750 5459 mmmmmmmmmfflmmmmmmmwmmwmffifflmw

137 5597 180 5668 (t)
196 5595 283 5668 vulg.
299 5595 518 5680 :nutrientibust
993 5599 1034 5675 (3)
1050 5600 1136 5674 vulg.
1154 5599 1371 5660 :edificiorum

83 5701 85 5705 ι
139 5670 182 5739 (ἰ)
199 5667 283 5739 Vutg.
302 5682 309 5723 :
323 5668 395 5740 lapis
409 5667 445 5725 de
457 5676 567 5740 pariete
581 5669 725 5730 clamabit.
