3950 6200
296 273 359 335 aas
740 272 772 331 c.
796 269 1016 331 annuursur
1037 271 1264 332 ismenus
1286 270 1515 333 ornacum.
1834 248 1886 348 'pr

298 430 443 499 cundiam,
465 430 490 487 si
508 436 658 503 postquam
674 426 775 488 iratres
794 436 823 488 et
842 429 916 487 lilios
936 443 1018 487 meos
1035 429 1089 486 mi·
1146 429 1244 498 exirit,
1264 436 1293 486 at
1314 443 1422 503 magna
1440 431 1569 488 domans
1589 435 1888 512 amaricatione

298 519 385 577 serim
400 518 436 576 ad
447 518 562 576 ultimas
576 525 659 575 terrae
677 519 849 591 provincias,
861 519 889 574 in
901 517 980 577 bisce
996 526 1092 575 tecum
1147 519 1351 592 omnipotentis
1366 519 1417 575 liei
1437 518 1501 576 dico
1525 517 1607 577 uobis
1628 520 1770 592 demones,
1786 534 1813 583 ut
1828 542 1887 586 eaor·

296 621 475 665 remanerem
490 621 553 663 :me
565 607 1090 681 oportetillarumtribuiationumpar·
1147 606 1238 663 ceatis
1256 606 1331 663 circa
1350 621 1455 679 corpus
1478 620 1586 676 meum,
1609 607 1679 680 quod
1699 609 1771 667 rubis
1785 612 1889 674 datumst

297 695 413 767 ticipem
432 693 504 762 ilari,
529 708 601 766 quas
622 694 677 766 ipsi
697 702 811 767 propter
826 697 917 753 Deum
944 700 1010 751 suot
1025 708 1090 766 pas·
1148 695 1319 767 permissum
1338 692 1422 752 luerit
1442 692 1458 752 ir
1485 697 1606 753 Domino
1636 698 1701 754 iesu
1722 698 1817 757 cbristo
1836 706 1888 763 :ita

295 782 365 840 auri.
380 803 392 832 »
408 782 528 854 (Pisan,
544 782 563 839 Ι.
578 785 601 851 Ι,
615 784 697 854 Coss.
709 783 754 855 la,
769 784 798 840 in
811 784 918 856 priuc.;
929 784 1035 852 blar.,l
1050 797 1092 855 p.,
1147 783 1224 841 enim
1240 797 1288 840 me
1301 782 1482 841 vindicabitis
1501 784 1537 842 da
1559 784 1665 842 crudeli
1687 787 1798 857 inimico,
1814 798 1838 847 et
1852 792 1888 849 ad·

296 869 471 943 ilem)

488 1014 762 1074 rrorflrllnclin
790 1013 895 1074 xxiv.

409 1129 548 1186 Curantes
565 1145 622 1186 stoc
638 1129 783 1200 percipere
800 1129 978 1200 spiritualia.

330 1252 431 1310 Brevia
449 1259 478 1310 et
493 1259 593 1310 sancta
615 1252 747 1324 quedam
768 1252 866 1322 verba,
890 1254 1009 1323 scilicet,
1032 1255 1088 1310 Do·

295 1340 390 1399 minus
411 1339 459 1398 det
480 1340 530 1399 tibi
555 1355 667 1414 pacem,
695 1340 731 1399 ad
758 1342 941 1400 salutandum
970 1341 1091 1414 populos

294 1429 396 1487 iratres
413 1443 480 1486 suos
495 1429 590 1487 docuit
613 1429 650 1487 de
670 1430 858 1503 quibuscum
881 1430 967 1502 aliqui
989 1430 1086 1487 turba·

295 1523 403 1585 rentur,
417 1526 445 1574 et
460 1515 561 1576 iratres
572 1519 726 1576 timerent:
743 1541 755 1569 r
773 1519 898 1588 Dimitte,
921 1518 1014 1591 inquit
1034 1532 1085 1576 eos

295 1604 391 1664 dicere
403 1606 440 1664 de
458 1605 503 1664 bis
522 1605 618 1665 verbis
638 1608 746 1666 sanctis
768 1622 831 1681 que
849 1608 1001 1677 voluerint,
1025 1606 1089 1680 quia

1146 872 1274 930 versario
1288 873 1425 944 pessimo,
1450 886 1506 945 quo
1526 874 1633 931 nullum
1647 875 1733 933 sentio
1752 878 1888 950 majasco.»

1148 958 1268 1033 (Pisum,
1282 958 1331 1017 lib.
1355 962 1377 1028 l,
1397 961 1479 1032 Coos.
1500 962 1558 1019 let
1579 963 1622 1029 lt,
1636 963 1664 1019 in
1686 963 1784 1035 priuc;
1800 967 1886 1036 loton,

1147 1048 1299 1117 Floren.,b
1314 1063 1355 1122 p,
1369 1049 1455 1119 iliad,
1471 1049 1513 1107 tit.
1526 1049 1570 1121 23,
1586 1065 1612 1106 c.
1629 1051 1655 1119 ²,
1668 1051 1682 1123 5
1696 1055 1720 1110 Ι.

1322 1225 1597 1285 ΑΡΟΡΙΙΤΙΙΕΙΙΙΙΔ
1628 1226 1753 1287 xxviii.

1282 1339 1348 1397 Nos
1363 1341 1575 1411 propalandam
1593 1341 1645 1398 liei
1660 1347 1792 1401 amdam.

1181 1453 1292 1511 bivine
1316 1454 1464 1527 sapientire
1485 1462 1607 1524 secreta,
1624 1471 1685 1529 quoe
1704 1456 1886 1515 sibinisericor·

1145 1540 1219 1600 diter
1245 1541 1454 1615 pandebantur,
1481 1544 1643 1602 nurllatenua
1655 1546 1769 1603 exterius
1781 1545 1886 1620 robanda

1142 1629 1297 1705 iudicabat,
1321 1631 1376 1689 nisi
1394 1639 1531 1704 quamam
1553 1631 1656 1691 Christi
1677 1635 1772 1691 caritas
1790 1634 1886 1707 urgebat,

295 1708 354 1777 9⁰⁰
370 1694 530 1768 pemipium
544 1710 608 1768 ΨΜ)
628 1696 680 1754 Dei
695 1704 770 1754 ⁸⁰⁰²·
795 1694 851 1755 sed
871 1702 901 1754 ⁰⁸
926 1711 979 1754 ¹¹⁰⁸
1002 1694 1091 1755 ⁰⁰¹i¹⁰
1146 1727 1194 1778 aut
1206 1721 1399 1792 proximorum
1420 1720 1529 1779 utilitas
1548 1720 1691 1795 exigebat.
1707 1722 1811 1780 Dicebat
1819 1724 1886 1780 enin:

296 1780 332 1839 de
346 1781 393 1841 bis
406 1783 603 1854 verecundari,
629 1784 695 1856 quia
717 1783 811 1842 adbuc
832 1784 987 1855 modicum,
1010 1784 1091 1843 multi
1147 1831 1159 1859 ,
1177 1809 1245 1867 Levi
1257 1808 1389 1867 mercede
1401 1824 1484 1867 vm
1496 1810 1598 1883 3105ae
1610 1818 1657 1868 ,m
1668 1811 1784 1880 mmm,
1800 1811 1888 1867 mm,

295 1872 405 1929 Heraea
424 1878 452 1929 et
470 1872 617 1945 Principes
636 1872 737 1931 dehac
760 1874 931 1932 salutatione
951 1887 1090 1947 magnam

294 1958 376 2017 vobis
390 1961 580 2018 reverentiam
605 1960 789 2019 exhibebunt,
813 1983 824 2012 ι
849 1961 1089 2034 (Pban.,1ib.1,

297 2048 378 2120 Coss.
399 2049 441 2119 li,
455 2048 484 2107 in
500 2050 602 2123 princ,
613 2057 643 2108 et
654 2051 673 2108 Ι.
685 2052 723 2120 ΙΙ,
738 2051 820 2122 Coos.
836 2050 877 2123 o.)

423 2259 431 2269 ·
502 2238 774 2315 nrorflrfluonir
791 2237 881 2298 XXV.

294 2351 406 2415 Ceriali
421 2353 595 2424 pauperibus
613 2353 778 2410 nuliatenus
801 2353 890 2410 neem
909 2354 1015 2411 uictum
1039 2357 1090 2410 oct

531 2442 660 2498 aestuem
679 2445 857 2512 marturum.

329 2557 455 2625 Honorio
468 2558 518 2626 ΙΙΙ,
534 2555 664 2614 Pontiiici
678 2556 813 2626 Maximo,
827 2556 942 2614 beatum
961 2559 1087 2625 Patrem,

291 2656 324 2708 ut
335 2647 533 2721 possessiones
546 2651 575 2701 et
593 2643 773 2702 hereditates
785 2646 928 2717 acciperet
946 2644 1088 2715 suadenti,

292 2737 454 2807 multasque
476 2747 620 2791 erumnas
636 2747 798 2805 passurum,
814 2733 945 2791 sisoium
960 2733 1086 2790 doelee·

293 2824 423 2897 mosynis
436 2821 554 2890 viveret,
567 2819 743 2893 predicanti,
757 2821 796 2877 ait
812 2837 818 2877 :
837 2821 975 2879 ‹Coniido
990 2823 1019 2878 in
1030 2824 1087 2879 Do·

293 2913 373 2970 mino
393 2914 474 2979 iesu,
495 2908 571 2983 quod
589 2909 638 2981 qui
659 2908 742 2967 nobis
761 2911 789 2966 in
804 2909 877 2966 coeio
899 2911 1040 2983 promisit,
1061 2919 1089 2968 et

292 2999 372 3059 dabit
389 3000 479 3059 vitant
490 3006 519 3056 ct
530 2998 653 3071 gloriam
669 2998 884 3071 sempiternam,
900 3013 957 3055 non
975 2998 1086 3057 subtra-

292 3089 342 3150 bet
357 3088 439 3148 nobis
451 3088 480 3146 in
493 3095 567 3153 terra
583 3086 628 3144 illa
644 3086 766 3158 modica,
782 3102 845 3160 quae
858 3089 985 3161 corporis
1000 3088 1089 3146 victui

291 3187 321 3238 et
330 3179 444 3236 vestitui
458 3185 523 3236 sunt
537 3177 655 3235 omnino
665 3177 839 3234 necessaria.
859 3198 871 3227 ι
886 3176 1007 3251 (Pisan,
1021 3177 1040 3234 Ι.
1050 3178 1087 3247 ΙΙ,

294 3268 377 3341 Coss.
392 3265 433 3341 Ι.)

485 3389 764 3450 'impertierint
784 3389 889 3450 XXVI.

291 3514 386 3573 Solum
404 3514 494 3572 Deam
511 3529 568 3572 etse
581 3514 744 3584 timendum,
765 3519 791 3571 et
808 3515 846 3571 ad
860 3514 919 3586 ejus
933 3512 1089 3571 arbitrium

546 3603 642 3660 omnic
657 3603 837 3674 perferenda.

327 3721 361 3778 lo
374 3718 503 3777 oratione
517 3718 561 3774 vir
572 3717 624 3775 Del
639 3717 783 3775 multoties
798 3716 958 3787 horribiles,
974 3716 1082 3775 dramo-

292 3822 361 3866 num
376 3820 490 3880 pugnas
503 3804 646 3873 sustinuit,
670 3804 721 3862 sed
740 3806 827 3862 armis
850 3795 977 3863 munitub
998 3806 1085 3864 coele·

291 3895 392 3965 stibus,
406 3901 512 3966 quanto
526 3892 726 3950 vehementius
737 3893 927 3966 impetebatur
947 3892 983 3951 ab
995 3893 1084 3952 bosti-

291 3983 356 4053 bus,
370 3989 450 4039 tanto
470 3979 567 4038 sortior
586 3981 615 4038 in
634 3981 748 4049 virtute,
766 3989 794 4038 ct
810 3980 963 4039 ferventior
974 3982 1005 4039 in
1020 3996 1084 4041 ora·

291 4072 369 4129 tione
389 4067 559 4127 reddebatur
574 4067 610 4125 ab
629 4067 769 4137 hostibus,
790 4067 965 4126 confidenter
986 4069 1087 4129 dicens

292 4159 328 4219 ad
339 4158 482 4220 Christum
498 4173 506 4213 :
529 4157 584 4214 Sob
595 4156 694 4213 umbra
714 4157 830 4214 ciorum
843 4161 961 4214 tuarum
974 4163 1087 4230 presepe

290 4265 334 4307 me
353 4247 606 4324 (Psal.xv1,8),a
628 4244 700 4303 lacie
721 4245 884 4318 impiorum,
907 4248 954 4318 qui
974 4261 1022 4304 me
1042 4246 1084 4305 al·

291 4338 434 4396 dixerunt.
452 4336 496 4396 dd
517 4334 664 4393 demones
685 4341 781 4392 autem
804 4351 811 4392 :
834 4357 845 4386 ‹
869 4336 967 4393 Facite
981 4336 1011 4392 in
1038 4350 1085 4395 me

291 4425 427 4500 quidquid
439 4426 540 4483 valetis
554 4424 673 4497 maligni
692 4423 807 4496 spiritus
828 4430 857 4480 et
877 4420 1007 4496 fallaces3
1028 4439 1084 4482 non

290 4515 368 4572 eninr
382 4514 511 4586 potestis,
532 4512 587 4570 nisi
603 4519 741 4584 quantum
763 4527 817 4569 vos
838 4526 941 4570 manus
961 4527 1085 4587 superna

179 4617 185 4630 ·
291 4603 409 4660 relaxat.
430 4604 464 4660 Et
484 4615 541 4673 ego
563 4599 600 4657 ad
623 4599 822 4672 perierandum
838 4603 945 4669 omnia,
963 4617 1027 4675 qum
1039 4602 1085 4661 ille

291 4689 448 4748 decreverit
462 4686 629 4760 infligenda,
655 4701 721 4744 cum
741 4689 819 4745 omni
835 4689 1014 4775 jucunditate
1035 4706 1084 4764 pa·

290 4787 370 4836 ratus
393 4777 505 4833 assisto.
527 4775 648 4845 iinon,
663 4789 689 4832 c.
708 4776 752 4845 ld,
772 4782 837 4848 post
850 4778 941 4850 princ.
950 4794 960 4852 ;
975 4780 1083 4850 Pisan,

290 4865 310 4924 Ι.
324 4866 347 4935 Ι,
365 4864 447 4935 Coss.
460 4861 500 4935 7.)

483 5004 756 5064 APOPHTHEGMA
772 5005 888 5065 ΙΙΙΙΙΙΙΙ.

326 5123 435 5194 Corpus
452 5121 609 5178 maximum
627 5136 683 5179 ease
701 5121 822 5179 bominis
840 5122 1047 5182 monterium.

325 5243 362 5306 ld
372 5246 499 5305 Ecclesia
514 5245 604 5303 sancti
622 5246 697 5304 Petri
711 5244 747 5303 de
760 5246 883 5303 Bouario
904 5262 993 5320 prope
1014 5250 1082 5306 Tre·

289 5338 378 5405 vium,
397 5349 462 5392 cum
487 5334 610 5407 peractis
633 5333 809 5391 orationibus
832 5335 917 5392 vellet
947 5337 1084 5411 tantisper
1117 5391 1120 5395 1

289 5426 479 5498 requiescere,
496 5437 553 5480 non
567 5424 668 5494 potuit,
680 5425 738 5480 imo
752 5424 870 5496 spiritus
887 5425 951 5497 ejus
971 5426 1082 5496 timere,

288 5520 317 5571 et
328 5527 396 5570 caro
406 5510 567 5569 immundas
581 5512 687 5568 sentire
699 5514 785 5584 coepit
799 5513 1014 5584 suggestiones.
1022 5515 1084 5583 Quo

291 5601 450 5674 periculoso
480 5598 553 5656 bello
586 5601 724 5672 tantisper
752 5599 900 5672 turbatus,
926 5602 1083 5661 Ecclesiam

1145 1895 1322 1969 pretiabilam
1337 1898 1479 1972 contingit
1504 1897 1597 1956 amitti
1603 1914 1612 1969 ;
1633 1906 1663 1956 et
1682 1899 1754 1956 illum
1769 1899 1810 1971 qui
1826 1896 1887 1963 dedit

1146 1985 1181 2044 ad
1196 2000 1255 2043 non
1266 1985 1393 2044 dandum
1411 1988 1526 2056 iterum,
1538 1985 1622 2046 iacile
1636 1988 1782 2061 provocari.
1797 2009 1806 2038 ι
1821 1988 1887 2057 (bon,

1144 2089 1170 2133 c.
1197 2076 1240 2144 ΙΙ),
1262 2084 1330 2134 ante
1346 2075 1435 2146 med.;
1461 2075 1575 2147 Rodul,
1600 2077 1620 2134 l.
1644 2079 1680 2146 ll,
1695 2082 1769 2135 tract.
1784 2076 1814 2134 da
1828 2075 1886 2131 broc.

1145 2165 1176 2222 B.
1187 2163 1302 2236 Franci
1776 2162 1779 2167 ’

1345 2262 1621 2323 ΑΡΟΡΗΙἮΕΕΜΑ
1639 2262 1737 2321 XXIX.

1227 2385 1322 2443 liores
1341 2386 1500 2443 canonicas
1518 2402 1583 2444 cem
1602 2403 1701 2460 mopso
1718 2386 1836 2444 mrotbre

1469 2475 1613 2533 dicendas.

1178 2590 1298 2648 Fecerat
1310 2588 1454 2662 quondam
1473 2590 1605 2664 ligneum
1622 2590 1771 2658 vasculum,
1788 2596 1813 2647 ut
1824 2587 1887 2644 minu·

1143 2676 1199 2734 tias
1212 2678 1361 2750 temporis,
1383 2692 1421 2735 ne
1439 2678 1558 2737 omnino
1572 2678 1740 2747 exciderent,
1763 2681 1885 2749 acomm-

1143 2764 1225 2834 Quod
1238 2780 1305 2824 cum
1325 2768 1417 2824 Horas
1440 2767 1601 2825 Canonicaa
1627 2767 1750 2825 recitanti
1761 2762 1887 2822 venissetis

1143 2861 1279 2923 mentem,
1291 2855 1438 2928 ipsiusque
1453 2856 1580 2913 animum
1595 2857 1735 2928 paululum
1746 2852 1885 2913 domaret

1143 2949 1238 3000 motus
1263 2941 1375 3000 feruore
1396 2944 1523 3016 spiritus.
1552 2945 1699 3001 vasculum
1724 2944 1777 3017 igni
1798 2936 1886 2998 tradiit

1143 3029 1263 3089 dicens:
1279 3052 1290 3082 ι
1313 3032 1485 3090 Sacriiicabo
1510 3032 1579 3090 illud
1603 3034 1731 3102 Domino,
1747 3030 1816 3105 cujus
1829 3024 1887 3083 racd

1144 3120 1240 3179 licium
1251 3120 1407 3195 impedivit.
1428 3143 1439 3173 ι
1457 3120 1554 3192 (Bon,
1566 3122 1647 3193 ibid„
1665 3129 1733 3196 post.
1746 3118 1821 3189 med.)

1349 3295 1625 3360 APOPH'l'llllelA
1644 3301 1729 3359 XXX.

1176 3413 1328 3488 Reiipiosoa
1342 3430 1392 3473 nec
1404 3415 1522 3473 cellulas
1534 3416 1631 3473 debere
1643 3416 1739 3474 baim
1749 3409 1864 3484 propriu.

1178 3539 1304 3597 Fratrem
1316 3536 1470 3612 quemdam
1484 3553 1501 3595 e
1515 3540 1628 3610 cellula,
1651 3541 1681 3597 in
1692 3552 1744 3612 qua
1761 3535 1842 3594 braun
1855 3531 1889 3586 Pr

1141 3633 1184 3684 ter
1197 3626 1326 3685 babitare
1340 3626 1465 3700 solebat,
1473 3628 1638 3687 veniemem
1650 3623 1826 3700 inmrogcvit
1837 3614 1889 3675 llll

1143 3715 1259 3773 veniret
1282 3716 1333 3774 Cui
1349 3715 1544 3788 respondenti,
1563 3732 1581 3774 e
1605 3718 1677 3775 cella
1696 3724 1751 3784 tua,
1770 3715 1845 3776 ram,
1856 3719 1888 3761 01‘
1909 3769 1910 3780 ,

1141 3804 1247 3876 tempo
1262 3804 1302 3861 ait
1317 3820 1325 3862 ε
1341 3826 1353 3855 ι
1367 3806 1461 3864 bleam
1476 3802 1584 3875 dixisti,
1603 3820 1688 3878 quarn
1700 3818 1753 3861 non
1775 3792 1887 3864 mannit-
1909 3793 1910 3798 ’

1141 3890 1244 3961 dican,
1260 3892 1384 3950 adanam
1395 3891 1533 3965 deinceps
1547 3892 1677 3951 babitare
1690 3891 1784 3957 debeo,
1804 3882 1843 3958 tii
1858 3879 1887 3935 ni·

1141 3981 1181 4039 bil
1195 3995 1292 4040 meum
1307 3979 1413 4038 babere
1428 3981 1555 4054 promisi.
1568 4003 1580 4032 »
1592 3980 1736 4057 (Pisan.,l.
1750 3980 1784 4046 il,
1794 3967 1888 4042 uniit
1908 3957 1909 4034 l

1141 4068 1248 4140 burel.
1264 4069 1332 4128 t’tto
1344 4069 1503 4138 Franciaci,
1516 4084 1543 4128 c.
1558 4067 1601 4143 9.)

1334 4238 1608 4298 rnornrnacnn
1636 4237 1736 4297 xxxi.

1219 4351 1342 4411 Uestale
1360 4352 1454 4410 lamera
1471 4367 1604 4424 corporeo
1619 4348 1828 4425 proponendas.
1906 4385 1907 4470 1

1175 4473 1286 4534 bledico
1297 4474 1466 4534 suadentiut
1479 4474 1635 4535 abstineret
1649 4491 1666 4534 a
1678 4471 1809 4548 lacrymis,
1819 4467 1890 4561 sicar
1904 4471 1907 4560 j

1140 4563 1219 4636 porei
1231 4564 1310 4622 visus
1331 4564 1489 4622 cecitatem
1504 4565 1590 4623 veliet
1611 4564 1742 4632 evadere,
1760 4550 1888 4647 respondit:

1142 4672 1153 4702 ι
1178 4653 1243 4710 Non
1263 4659 1318 4721 est,
1343 4651 1429 4710 irater
1451 4652 1571 4725 bledica,
1601 4653 1640 4712 ob
1660 4663 1781 4711 amorem
1795 4641 1888 4732 luminis,

1139 4741 1215 4815 quod
1229 4742 1382 4798 commune
1397 4740 1537 4799 babemus
1557 4756 1623 4800 cum
1639 4741 1752 4808 muscis,
1771 4727 1905 4820 videlicit

1138 4828 1310 4887 mternaevel
1331 4829 1474 4887 modicum
1498 4829 1674 4900 amovenda3
1695 4829 1757 4900 quia
1784 4833 1830 4879 non
1847 4827 1886 4884 sti·

1139 4919 1210 4976 ritus
1222 4925 1337 4992 propter
1347 4932 1475 4988 caruem,
1499 4918 1550 4977 sed
1570 4926 1635 4975 cato
1655 4908 1886 4991 propiciantium,

1138 5006 1310 5064 beneficium
1325 5007 1396 5064 lucis
1414 5008 1533 5079 accepit.
1550 5009 1705 5081 2(Bon.,c.
1725 4986 1887 5075 epaeneto

1140 5097 1247 5164 Pisan,
1260 5096 1279 5153 l.
1296 5097 1319 5164 i,
1341 5096 1421 5168 Gens.
1436 5097 1480 5165 li,
1497 5096 1524 5152 in
1541 5096 1642 5168 princ,
1661 5103 1688 5152 ct
1702 5109 1725 5150 c.
1743 5091 1791 5160 ΙΙ),
1805 5076 1887 5142 padul..

1138 5184 1156 5241 l.
1174 5186 1211 5254 ll,
1221 5191 1304 5242 tract.
1317 5185 1350 5240 de
1362 5185 1445 5242 Orac.
1458 5185 1492 5242 Β.
1506 5186 1623 5252 Franc,
1639 5183 1686 5241 iol.
1699 5181 1756 5251 lli,
1769 5194 1793 5251 p.
1806 5173 1839 5240 l.)

1327 5362 1599 5420 APOPHTHEGllll
1624 5360 1740 5418 ΙΙΙΙΙΙΙΙ.

1168 5478 1432 5549 Gorttempictiorrem
1450 5479 1561 5537 curioso
1577 5477 1670 5534 atat-dio
1687 5465 1868 5546 presentiam·

1174 5604 1370 5674 interrogatus
1397 5617 1412 5658 a
1438 5601 1561 5674 quodam
1584 5600 1678 5669 iratre,
1705 5608 1781 5669 utrem
1803 5586 1885 5644 libratu.
