3950 6200
40 9 558 57 ⁷-

209 148 269 211 187
332 140 337 149 Χ
649 146 704 206 ΑΙ)
726 144 865 206 OPERA
886 146 919 207 S.
944 145 1165 209 FRANCISCI
1186 146 1414 209 assisili'rls
1795 149 1865 211 188

207 305 574 378 citercommendatam‚
582 304 624 367 ab
635 304 751 367 odiosa
759 305 853 383 peste
862 303 1004 366 brucho-
1058 303 1103 367 tis
1124 305 1284 384 lacrymis
1297 307 1472 373 invocasti.
1492 311 1596 382 Pone,
1613 310 1674 383 ait,
1695 324 1864 371 mammas

207 423 282 469 rum
297 405 429 485 penitus
453 402 600 466 servavit
620 402 832 464 indemnem:
849 418 924 463 oum
945 403 1003 465 ta-
1057 404 1133 465 tuas
1146 403 1182 465 in
1195 419 1253 466 ore
1261 406 1396 482 puerili,
1406 407 1563 483 quoniam
1573 407 1786 470 abundanter
1794 407 1866 469 tibi

208 521 285 567 man
299 505 334 566 iu
349 503 490 565 circuitu
505 501 738 562 omniaessent
752 499 911 577 praediota
924 516 1003 577 pes-
1058 500 1111 562 iao
1137 502 1297 563 Dominus
1322 502 1423 565 dabit.
1454 504 1608 580 Implevit
1631 495 1721 566 'anns
1747 505 1863 567 sancti

207 602 340 666 tilentia
354 601 524 662 devorata.
1059 597 1262 671 mandatnm,
1280 601 1313 661 et
1324 602 1435 662 statim
1455 603 1680 678 octogenariae
1701 618 1864 665 mammae

246 702 307 764 Vir
318 700 452 777 quidam
465 697 630 758 Martinus
644 696 790 768 nomine,
814 711 889 757 cum
903 695 1003 773 longe
1058 695 1154 758 lactis
1189 698 1319 775 copiam
1359 698 1560 761 effuderunt.
1596 700 1746 761 innotuit
1778 715 1864 760 om-
1935 738 1936 743 κ

207 814 227 861 a
255 797 365 860 castro
390 812 451 858 suo
477 794 580 857 boves
607 793 769 855 minasset
794 794 836 855 ad
864 808 1000 871 pascua,
1058 793 1156 857 nibus
1181 794 1336 857 mirabile
1357 796 1464 858 sancti
1490 797 1625 868 donum,
1644 798 1760 859 multis
1786 799 1866 858 tam

206 911 283 958 orus
298 894 397 955 unius
410 892 506 955 bovis
521 908 602 954 casu
617 891 760 970 quodam
782 891 832 953 sic
852 890 915 952 init
927 891 1004 953 des-
1057 891 1152 965 viris,
1175 908 1275 969 qnam
1303 893 1514 965 mulieribus,
1526 894 1792 957 accelerantibus
1811 894 1866 955 ad

205 995 319 1071 perata
341 990 560 1063 contractum,
584 992 622 1051 ut
645 989 732 1051 nihil
755 991 846 1053 esset
868 988 934 1050 sibi
961 989 1002 1050 de
1057 989 1248 1051 videndum.
1271 992 1310 1052 nt
1326 992 1404 1069 quia
1417 991 1504 1069 qnod
1524 991 1733 1055 testabantur
1752 992 1865 1063 oculi,

205 1091 353 1153 remedio
375 1089 488 1167 aliquo
520 1088 749 1164 cogitandum.
776 1089 859 1149 Dum
891 1088 1003 1149 autem
1059 1088 1173 1165 lingua
1188 1088 1385 1165 impugnare
1399 1105 1468 1151 non
1481 1091 1614 1165 poterat
1629 1112 1637 1150 :
1654 1088 1865 1153 excitaban-

205 1206 266 1268 pro
286 1187 514 1250 decoriatione
536 1186 621 1248 soret
636 1185 812 1256 sollicitus,
828 1185 1003 1249 etinstru·
1057 1187 1113 1247 tur
1136 1201 1250 1248 omnes
1271 1186 1313 1247 ad
1334 1186 1537 1247 laudandum
1559 1190 1663 1249 Deum
1687 1188 1725 1247 in
1748 1187 1867 1248 macti

205 1287 354 1350 mentum
377 1300 451 1346 curn
474 1299 539 1361 quo
558 1282 592 1344 id
615 1282 750 1354 laceret,
767 1298 837 1344 nou
852 1282 1001 1355 haberet,
1058 1283 1111 1345 sui
1121 1284 1244 1346 virtute
1255 1283 1412 1355 mirabili,
1424 1286 1458 1347 et
1471 1284 1609 1346 amabili
1619 1286 1756 1361 pietate.

206 1384 339 1447 domum
354 1398 510 1445 reversus
524 1384 561 1442 Β.
580 1380 760 1443 Francisco
778 1379 873 1441 bovis
888 1395 1003 1441 curam
1098 1382 1191 1459 Apud
1208 1381 1378 1457 spoletum
1392 1382 1446 1444 vir
1466 1383 1500 1443 et
1523 1398 1621 1453 uxor,
1639 1382 1776 1442 unicum
1790 1381 1867 1443 ha-

206 1481 353 1559 reliquit,
380 1480 555 1558 ipsumque
582 1479 673 1541 iideii
708 1479 817 1541 sancti
843 1478 1003 1540 custodire
1058 1477 1304 1551 bentestilium,
1324 1479 1471 1556 quotidie
1492 1477 1865 1541 iilumuelutbaeredi-

206 1579 407 1642 fiducialiter
421 1577 676 1650 commendavit,
690 1592 733 1638 ne
745 1576 823 1638 ante
838 1592 935 1637 suum
948 1591 1005 1637 re-
1058 1577 1182 1639 tarium
1202 1576 1416 1654 opprobrium
1444 1576 1678 1652 deplorabant3
1704 1575 1865 1638 brachiis

206 1678 311 1741 ditum
333 1677 585 1738 devoraretura
606 1675 705 1753 lupis.
732 1676 867 1735 Summo
889 1673 1003 1751 itaque
1059 1674 1223 1752 siquidem
1248 1674 1334 1735 coilo
1354 1674 1525 1747 connexis,
1535 1674 1731 1751 junctisque
1755 1676 1865 1749 geni-

205 1792 304 1839 mane
317 1775 358 1836 ad
371 1774 490 1836 bovem
505 1773 540 1834 in
556 1772 650 1850 sylva
665 1770 831 1843 relietum,
848 1787 922 1834 oum
938 1787 1003 1833 ex·
1057 1772 1119 1835 bus
1141 1773 1279 1849 pectori,
1302 1775 1336 1834 et
1358 1772 1496 1849 pedibus
1523 1771 1663 1833 naribus
1692 1772 1863 1847 alligatis,

207 1874 371 1936 coriatore
399 1887 568 1943 reversus,
598 1871 789 1947 pascentem
815 1869 924 1947 ipsum
955 1869 1003 1931 ita
1058 1885 1125 1932 non
1140 1870 1286 1933 bominis
1308 1870 1431 1947 proies,
1452 1870 1510 1931 sed
1534 1870 1721 1931 monstrum
1747 1869 1865 1946 quod-

206 1969 592 2042 reinvenitinoqumem,
603 1967 688 2046 quod
705 1983 913 2045 nequaquam
926 1982 1004 2029 crus
1058 1967 1135 2030 dam
1148 1968 1257 2045 potius
1270 1967 1457 2029 videbatur.
1467 1966 1722 2029 vehementiori
1737 1966 1867 2029 mulier

206 2070 348 2131 tractum
367 2066 408 2129 ab
433 2068 538 2129 altero
553 2065 775 2128 discernebat.
792 2065 923 2126 Gratias
936 2065 1005 2141 egit
1058 2082 1101 2128 ex
1130 2066 1194 2129 hoc
1222 2066 1344 2127 afflicta
1379 2065 1493 2127 dolore
1521 2065 1649 2127 crebris
1673 2064 1865 2141 gemitibus

206 2166 293 2229 bono
308 2164 446 2243 pastori,
471 2164 528 2241 qui
552 2162 746 2238 diligentem
768 2161 810 2223 de
834 2160 918 2224 bove
942 2177 1003 2223 suo
1058 2163 1225 2227 clamabat
1242 2163 1283 2224 ad
1308 2164 1486 2236 Christum,
1502 2165 1535 2225 S.
1559 2162 1733 2225 Francisci
1758 2162 1866 2223 auai-

206 2278 321 2326 curam
337 2261 463 2333 habuit,
473 2262 507 2322 et
521 2260 684 2321 medelam
698 2258 846 2320 donavit.
859 2260 1004 2320 Succur-
1058 2263 1140 2324 lium
1164 2261 1361 2334 invocando,
1375 2264 1412 2324 ut
1438 2260 1565 2325 infelici
1584 2260 1659 2333 sihi,
1683 2262 1717 2322 et
1741 2261 1778 2321 in
1800 2260 1863 2321 tali

206 2376 283 2422 rere
306 2361 399 2421 novit
418 2357 554 2419 humilis
576 2355 881 2443 sanctusomnibus
903 2356 1003 2417 invo—
1058 2359 1236 2437 opprobrio
1251 2360 1450 2426 constituta,
1472 2373 1669 2421 succurrere
1691 2358 1862 2434 dignare-

207 2457 361 2521 cantibus
376 2457 497 2534 ipsum,
518 2471 582 2517 nec
603 2455 904 2532 quantumcumque
919 2468 1002 2531 par·
1057 2458 1123 2520 tur.
1137 2459 1242 2521 Nocte
1258 2458 1360 2533 igitur
1374 2455 1527 2534 quadam,
1540 2471 1614 2517 eum
1629 2456 1770 2533 propter
1791 2455 1863 2515 bu-

205 2573 266 2620 vas
282 2554 499 2617 necessitates
514 2552 685 2614 hominum
695 2551 903 2628 dedignatur.
917 2553 1004 2613 Nam
1054 2555 1201 2633 jusmodi
1213 2555 1395 2626 tristitiam,
1412 2554 1517 2640 tristis
1532 2570 1606 2615 eam
1621 2568 1761 2615 somnus
1776 2552 1866 2614 arri·

206 2653 280 2715 viro
300 2651 432 2714 cuidam
452 2650 493 2711 de
513 2650 696 2721 Amiterno,
713 2650 900 2726 jumentum
925 2663 1002 2710 res-
1058 2655 1161 2730 peret,
1188 2653 1343 2730 apparuit
1356 2653 1389 2713 ei
1406 2654 1439 2713 S·
1459 2652 1669 2721 Franciscus,
1692 2651 1760 2727 piis
1780 2666 1860 2713 eam

206 2749 299 2812 tituit
327 2747 416 2809 furto
446 2746 623 2809 sublatum.
650 2746 783 2808 Mulieri
808 2746 940 2807 cuidam
962 2746 1003 2808 de
1058 2750 1215 2813 affatibus
1231 2749 1392 2822 mulcens,
1401 2750 1540 2826 insuper
1551 2752 1585 2811 et
1595 2747 1755 2819 suadens,
1772 2748 1864 2825 quod

207 2845 386 2911 Interduoo
402 2845 549 2907 catinum
567 2859 690 2906 novum
705 2844 740 2905 in
755 2844 877 2906 multas
892 2845 1003 2921 partes
1059 2848 1099 2910 ad
1115 2850 1223 2911 iocum
1239 2848 1474 2926 propinquum,
1489 2862 1550 2908 suo
1572 2846 1702 2908 nomini
1722 2846 1866 2907 dedica-

209 2959 291 3007 oasn
305 2941 462 3013 divisum,
473 2942 601 3017 integre
616 2941 796 3020 reparavit.
810 2941 888 3003 Viro
903 2942 1004 3004 etiam
1057 2948 1140 3019 tum,
1157 2945 1300 3009 deferret
1310 2961 1460 3022 puerum,
1476 2947 1512 3006 ut
1522 2960 1565 3007 ex
1578 2959 1665 3021 aqua
1678 2944 1774 3020 putei
1793 2943 1865 3005 loci

208 3041 341 3120 cuidam
354 3040 395 3102 de
411 3041 523 3102 monte
539 3039 627 3102 Uimi
641 3039 677 3101 in
692 3039 842 3102 Maronia
857 3039 1005 3103 consoli-
1058 3045 1160 3118 iliius,
1177 3045 1215 3108 in
1232 3043 1367 3107 nomine
1388 3043 1520 3105 Domini
1542 3040 1758 3120 superfusus,
1781 3039 1864 3118 pie·

208 3139 299 3201 davit
313 3153 481 3201 vomerem
495 3138 531 3199 in
553 3137 889 3202 frustaconiractum.
1058 3157 1136 3206 nam
1158 3143 1324 3220 reciperet
1341 3141 1547 3218 sospitatem.
1569 3140 1771 3217 Negligente
1791 3155 1864 3200 au-

247 3239 286 3298 In
313 3236 490 3316 sabinensi
523 3236 671 3307 dioecesi,
702 3234 816 3299 vetula
851 3234 1004 3313 quasdam
1058 3240 1205 3303 tamilla
1230 3241 1336 3324 sancti
1358 3238 1540 3315 adimplere
1571 3237 1779 3310 mandatum,
1805 3253 1866 3299 se-

208 3334 422 3410 oetogenaria
442 3334 526 3407 erat,
545 3334 641 3410 cup‘us
665 3332 734 3395 iiiia
760 3333 908 3395 moriens
928 3332 1003 3395 lac·
1059 3337 1167 3401 cundo
1190 3337 1366 3415 replicavit
1388 3336 1421 3398 id
1443 3337 1563 3413 ipsum.
1590 3336 1703 3397 Tertio
1726 3350 1864 3412 quoque

208 3433 333 3495 tentem
359 3430 562 3495 infantulum
589 3430 777 3509 dereliquit.
805 3432 885 3493 Cum
900 3431 1005 3509 igitur
1058 3451 1235 3514 apparens,
1262 3434 1436 3497 mulierem
1459 3449 1534 3495 cum
1558 3448 1662 3510 puero
1686 3448 1794 3509 usque
1817 3431 1864 3494 ad

208 3546 293 3592 anus
328 3529 531 3607 paupercuia
563 3529 663 3606 plena
696 3530 786 3592 esset
809 3529 943 3607 inopia,
970 3529 1004 3591 et
1053 3537 1194 3611 januam
1214 3532 1294 3595 dicti
1308 3532 1386 3605 loci,
1406 3530 1609 3609 praeambuio
1631 3529 1756 3591 ducatu
1779 3544 1865 3605 per-

207 3644 315 3694 vacua
340 3627 437 3700 lacte,
463 3627 623 3706 nullaque
652 3629 740 3690 esset
765 3627 901 3701 mulier,
929 3643 1003 3704 qum
1058 3632 1163 3694 duxit
1190 3629 1595 3707 Supervenieniesautem
1615 3626 1746 3689 nobiles
1759 3642 1862 3705 quae-

209 3726 335 3788 sitienti
359 3726 501 3801 parvulo
535 3724 633 3786 lactis
661 3724 886 3798 stillicidium,
904 3727 1003 3803 iuxta
1058 3729 1134 3791 dam
1148 3730 1309 3790 matronae
1328 3727 1514 3789 devotionis
1532 3741 1634 3787 causa
1654 3725 1698 3786 ad
1712 3724 1865 3801 praedie·

210 3822 297 3901 (iuod
313 3822 674 3898 eligebalssecessiiissr
692 3822 857 3899 limitaret,
878 3839 943 3901 quo
967 3838 1005 3885 se
1058 3811 1127 3891 turn
1142 3827 1263 3899 locum,
1280 3825 1511 3886 eisamuiiere
1522 3823 1662 3901 praelata
1675 3822 1864 3898 diligenter

208 3921 355 3981 verteret
364 3920 476 3982 vetula
488 3920 621 3997 penitus
633 3919 818 3996 ignorabat.
827 3920 1003 3984 Debilitato
1058 3925 1210 4002 exposita
1237 3922 1377 3995 visione,
1407 3937 1474 3982 uua
1505 3936 1581 3982 oum
1611 3919 1685 3997 ipsa
1714 3934 1863 3997 puerum

208 4032 289 4082 vero
304 4016 481 4089 infantulo,
490 4016 738 4095 noctequadam
753 4017 843 4078 omni
856 4017 1004 4080 humano
1059 4021 1217 4085 iratribus
1225 4020 1479 4097 praesentarunt,
1487 4020 1520 4080 et
1526 4017 1723 4079 haurientes
1733 4032 1863 4094 aquam

209 4112 367 4177 destituta
380 4113 539 4187 subsidio,
557 4114 599 4175 ad
609 4114 699 4176 beati
712 4115 818 4191 patris
831 4115 1005 4178 Francisci
1058 4121 1099 4182 de
1114 4120 1352 4196 puteanorum
1374 4116 1519 4177 nobilior
1537 4114 1684 4193 propriis
1696 4114 1861 4175 manibus

209 4213 374 4274 auxilium
392 4212 650 4289 implorandum,
662 4211 885 4288 lacrymarum
898 4212 1004 4276 imbre
1059 4218 1142 4280 iavit
1153 4216 1325 4278 infantem.
1338 4213 1456 4275 Statim
1468 4228 1562 4290 puer,
1574 4210 1731 4273 omnibns
1755 4227 1862 4272 mem·

209 4308 355 4388 perlusa,
371 4311 441 4372 tota
452 4326 490 4372 so
505 4309 616 4371 mente
629 4310 803 4371 convertit.
815 4309 929 4372 Adfuit
941 4313 1005 4374 sta·
1059 4315 1128 4377 bris
1141 4315 1183 4376 ad
1198 4329 1259 4375 sua
1280 4315 1354 4375 loca
1370 4309 1550 4388 perductis,
1567 4325 1669 4370 sanus
1683 4310 1858 4387 apparuit,

209 4408 268 4469 iim
276 4408 464 4470 innocentis
475 4407 827 4482 amatoraetatisziigo,
835 4409 1002 4487 inquiens,
1059 4415 1093 4475 et
1119 4410 1312 4488 magnitudo
1336 4407 1489 4470 miraculi
1519 4406 1674 4470 omnibus
1701 4406 1859 4469 admira-

209 4520 282 4566 sum
300 4506 511 4577 Franciscus,
526 4520 546 4566 o
560 4504 700 4566 mulieri
726 4520 823 4582 quem
838 4522 914 4568 oum
927 4509 1005 4570 tan·
1059 4509 1183 4571 tionem
1197 4507 1329 4569 induxit
1340 4504 1401 4586 (1).

246 4696 287 4772 (i)
305 4696 386 4768 Quod
406 4698 544 4769 sequitur,
564 4711 600 4754 ex
622 4696 795 4757 editionibus
815 4701 953 4761 Vaticana
974 4710 1006 4762 et
1059 4710 1169 4777 patrem
1193 4701 1259 4759 iicet
1281 4711 1352 4756 voce
1380 4696 1504 4766 informi,
1531 4696 1618 4755 corde
1640 4703 1740 4754 tamon
1767 4697 1859 4766 iidoii,

211 4769 345 4836 Suriam,
362 4769 569 4826 Bonaventurae
588 4781 646 4824 non
660 4782 725 4824 esse
737 4768 870 4828 videtur:
1079 4780 1142 4831 rout
1166 4778 1285 4845 potarat,
1307 4768 1467 4826 invocabat.
1491 4770 1567 4825 liora
1588 4782 1657 4823 vero
1681 4769 1857 4836 matutinali,

246 4837 330 4914 Apud
351 4837 502 4920 segusiam
520 4836 634 4919 juvenis
657 4837 772 4908 quidam
792 4838 827 4896 de
848 4840 1002 4914 Riparoiio,
1060 4791 1192 4902 {artibus
1210 4840 1341 4898 omnibus
1356 4839 1385 4895 in
1399 4839 1520 4896 ecclesia
1539 4837 1671 4894 laudibus
1684 4836 1794 4896 divinis
1811 4840 1855 4895 in-

210 4904 655 4975 Ubertinusnomrne,0rd1nem
681 4905 799 4965 bouum
813 4910 953 4969 itinerum
964 4914 1006 4970 in·
1059 4915 1156 4982 tentis,
1178 4925 1247 4969 eece
1264 4914 1295 4968 B.
1310 4918 1390 4984 pater
1410 4908 1507 4966 habitu
1535 4907 1653 4966 fratrum
1672 4907 1804 4978 indutus,
1828 4909 1857 4966 in

246 4995 342 5050 essus3
369 4978 523 5036 novitiatus
548 4977 593 5032 sni
616 4984 755 5048 tempore,
773 4976 880 5037 horridi
908 4983 1003 5051 cujus·
1059 4983 1224 5042 infirmaria
1242 4981 1305 5038 loeo
1326 4978 1443 5053 prelato
1464 4980 1572 5036 novum
1587 4979 1683 5043 astitit,
1698 4978 1858 5052 lumenque

209 4999 277 5113 {aar
299 5047 511 5176 perturbatione
524 5047 653 5173 tpavoris
683 5046 802 5104 incurrit
828 5053 982 5108 amentiam
994 5068 1004 5124 ;
1060 5070 1117 5112 nnn
1140 5051 1283 5110 modicum
1303 5052 1332 5108 in
1355 5050 1518 5109 habitaculo
1539 5050 1585 5106 iiio
1609 5046 1730 5106 refulsit
1748 5054 1787 5109 lit
1805 5066 1856 5108 ex·

239 5125 296 5182 tius
336 5133 464 5176 eexrae
492 5131 523 5172 ar

209 5133 338 5253 {ffuduffn
361 5197 391 5246 et
412 5134 543 5269 luggam
564 5194 728 5269 sumusnotu
742 5189 837 5246 amist
855 5196 885 5248 et
906 5205 1003 5253 sensu.
1060 5197 1118 5268 pite
1130 5192 1269 5277 usquead
1287 5192 1376 5276 pedes
1396 5193 1521 5249 suaviter
1544 5190 1741 5262 contingendo
1765 5191 1855 5249 dedu·

211 5264 281 5324 cum
304 5268 397 5317 autern
435 5259 477 5314 sic
506 5256 684 5326 miserabilis,
714 5271 771 5314 nou
799 5261 861 5318 siue
886 5260 1005 5322 fratrum
1059 5281 1139 5334 oens,
1160 5264 1267 5337 digitos
1285 5278 1314 5320 m
1338 5263 1480 5321 auriculas
1502 5261 1589 5330 misit,
1616 5260 1803 5334 quodamque
1828 5263 1857 5318 in

211 5334 300 5392 muita
314 5328 448 5410 maestitia
461 5328 617 5411 perplures
629 5326 691 5384 dies
702 5328 732 5384 iu
749 5329 853 5387 lectulo
864 5331 1002 5393 decubas-
1059 5336 1158 5393 dextro
1183 5333 1302 5392 humero
1325 5332 1466 5405 impresso
1488 5330 1654 5388 charactere
1671 5348 1684 5412 ¹:
1712 5333 1775 5389 iioc
1795 5332 1855 5401 tibi,

211 5411 266 5472 set,
281 5404 314 5459 Β.
330 5402 473 5457 Francrscr
496 5400 664 5479 solemnitas
681 5412 714 5455 su
753 5402 855 5469 rvenit,
872 5404 901 5460 in
924 5418 1006 5477 oopus
1060 5407 1109 5474 alt,
1121 5408 1238 5478 signum
1249 5406 1313 5471 erit,
1324 5402 1401 5475 quod
1411 5405 1487 5460 Deus
1500 5417 1550 5473 per
1563 5416 1619 5471 me,
1631 5404 1857 5474 oupusexernpio

211 5471 319 5546 vigilia,
336 5482 473 5526 concesso
482 5468 538 5525 subi
550 5470 644 5542 aliquo
651 5467 707 5527 luci
728 5472 914 5544 ointervalio,
926 5477 1005 5548 pium
1059 5477 1161 5534 ductus
1174 5475 1343 5548 religionem
1366 5474 1486 5542 intrasti,
1501 5472 1585 5544 piene
1601 5479 1630 5529 te
1640 5472 1765 5530 restituit
1777 5474 1854 5531 sani·

546 5116 815 5189 sparaiysismorbo
857 5122 1003 5193 ovissima,
1059 5132 1171 5182 tensam
1192 5137 1309 5178 manum
1328 5120 1557 5194 superdextrum
1577 5120 1654 5176 iliius
1673 5118 1855 5190 latus‚aoa-
