3950 6200
269 279 330 343 aar
696 280 729 341 s.
753 267 930 342 snronn
957 279 1146 342 panorm
1171 281 1312 342 ornan
1336 281 1484 344 onum.
1522 257 1525 260 ’
1821 291 1866 351 aa

270 442 306 504 et
318 440 455 512 clamor,
474 440 509 501 et
527 437 737 516 blasphemia
750 438 889 502 tollatur
911 455 932 501 a
954 437 1062 514 vobis,
1117 437 1195 500 rllla
1210 437 1345 501 labitur.
1360 439 1570 503 Ponderosus
1586 438 1686 517 igitur
1699 445 1755 517 est,
1768 446 1817 523 qui
1827 449 1868 510 to-

270 554 346 601 cnm
375 537 465 599 omni
491 535 669 598 malitia.»
693 537 763 599 Htsi
788 537 877 598 enim
903 537 1063 614 praelatus
1117 534 1160 597 tis
1198 535 1456 612 cogitationibus
1499 538 1535 598 iu
1574 537 1710 601 lascivia
1737 541 1865 618 deluens,

268 635 428 712 grandem
441 632 542 696 babet
556 649 686 709 nasum,
703 634 790 696 idest
815 634 1062 708 discretionem,
1117 631 1247 709 pondus
1279 632 1495 710 turpitudinis
1520 635 1629 710 gestat
1658 635 1692 696 in
1718 639 1868 716 corde;et

269 748 336 794 non
351 731 447 793 debet
458 746 532 793 esse
545 731 816 804 contumeliosus,
837 733 871 794 et
884 731 1063 808 indignans
1117 729 1269 807 quamuis
1283 744 1387 807 prava
1407 745 1509 806 opera
1534 746 1600 792 non
1617 737 1771 806 exerceat,
1784 736 1818 797 ab
1836 739 1867 799 iis

268 828 309 891 ad
327 828 488 901 subditos,
503 829 562 890 sed
577 846 652 890 cum
671 827 881 901 rectitudine,
906 830 940 892 et
962 845 1062 891 man·
1117 826 1228 888 tamen
1241 841 1309 887 non
1323 826 1474 889 elevatur
1487 828 1523 888 in
1538 830 1657 890 mente.
1673 831 1809 909 Quisquis
1819 835 1867 909 igi-

171 917 175 932 ’
269 926 446 989 suetudine
458 941 495 987 se
507 925 642 987 habere.
655 927 774 988 Fracto
787 926 880 1006 pede,
892 926 946 987 rel
960 940 1062 987 manu
1117 924 1173 985 tur
1184 923 1332 1001 quolibet
1351 923 1471 986 borum
1492 925 1574 987 uitio
1597 924 1732 1000 laborat,
1758 935 1868 994 nonest

266 1019 330 1094 est,
346 1019 403 1097 qui
417 1019 484 1092 via,
502 1033 600 1097 quam
626 1018 735 1092 docet,
756 1021 894 1082 omnino
916 1034 984 1082 nan
1008 1018 1063 1082 in·
1117 1020 1239 1096 dignus
1253 1020 1384 1098 ingredi
1398 1021 1433 1082 in
1447 1021 1698 1084 tabernaculum
1719 1025 1757 1085 ad
1774 1026 1865 1088 minis·

268 1116 358 1178 cedit
372 1137 381 1176 ε
397 1116 454 1194 qui
475 1132 542 1178 non
557 1117 594 1179 ut
608 1115 758 1190 claudus,
778 1117 835 1180 vel
854 1117 971 1179 saltem
986 1132 1061 1178 cum
1116 1117 1287 1190 trandum,
1303 1121 1340 1180 ut
1354 1118 1473 1181 offerat
1486 1133 1590 1196 panes
1605 1121 1739 1183 Domino
1750 1124 1815 1185 Deo.

268 1212 466 1276 infirmitate
478 1214 598 1292 pergit,
613 1213 672 1276 sed
695 1214 833 1277 omnino
847 1213 888 1277 ab
911 1227 952 1277 ea
977 1213 1063 1276 alie-

267 1323 398 1375 namse
411 1309 502 1385 iacit,
523 1326 590 1373 non
611 1326 750 1374 seruans
773 1327 875 1390 opere
890 1309 978 1389 quod
1002 1310 1063 1373 do·
1123 1318 1125 1322 “

266 1409 320 1470 cet
335 1421 508 1484 sermone3
534 1408 577 1470 ad
591 1423 689 1487 quem
713 1407 796 1471 dicit
820 1407 982 1471 Dominus
1002 1423 1063 1485 per
1368 1367 1511 1428 SERMO
1531 1368 1651 1430 mn·

267 1505 392 1567 isaiam
418 1504 482 1585 (35,
501 1503 537 1586 3)
554 1505 777 1581 :confortate
800 1521 927 1569 monus
947 1509 1060 1569 cuso·
1134 1510 1178 1566 Do
1198 1507 1323 1580 clericis,
1336 1516 1365 1568 et
1378 1508 1415 1568 de
1432 1512 1563 1584 ponlonc
1581 1510 1750 1572 hereditatis
1762 1528 1846 1571 eona.

266 1604 368 1672 tutos,
390 1604 684 1680 etpenuadermc
703 1605 876 1667 roborate.
897 1602 1063 1667 ambesus
1522 1659 1528 1670 .
1826 1661 1853 1673 ..

267 1700 329 1773 est,
344 1715 441 1778 quem
469 1700 614 1763 terrenas
642 1701 836 1778 cupiditatis
862 1701 1003 1780 pondus,
1028 1703 1063 1765 et
1115 1654 1284 1716 Donum
1299 1668 1385 1728 ’Μ
1398 1656 1615 1718 'mamm
1627 1671 1723 1732 'm'
1737 1658 1766 1720 ‘n
1781 1663 1865 1720 “m

266 1796 456 1859 sollicitudo
471 1797 637 1876 deprimit,
656 1815 700 1861 ne
720 1799 761 1860 ad
784 1815 929 1877 superna
947 1799 1060 1878 respi-
1344 1755 1424 1814 Μ’
1442 1750 1678 1833 (Psal‘15'5')

266 1894 344 1967 ciat,
358 1894 415 1955 sed
430 1895 472 1956 ad
493 1911 545 1969 ea,
561 1911 635 1973 qrrae
647 1896 683 1957 in
697 1896 821 1958 infimis
836 1899 924 1970 sunt,
945 1896 1060 1960 inten-
1156 1887 1443 1970 Quamprimum
1458 1894 1632 1956 tonsuram
1645 1894 1813 1973 recipimus,
1823 1898 1865 1956 Dr

266 1990 334 2053 dat.
349 1992 413 2053 Hic
424 1993 474 2053 est
488 1989 610 2055 mulier
621 1993 680 2054 illa
693 2009 807 2067 curva,
825 2011 897 2072 quaa
910 1996 945 2056 in
956 1997 1062 2056 Hvan·
1115 1988 1242 2050 minum
1251 1992 1378 2066 partem
1387 1990 1593 2054 naemdiuus
1601 1995 1721 2055 nostrae
1729 1992 1862 2066 sortium

266 2087 356 2165 gelio
371 2103 407 2151 se
422 2089 553 2166 erigere
568 2103 635 2152 non
649 2092 790 2167 poterat,
805 2092 863 2153 sed
877 2091 990 2154 multis
1004 2108 1061 2154 an·
1115 2084 1204 2148 unde
1227 2087 1260 2149 et
1284 2088 1374 2150 bunc
1396 2103 1530 2151 versum
1552 2092 1636 2152 tunc
1657 2090 1794 2152 dicimus.
1813 2091 1864 2150 lla·

264 2186 319 2246 nis
331 2185 492 2249 inclinata
503 2189 601 2264 juxta
616 2189 754 2261 terram,
775 2201 878 2251 curra
892 2189 1057 2251 manebat.
1114 2181 1230 2245 bentes
1244 2184 1348 2261 igitur
1370 2186 1546 2248 Dominum
1569 2187 1797 2258 haeroditatem
1813 2201 1867 2247 00³·

269 2279 394 2360 Lippus
407 2281 468 2357 est,
486 2287 582 2362 cujus
596 2285 767 2362 ingenium
790 2284 922 2359 emicat,
939 2285 996 2347 sed
1011 2286 1059 2346 il·
1115 2295 1192 2342 sare
1212 2279 1255 2343 ab
1273 2281 1455 2345 ambitione
1479 2283 1589 2345 omnis
1615 2285 1748 2347 uberius
1769 2284 1810 2345 rei
1824 2282 1866 2343 de·

269 2375 338 2453 lud,
362 2380 505 2442 virendo
532 2382 724 2455 carnaliter,
747 2382 913 2445 obscurat.
936 2383 1061 2460 Lippus
1113 2375 1240 2440 bemus.
1257 2380 1328 2440 Hoc
1346 2381 1410 2452 est,
1423 2381 1511 2458 qnod
1525 2382 1687 2442 Dominus
1702 2380 1865 2458 praecepitii

140 2498 146 2509 ·
266 2476 443 2554 palpebras
467 2476 569 2540 babet
590 2478 725 2541 inflatas
757 2495 801 2542 ex
823 2479 918 2541 duxu
940 2478 1061 2542 humo-
1114 2474 1865 2557 Numens(1a‚ao):‹1nterraeorumninnpos

265 2587 339 2635 rum
352 2574 520 2637 corduno.
538 2576 593 2636 Sic
607 2576 641 2638 et
655 2575 731 2638 dum
744 2576 938 2654 temporalis
952 2575 1061 2638 abun·
1115 2567 1278 2646 sideritis,
1290 2587 1353 2635 nec
1364 2573 1667 2655 haemditabitistt)
1682 2574 1866 2653 11311θωί11111

265 2665 380 2732 dantia
412 2665 531 2743 eliluit,
562 2672 773 2735 discretionis
805 2673 973 2752 palpebris
1000 2689 1061 2750 per
1113 2677 1182 2729 eos.
1209 2671 1278 2746 ligo
1299 2683 1377 2747 pars
1400 2671 1434 2733 et
1455 2670 1638 2734 baereditas
1664 2675 1767 2735 restra
1787 2669 1823 2750 (t)
1841 2668 1864 2728 in

266 2766 457 2842 superbiam
469 2770 741 2841 tumescentibus,
765 2770 928 2847 lippitudo
953 2771 1059 2848 spiri·
1114 2764 1222 2827 medio
1248 2766 1394 2829 filiorum
1421 2768 1570 2830 lsrael)
1597 2768 1785 2843 8111116180
1801 2765 1863 2834 sunt,

266 2862 366 2924 tualis
378 2865 572 2926 succrescit.
585 2864 784 2942 albuginem
794 2866 893 2928 babet
904 2867 1057 2941 inoculo,
1114 2862 1171 2939 qui
1185 2861 1413 2926 haereditatem
1426 2880 1524 2926 suam
1535 2866 1574 2925 iu
1588 2867 1678 2927 terra
1690 2863 1867 2932 oomiitumt,

266 2957 323 3036 qui
339 2958 380 3020 de
395 2959 536 3022 scientia
551 2975 612 3022 sua
627 2977 687 3038 per
700 2963 927 3039 arrogantiam
943 2978 1057 3025 excae·
1113 2957 1147 3021 et
1169 2961 1274 3021 Deum
1299 2959 1499 3038 promissam
1522 2961 1588 3022 sibi
1611 2962 1867 3023 baereditatemre-

265 3055 371 3118 catur.
389 3055 522 3134 Pupilla
547 3053 637 3120 enim
653 3058 750 3135 nigra
772 3059 873 3134 ridet,
890 3060 967 3123 alba
991 3063 1057 3124 noir
1113 3055 1279 3135 linquunt,
1305 3059 1342 3120 ut
1368 3057 1452 3121 dicii
1472 3058 1697 3138 Hieronymus
1716 3055 1768 3137 (3).
1788 3058 1864 3130 Rogo,

264 3152 366 3228 videt,
382 3154 461 3232 quia
478 3155 535 3232 qrri
557 3170 594 3217 se
616 3154 765 3228 stultum,
791 3158 824 3220 et
849 3161 1058 3235 peccatorem
1114 3166 1179 3232 quo
1192 3154 1319 3232 pudore
1335 3152 1382 3235 (4)
1407 3158 1511 3217 Deum
1535 3156 1720 3219 mercedem
1742 3149 1864 3229 obsequii.

266 3249 435 3326 intelligit,
453 3250 677 3328 cognitionem
704 3253 845 3316 internae
871 3254 1057 3337 charitatis,
1112 3250 1167 3313 vel
1181 3250 1307 3312 laboris
1321 3254 1433 3328 speret
1446 3252 1482 3312 in
1497 3252 1594 3326 coelo,
1612 3255 1706 3332 cujus
1719 3245 1864 3313 omnisml·

263 3346 317 3408 rei
332 3346 498 3423 claritatis
512 3348 743 3427 apprehendit.
758 3350 796 3427 ,Sl
811 3348 924 3415 autem
939 3350 1060 3414 cando·
1113 3346 1252 3409 licitudo
1266 3347 1367 3410 inerit
1387 3348 1424 3409 iu
1441 3352 1555 3411 terrai
1577 3352 1621 3411 Et
1640 3352 1748 3428 postea
1765 3345 1863 3407 subdit:

264 3459 336 3506 rem
346 3440 499 3523 iustitiae,
515 3446 550 3509 et
562 3442 736 3525 sapientia
750 3462 820 3510 suae
845 3444 910 3510 sihi
928 3446 1057 3525 tribuit,
1113 3444 1377 3505 ‹Mercenarius
1398 3445 1515 3506 sarculi
1533 3460 1603 3507 non
1627 3446 1731 3523 potest
1750 3441 1866 3517 accipere

263 3540 374 3604 aluce
394 3556 547 3620 supernae
560 3544 760 3621 cognitionis
775 3560 812 3607 se
825 3542 984 3607 excludit.
999 3546 1061 3610 lua
1114 3541 1288 3617 praemium
1307 3538 1445 3603 (lin-isti.¹
1457 3541 1577 3604 »Dicit
1592 3543 1696 3619 igitur
1707 3542 1756 3603 vir
1765 3538 1863 3617 justus:

264 3650 339 3714 gem
355 3636 501 3701 scabiem
526 3638 640 3711 babet,
655 3640 710 3702 oui
735 3641 849 3703 carnis
873 3634 1059 3719 petulantia
1114 3636 1307 3699 «Dominus
1320 3638 1621 3715 pars-baereditatis
1637 3655 1728 3711 meae,
1740 3630 1866 3699 etcalicis

265 3733 473 3798 incessanter
487 3734 689 3819 dominatur.
707 3732 744 3799 ln
758 3737 872 3800 scabie
888 3738 977 3800 enim
996 3739 1061 3800 fer·
1113 3733 1193 3795 mei.
1208 3734 1306 3806 Pars,
1319 3734 1407 3797 idest
1419 3750 1576 3797 mercast
1596 3737 1725 3808 calicis,
1740 3732 1810 3795 idest
1822 3726 1865 3789 ui

265 3844 329 3893 ror
342 3830 508 3895 uiscerum
521 3832 563 3894 ad
579 3837 688 3897 cutem
708 3834 864 3907 trabitur,
882 3850 943 3912 per
961 3848 1060 3913 quem
1113 3829 1308 3903 bulatiouis,
1328 3837 1363 3893 et
1383 3831 1561 3909 passionis,
1578 3848 1679 3911 quam
1692 3847 1748 3910 pro
1764 3824 1863 3890 nonin

264 3926 400 3990 luxuria
412 3927 618 4007 designatur.
631 3933 715 3993 Dum
729 3928 842 3994 terror
860 3932 972 3993 camis
984 3932 1061 3994 inti·
1114 3929 1187 4004 ejus
1211 3926 1374 3999 sustineo,
1399 3928 1434 3990 ei
1455 3944 1531 3989 cum
1554 3928 1777 3997 delectatione.
1797 3916 1864 3999 quasi

266 4023 354 4085 ruins
367 4025 463 4098 vivit,
480 4027 643 4104 usquead
657 4030 885 4105 operationem
899 4029 995 4090 extra
1007 4028 1061 4091 de·
1114 4023 1254 4086 calicem
1269 4021 1362 4085 bibo.
1381 4024 1476 4088 Unde
1494 4025 1718 4104 Hieronymus
1734 4016 1868 4085 :cenns-

265 4119 406 4183 rlvatur.
418 4118 648 4199 impetiginem
658 4120 758 4186 babet
767 4125 803 4185 in
818 4138 957 4202 corpore
967 4125 1061 4201 quis-
1114 4122 1207 4184 tiano
1216 4118 1342 4184 uexilla
1352 4121 1461 4184 crucis
1472 4124 1550 4185 sunt
1559 4122 1702 4193 deliciae,
1715 4113 1864 4193 strophae

265 4218 340 4297 quis
354 4219 497 4282 avaritia
518 4222 670 4284 vastatur
689 4222 725 4282 in
751 4223 872 4284 mente.
899 4222 1062 4298 impetigo
1113 4219 1192 4280 ritae
1206 4219 1331 4281 noema
1343 4234 1410 4281 non
1420 4219 1559 4297 pompis,
1572 4220 1631 4281 sed
1641 4216 1776 4281 miseriis
1784 4222 1868 4288 repar

264 4316 385 4394 quippe
395 4317 469 4379 sine
481 4316 596 4379 dolore
607 4334 729 4395 corpus
744 4320 894 4395 occupat,
906 4318 939 4380 et
953 4333 1060 4381 mem-
1113 4316 1237 4378 tantm.
1252 4330 1272 4376 ›
1286 4318 1356 4377 Hoc
1370 4318 1422 4378 est
1439 4316 1527 4394 quod
1546 4316 1582 4378 ln
1601 4315 1751 4379 Numeris
1764 4310 1816 4390 (18,
1828 4300 1867 4381 ¹⁹1

262 4410 397 4473 brorum
412 4412 567 4476 decorem
589 4410 700 4477 ioedat
729 4404 797 4477 Sic'
810 4415 953 4477 avaritia
979 4415 1058 4476 ani·
1113 4411 1238 4489 legitur
1258 4434 1266 4473 ε
1288 4429 1308 4472 «
1329 4414 1467 4495 Pactum
1489 4413 1572 4476 salis
1595 4417 1648 4476 est
1670 4409 1865 4488 sempiternum

266 4511 643 4586 mumquemdelectat,
659 4512 842 4586 exulcerat,
859 4510 1060 4575 etvirtutum
1114 4524 1228 4571 coram
1248 4510 1399 4582 Domino,
1424 4509 1498 4585 tibi,
1520 4525 1561 4573 ac
1583 4511 1664 4573 tiliis
1685 4509 1757 4572 tuis.
1774 4495 1864 4574 ,Quid

266 4604 419 4667 decorem
443 4606 607 4685 deturpat.
635 4609 861 4683 Ponderosus,
889 4610 961 4672 sive
981 4608 1061 4671 irer-
1114 4608 1165 4670 est
1185 4606 1319 4684 pactum
1340 4606 1434 4680 salis,
1456 4607 1524 4669 nisi
1542 4610 1675 4686 pactum
1690 4596 1866 4684 podiense,

264 4701 380 4763 niosus
403 4702 464 4778 est,
481 4704 538 4780 qui
557 4706 798 4782 turpitudinem
816 4722 884 4768 uon
903 4704 1005 4769 habet
1025 4707 1060 4769 in
1114 4705 1147 4767 et
1159 4705 1395 4767 macerationis
1406 4705 1538 4768 carnis?
1550 4704 1628 4768 Sale
1641 4705 1726 4767 enim
1737 4694 1866 4762 saliuntur

261 4814 378 4878 opere,
406 4800 465 4862 sed
486 4800 596 4867 adbuc
624 4803 826 4880 cogitatione
849 4806 1012 4880 gravatur
1024 4805 1059 4865 in
1114 4816 1251 4876 carnes,
1265 4817 1312 4864 ne
1320 4802 1640 4879 vermescantaideo
1651 4798 1750 4863 Marci
1760 4795 1797 4875 (9,
1810 4786 1865 4865 4⁸)²

266 4898 387 4960 mente.
402 4898 478 4960 Non
491 4899 580 4960 enim
590 4899 631 4961 ad
644 4916 726 4978 opus
738 4899 904 4962 netarium
917 4902 1058 4978 rapitur,
1115 4900 1232 4963 Omnis
1242 4904 1336 4963 enim
1345 4898 1634 4975 ignesottetumt
1644 4900 1750 4961 morab
1757 4891 1864 4989 010ch

264 4994 322 5056 sed
344 4996 457 5057 animo
489 4995 525 5057 in
553 4994 688 5059 luxuria
714 4997 908 5060 delectatur.
934 4997 1060 5060 Vitium
1113 5003 1184 5060 autc
1197 4998 1361 5071 scitatum·
1374 4990 1865 5075 quastdicat:Ornniseniml111

264 5091 421 5169 ponderis
436 5093 498 5165 est,
515 5109 590 5155 cum
607 5094 728 5155 humor
741 5094 909 5156 viscerum
935 5094 977 5157 ad
1002 5097 1059 5157 vi·
1115 5110 1152 5156 se
1171 5097 1239 5157 Deo
1253 5093 1325 5158 ruit
1338 5092 1506 5157 victimam
1520 5093 1646 5167 iacere,
1663 5091 1730 5154 sale
1744 5093 1866 5150 macera·

301 5293 343 5365 (ll
361 5293 469 5367 vulg:
486 5292 636 5355 habebitis.
1114 5310 1179 5379 esse
1202 5294 1318 5381 quidam
1340 5296 1475 5380 auctoris,
1502 5281 1678 5369 Hieronymo
1697 5300 1782 5371 umen
1800 5282 1866 5340 111111

300 5364 345 5575 {²3
363 5365 556 5448 vulgatus..
611 5437 617 5450 ⁸
670 5436 706 5451 ..
778 5454 779 5457 Ἴ
816 5438 822 5451 ¹
1114 5367 1181 5448 olim
1196 5367 1367 5467 adscriptam
1385 5367 1510 5425 editores
1525 5366 1654 5425 latentur.
1676 5361 1862 5476 laciniatim

314 5435 331 5491 ³
363 5434 453 5507 Epist.
466 5434 502 5493 de
516 5444 636 5495 scientie
649 5437 754 5495 divium
765 5437 849 5512 legis.
1114 5444 1152 5495 sta
1170 5439 1291 5511 legitur.
1310 5439 1428 5512 «Rogo,
1444 5452 1502 5510 quo
1539 5436 1625 5495 udore
1643 5435 1771 5505 obsequi·
1784 5432 1822 5483 ⁸¹¹¹

279 5572 285 5585 ,
315 5504 343 5571 4)
363 5506 452 5586 Rogo,¹
462 5522 515 5576 uno
531 5509 648 5589 pudore,
663 5515 718 5567 etc.
738 5511 906 5582 Epistulam,
926 5522 982 5582 qna
998 5509 1057 5565 ius·
1113 5507 1191 5566 boris
1204 5511 1248 5565 sui
1264 5507 1425 5565 mercedem
1441 5522 1524 5580 spera
1546 5508 1567 5565 't
1582 5508 1610 5565 ln
1626 5508 1706 5576 ooelo,
1722 5488 1863 5574 primicerii

266 5573 374 5632 tituttur
397 5589 506 5634 amicus
529 5592 559 5635 ru
582 5580 701 5637 scientia
723 5579 827 5639 divinae
850 5580 935 5652 legis,
958 5580 1060 5638 lucerii
1114 5578 1273 5637 sollicitudo
1287 5580 1382 5637 omnis
1396 5580 1425 5637 iu
1439 5578 1564 5637 terrai·
