3950 6200
114 356 161 416 845

458 350 566 411 Pras
595 350 740 410 Purus.
759 379 801 394 -
821 350 1039 409 ffiPOSlTIO
1069 348 1113 408 IN
1141 346 1343 408 Psanites

1657 348 1717 408 846

114 510 191 591 quasi
203 507 367 570 locustas»
381 504 467 585 (Job.
481 509 534 582 39,
545 506 620 585 aopi
631 509 745 569 Justus
756 506 790 568 in
806 507 870 569 hoc
925 506 1049 583 flgitur,
1075 508 1237 569 commota
1261 506 1372 577 merit,
1399 507 1532 569 nonest
1551 506 1671 568 mirum
1687 506 1716 568 εἰ

112 622 213 671 norem
226 603 353 666 locusta
368 603 465 680 gerit,
482 605 560 681 quia
583 604 670 666 sicut
691 605 818 666 locusta
834 605 869 665 in
924 621 1017 666 mens
1032 606 1177 666 humana
1189 622 1249 666 suo
1264 604 1494 681 compatiendo
1506 605 1718 681 Redempterl

112 719 188 767 naue
204 703 312 778 torpet
329 703 361 762 et
376 703 482 777 magis
498 702 532 762 in
549 701 678 763 terrore
693 702 772 776 diei,
788 703 869 763 etin
924 701 1120 765 conturbata
1155 702 1210 767 sit,
1245 704 1280 764 et
1316 704 1494 777 commota3
1536 717 1613 762 cum
1643 702 1716 778 ipso

111 804 203 864 astate
226 800 256 859 in
293 798 404 859 volatu
438 814 497 858 suo
529 799 648 873 lervet;
680 799 728 859 sic
758 800 869 874 iustus
924 800 1057 862 Christo
1078 800 1238 861 moriente
1262 818 1280 859 c
1301 799 1477 861 laetasint
1491 799 1636 861 tenebrae
1655 814 1716 860 su-

111 899 211 976 puanto
222 895 333 956 lortius
346 895 527 971 insurgunt
539 895 791 958 tribulationum
806 896 872 955 im·
923 912 983 974 per
1002 898 1125 959 terram
1142 897 1286 975 (Matth,
1302 901 1352 969 27,
1369 896 1423 974 45)
1446 897 1716 963 :sohtenelsrata

110 998 203 1072 petus,
230 994 316 1054 tante
341 992 512 1055 robustius
541 992 581 1052 ad
611 993 680 1053 alla
708 994 868 1053 virtutum

110 1092 222 1153 avolans
233 1090 265 1150 in
280 1090 476 1151 sustinendo
491 1106 527 1151 se
542 1090 687 1151 exercet.

138 1187 276 1264 Sequitur
300 1186 340 1247 de
363 1188 561 1248 constantia.
592 1187 784 1248 Constantia
808 1201 870 1247 au-

108 1288 158 1347 tem
170 1283 214 1345 est
226 1284 351 1345 stabilis
364 1283 466 1345 animi
483 1284 636 1355 firmitas,
648 1286 680 1346 et
693 1285 728 1344 in
743 1299 868 1360 prope-

107 1383 156 1444 sito
166 1397 390 1458 perseverans;
406 1381 494 1442 unde
510 1380 570 1442 Joh
585 1379 648 1458 (39,
673 1379 727 1459 21)
751 1403 759 1441 :
782 1386 868 1442 Tar·

107 1483 296 1554 remandato
312 1481 416 1553 sedit·
445 1478 540 1555 quasi
556 1478 644 1539 dicat
661 1494 669 1537 :
685 1479 729 1538 Si
743 1481 868 1539 terram

107 1575 205 1650 angula
227 1591 291 1636 nou
317 1574 462 1647 lederet,
490 1575 594 1636 animi
619 1574 775 1636 firmitate
801 1591 867 1635 non

106 1672 272 1747 prevaleret
287 1693 295 1732 z
311 1673 540 1734 Constantiam
555 1672 645 1733 enim
660 1672 795 1737 amittit,
811 1673 868 1748 qui

104 1771 282 1828 terrenarum
293 1783 405 1830 rerum
421 1784 568 1830 amorem
585 1770 724 1839 sortiter,
741 1770 774 1830 et
788 1768 868 1829 tina·

103 1863 163 1925 liter
174 1880 233 1926 uon
244 1866 388 1942 repellit.
401 1865 491 1927 Talis
506 1868 559 1927 est
570 1866 740 1937 fortitude,
751 1867 784 1927 et
795 1869 866 1943 ejus

103 1961 215 2037 species.
232 1963 293 2024 Sed
307 1964 387 2040 quia
402 1979 543 2047 carmen
566 1963 629 2023 hoc
647 1979 764 2040 parum
784 1978 864 2039 prc-

103 2055 178 2127 derit,
192 2059 253 2119 nisi
263 2060 338 2136 quis
351 2074 425 2120 eam
436 2060 649 2133 custodierit;
664 2061 698 2122 et
707 2060 784 2136 quia
793 2059 866 2119 sine

101 2153 151 2214 Deo
163 2157 266 2231 nequit
277 2155 450 2227 custodiri,
467 2156 548 2217 dicit
560 2157 724 2232 Propheta
738 2178 745 2216 ε
760 2158 867 2217 «For-

99 2248 244 2313 titudinem
254 2268 363 2315 meam
373 2252 414 2314 ad
426 2255 458 2314 te
470 2254 667 2321 custodiam,
679 2255 864 2330 »anquam

99 2345 129 2405 ad
139 2348 285 2425 radicem3
297 2350 378 2427 quia
394 2349 482 2411 sicut
497 2350 596 2411 radix
611 2353 788 2412 conservat
800 2365 860 2411 ar·

98 2441 197 2516 boren,
217 2447 264 2508 sic
287 2446 520 2508 misericordia
547 2449 679 2508 Domini
703 2447 865 2524 praevenit

99 2538 207 2615 torem,
232 2545 265 2606 et
294 2546 475 2607 conservat
501 2544 697 2607 fortiorem.'
720 2545 755 2605 Si
784 2560 863 2620 ergo

97 2639 163 2711 apud
178 2640 289 2715 ipsum,
310 2645 472 2719 tanquam
494 2640 595 2703 arhor
613 2642 701 2719 apud
716 2643 862 2703 radicem

97 2747 147 2795 son
157 2739 344 2811 custoditur,
362 2739 478 2817 procul
492 2738 592 2800 dubio
603 2739 736 2810 arescit,
746 2741 863 2802 etcon·

97 2833 222 2896 sumitur.

339 3015 479 3076 sanilo
501 3015 595 3075 CVII.

106 3147 304 3221 Deprenitentia
327 3159 357 3209 et
378 3151 520 3225 quemme
542 3168 595 3226 per
617 3153 841 3211 commotlcnem

345 3249 462 3299 meatur
474 3242 581 3299 anime:

92 3371 283 3444 Concavata
302 3378 451 3451 terram,
472 3377 506 3438 et
521 3378 735 3439 conturbasti
756 3392 834 3439 cam
847 3395 859 3438 .·

118 3482 193 3532 sono
219 3473 448 3535 contritiones
466 3475 555 3570 ojus
578 3477 660 3552 unta
688 3475 859 3536 commoto

119 3569 170 3628 cst.
185 3568 285 3649 (Psal.
302 3571 356 3642 59,
370 3568 417 3649 4.)

118 3708 262 3785 Ecclesia,
279 3712 409 3791 quasin
419 3712 620 3789 praecedenti
634 3713 807 3775 [lominica
821 3712 857 3773 in

88 3806 241 3882 amictae
256 3812 290 3872 et
303 3809 507 3872 contritione
529 3810 709 3871 constituta
732 3810 859 3872 clama·

87 3904 858 3985 serat(Psal.17,5etd):scircumdederuntme

86 4000 203 4067 eonius
217 4003 263 4082 (1)
280 4006 410 4075 mortis,
426 4002 558 4065 dolores
579 4004 703 4064 interni
718 4004 858 4065 circum-

85 4089 221 4161 dedemnt
238 4117 292 4163 me
313 4099 378 4180 (2),
396 4118 415 4160 s
434 4100 532 4161 modo
551 4100 674 4162 clamat
687 4101 729 4161 ad
743 4103 858 4163 Domi-

84 4202 147 4251 num
158 4193 326 4259 humiliter
341 4218 349 4257 :
362 4200 458 4259 Sanc
470 4198 696 4258 contritiones
714 4201 799 4269 ejuc
817 4200 857 4260 Et

83 4287 184 4362 optlnn
205 4294 342 4371 allegat,
371 4309 476 4371 quare
498 4308 620 4354 sanare
633 4293 777 4361 debeat,
799 4295 855 4354 di-

82 4396 144 4446 ceas
158 4409 166 4448 :
179 4407 197 4448 ‹
210 4391 426 4453 commovisti
444 4391 580 4462 terram,
603 4391 637 4451 et
650 4390 855 4453 conturbasti

79 4492 138 4543 eam
152 4505 160 4546 ε
173 4502 252 4550 sana
268 4488 488 4550 contritiones
501 4489 585 4563 ejus,
599 4487 679 4563 quia
692 4490 855 4550 commota

80 4580 132 4652 est3
144 4599 161 4640 s
174 4586 266 4659 quasi
282 4585 376 4646 dicat
389 4606 397 4645 ε
412 4586 539 4658 Sauara
550 4584 661 4655 debes,
678 4585 756 4661 quia
769 4601 856 4646 com·

79 4677 152 4739 mota
168 4683 227 4753 est,
253 4684 289 4744 et
308 4681 462 4757 signatur
483 4696 543 4758 per
569 4681 632 4740 hcc
658 4682 854 4758 poenitentia

78 4776 252 4842 peccatoris.
274 4782 314 4839 ln
337 4778 559 4838 commotione
585 4777 695 4848 terrae,
720 4775 757 4839 et
772 4793 848 4838 con·

76 4867 246 4936 turbatione
258 4875 414 4951 signator
428 4887 522 4934 mens
538 4874 697 4947 humane,
711 4889 785 4951 quoe
794 4874 854 4935 dil-

76 4960 148 5027 tcile
172 4975 336 5042 moretur,
362 4972 398 5033 ut
419 4973 522 5033 terra.
549 4970 611 5032 Sed
634 4986 709 5031 cum
731 4987 751 5032 a
771 4988 853 5032 poce

74 5059 188 5128 Domini
205 5068 385 5129 clamantis
406 5068 442 5128 in
457 5079 556 5128 cruce
574 5066 677 5138 terra,
694 5084 767 5144 quae
789 5067 855 5130 dil·

75 5156 147 5223 tcile
165 5167 332 5240 movetur,
353 5165 386 5228 et
405 5165 540 5226 immota
554 5164 691 5241 proprio
705 5165 852 5241 pondere

101 5372 124 5439 tl
155 5376 239 5449 vulg.
256 5392 263 5432 :
278 5375 401 5434 dolores.

83 5443 125 5521 ‘tl
150 5445 405 5505 Circumdederunt
416 5460 476 5529 me,
492 5452 548 5502 etc.
565 5447 597 5502 ln
613 5443 679 5502 edit.
693 5445 782 5502 Maur.
798 5446 851 5527 Pe·

71 5519 243 5601 subparum
257 5519 286 5575 S.
303 5518 434 5599 drogon,
446 5524 515 5573 tom.
529 5516 556 5582 3,
565 5516 614 5597 'cot
638 5516 702 5598 diti,
717 5529 756 5597 sc·
767 5523 852 5572 etiam

70 5577 143 5641 bodie
159 5601 186 5642 m
199 5587 311 5645 llrssalr
329 5587 467 5655 Romane,
484 5589 619 5642 lutrortus
641 5587 735 5644 Missae
750 5600 779 5641 m
801 5588 853 5644 Do

70 5653 159 5714 minlca
174 5657 405 5731 septuagesima
415 5657 514 5728 incipit
526 5673 533 5711 ε
544 5655 795 5715 cncnmdederunr
807 5670 852 5712 ine
870 5702 873 5708 .

924 1010 1004 1070 ergo
1025 995 1123 1071 plena
1137 994 1192 1055 die
1206 995 1363 1057 claritate
1378 995 1469 1065 solis,
1492 1008 1557 1055 non
1579 996 1630 1056 est
1649 994 1715 1055 mi·

924 1106 1008 1165 rum,
1035 1092 1063 1153 si
1090 1092 1130 1154 ad
1161 1092 1427 1154 recordationem
1453 1092 1553 1167 hujus
1577 1091 1716 1152 obtene-

923 1189 1039 1251 hretur
1052 1190 1188 1251 claritas
1201 1190 1318 1265 gloriae
1337 1190 1548 1265 temporatis;
1571 1180 1716 1251 maxime

924 1300 999 1348 cum
1020 1287 1200 1363 recogitet:
1217 1287 1251 1347 Si
1275 1287 1311 1346 in
1332 1287 1432 1348 viridi
1453 1287 1556 1361 ligno,
1579 1286 1666 1349 idest
1682 1287 1716 1347 in

923 1385 1066 1452 Christo,
1082 1385 1117 1446 ln
1134 1400 1198 1461 quo
1212 1384 1342 1446 nullum
1358 1386 1541 1461 peccatum,
1567 1385 1644 1461 quid
1661 1380 1727 1447 tlet¹

922 1483 957 1543 in
973 1482 1068 1544 arido
1089 1481 1214 1561 (Lucae,
1231 1484 1281 1554 23,
1304 1480 1371 1559 31),
1392 1482 1478 1544 idest
1490 1482 1525 1542 in
1543 1482 1717 1558 peccatore

922 1580 963 1641 ab
979 1580 1070 1641 omni
1094 1580 1232 1641 humore
1247 1581 1364 1656 gratie
1385 1580 1562 1652 desiccato,
1575 1579 1632 1655 qui
1651 1579 1718 1640 cito

922 1678 1130 1739 consumitur
1147 1678 1281 1740 flamma
1295 1676 1486 1753 gehennali.

962 1775 1122 1850 Signatur
1150 1777 1261 1836 autem
1286 1791 1379 1836 mens
1410 1773 1556 1834 hominis
1581 1773 1720 1835 nomine

921 1884 1029 1949 aquae,
1045 1872 1176 1933 undein
1192 1873 1372 1948 Evangelio
1392 1871 1516 1949 (toan,
1533 1873 1562 1941 5,
1579 1872 1610 1940 2,
1626 1870 1666 1931 ad
1681 1869 1718 1949 4)

922 1970 1044 2045 legitur
1065 1969 1107 2030 de
1130 1973 1285 2041 Panno,
1313 1985 1388 2046 quae
1409 1967 1551 2029 hahebat
1570 1969 1718 2044 quinque

920 2066 1081 2141 porticus,
1106 2066 1141 2127 in
1162 2065 1283 2143 quibus
1300 2065 1434 2143 jacebat
1453 2063 1627 2126 multitudo
1640 2064 1716 2124 lan-

919 2163 1090 2237 guentium
1111 2163 1359 2239 expectantium
1376 2178 1471 2239 aquae
1486 2170 1622 2230 motum,
1640 2177 1714 2238 que

920 2260 1022 2321 motio
1058 2258 1157 2321 tlehat
1194 2260 1236 2321 ad
1277 2261 1472 2321 descensum
1513 2259 1643 2333 angeli,
1681 2259 1714 2319 et

919 2358 993 2431 post
1008 2356 1186 2417 motionem
1208 2368 1304 2432 aquae
1323 2356 1527 2416 sanabantur
1549 2354 1711 2430 languidi.

918 2454 1023 2528 Aqua,
1049 2453 1085 2515 ut
1111 2453 1236 2514 dictum
1262 2455 1324 2525 est,
1352 2468 1445 2514 mens
1473 2451 1618 2512 hominis
1636 2452 1711 2512 est:

917 2552 1071 2621 Piscina,
1093 2565 1214 2627 corpus
1229 2571 1236 2609 :
1252 2554 1402 2623 utrinqne
1421 2551 1585 2623 potam,
1607 2549 1711 2625 quin·

917 2662 982 2724 que
1003 2662 1121 2708 sensus
1138 2648 1342 2711 :mtdtttndo
1364 2648 1613 2722 coepulantium,
1637 2646 1713 2706 ani-

917 2759 971 2803 ma
994 2743 1119 2805 inlecta
1141 2743 1352 2806 multitudine
1377 2743 1599 2820 peccatorum.
1616 2743 1712 2803 Dici-

916 2840 971 2901 tur
994 2840 1105 2902 autem
1128 2841 1241 2902 anima
1266 2840 1439 2916 languens,
1465 2840 1499 2901 et
1524 2839 1559 2899 in
1582 2840 1711 2916 porticu

912 2939 1037 3012 jacere,
1052 2938 1182 3014 quoties
1208 2938 1372 3013 contingit
1390 2953 1465 2998 eam
1484 2953 1544 3013 per
1565 2936 1710 3014 aliquem

915 3050 1050 3096 sensum
1080 3050 1229 3113 peccare.
1261 3035 1355 3096 Unde
1388 3032 1709 3115 Nahum(3,13):

914 3132 1168 3209 «adapertione
1189 3132 1377 3210 pandentur
1392 3132 1495 3207 portae
1510 3132 1610 3193 terrae
1630 3132 1707 3203 tuas,

915 3228 1088 3291 devorabit
1123 3229 1211 3305 ignis
1243 3230 1355 3291 remes
1391 3229 1477 3290 tuos.
1501 3245 1521 3287 s
1548 3229 1710 3304 Loquitur

913 3326 956 3386 ad
990 3326 1133 3399 Niniue,
1172 3325 1259 3388 idest
1292 3325 1450 3396 animam,
1480 3340 1554 3401 quae
1588 3340 1710 3401 sponsa

913 3421 1038 3484 dicitur
1063 3422 1195 3486 ratione
1225 3421 1430 3485 naturalium
1464 3421 1648 3493 habituum,
1676 3423 1710 3483 et

913 3519 1135 3595 matuitornm
1150 3519 1186 3580 in
1200 3518 1365 3596 baptismo
1388 3521 1633 3595 susceptorum
1650 3519 1708 3579 sed

913 3620 1030 3693 postea
1061 3617 1220 3690 insistens
1249 3615 1284 3676 in
1312 3615 1539 3691 voluptatibus
1566 3614 1709 3676 effoeml-

913 3713 1022 3786 natur,
1053 3715 1087 3775 et
1115 3715 1229 3790 portas
1263 3727 1422 3774 sensnum
1458 3711 1567 3788 aperit
1598 3711 1705 3783 vitiis,

912 3810 945 3871 et
968 3811 1184 3882 demonibus,
1212 3808 1333 3886 quibus
1359 3810 1495 3885 apertis,
1520 3812 1613 3886 tonis
1636 3825 1710 3886 pec·

912 3907 989 3979 cati,
1009 3909 1042 3969 et
1065 3911 1157 3989 tants
1178 3906 1303 3969 diaboli
1322 3907 1461 3970 deuoret
1482 3907 1606 3981 vectae,
1623 3906 1709 3970 idest

911 4004 958 4064 ita
979 4005 1067 4066 hona
1086 4005 1232 4079 gratuita
1256 4003 1376 4075 aufert,
1401 4004 1434 4064 et
1452 4003 1620 4066 naturalia
1644 4004 1706 4066 de-

910 4100 1031 4172 bilitat,
1054 4117 1115 4178 per
1133 4117 1207 4178 quae
1230 4102 1344 4177 posset
1363 4100 1520 4161 claudere
1545 4103 1643 4174 ostia,
1663 4117 1707 4163 ne
1811 4119 1819 4128 ·

911 4199 1039 4274 pateret
1060 4197 1217 4259 introitus
1239 4198 1397 4268 inimicis,
1414 4213 1479 4274 quo
1494 4197 1581 4258 tacto
1596 4213 1707 4258 reme

911 4295 968 4356 net
981 4294 1094 4356 anima
1109 4293 1279 4369 languida,
1296 4296 1330 4355 et
1345 4293 1488 4369 spoliata
1510 4292 1702 4366 virtutibus,

910 4391 943 4454 et
963 4392 999 4452 in
1014 4390 1224 4452 naturalibus
1238 4390 1426 4450 vulnerata.
1451 4390 1626 4452 Descendit
1642 4407 1705 4451 au-

909 4490 975 4550 tem
1000 4487 1146 4563 angelus
1170 4488 1204 4547 in
1221 4487 1396 4563 piscinam,
1421 4486 1591 4548 descendit
1610 4488 1704 4549 scili-

909 4585 982 4656 cet,
1008 4584 1042 4644 et
1069 4585 1222 4645 mouetur
1248 4598 1354 4659 aqua,
1392 4582 1524 4659 quando
1559 4585 1703 4668 Spiritus

910 4682 1051 4742 Sanctus
1068 4682 1212 4742 mentem
1232 4680 1380 4742 concutit
1398 4680 1519 4741 timore
1534 4680 1700 4752 vindictae,

908 4779 942 4840 et
961 4779 1091 4839 terrore
1111 4778 1286 4853 gehenne,
1310 4780 1343 4840 et
1360 4778 1409 4840 sic
1428 4781 1580 4840 moretur
1603 4795 1700 4855 aqua.

908 4877 948 4937 Et
961 4875 1051 4947 nota,
1068 4874 1154 4951 quod
1170 4875 1257 4936 sicut
1271 4875 1412 4952 piscina,
1428 4876 1620 4952 priusquam
1636 4892 1703 4936 mo·

907 4973 1036 5044 veatur,
1062 4972 1233 5049 limpidam
1256 4971 1358 5032 hahet
1380 4985 1501 5046 aquam
1526 4971 1560 5031 in
1580 4987 1701 5048 super-

907 5069 994 5140 licie,
1020 5069 1173 5130 limosam
1199 5068 1234 5129 in
1254 5067 1367 5139 tundo,
1393 5082 1453 5143 per
1474 5066 1702 5129 conturbatio-

908 5182 983 5227 nem
1008 5181 1088 5227 vero
1109 5166 1178 5227 tcta
1198 5164 1341 5226 efficitur
1361 5162 1569 5236 turbulenta,
1597 5165 1631 5226 et
1654 5164 1726 5262 117

907 5375 1033 5448 gemitus
1055 5374 1163 5441 mortis,
1187 5372 1300 5430 dotores
1327 5371 1430 5429 inlerni
1453 5372 1700 5432 circumdederunt

907 5447 1011 5502 melu
1027 5445 1173 5501 Dominice
1190 5458 1258 5500 vero
1278 5444 1483 5516 sexagesima,
1541 5451 1567 5502 st
1585 5446 1698 5517 Episto-

906 5513 964 5574 lam
987 5515 1092 5587 legitur
1115 5516 1254 5572 Tractus:
1276 5514 1471 5580 commovisti,
1538 5516 1624 5583 mine,
1646 5523 1699 5573 ter·

906 5600 979 5650 rem,
995 5592 1024 5641 et
1040 5584 1215 5641 conturbasti
1231 5598 1295 5641 eam
1316 5599 1323 5640 τ
1346 5599 1416 5641 sana
1427 5585 1614 5644 contritiones
1624 5586 1698 5659 ejus,

906 5658 971 5727 quie
984 5661 1059 5712 mota
1075 5662 1128 5725 est,
1141 5661 1195 5712 etc.
1429 5677 1435 5688 ·
1613 5686 1617 5693 ·
