3950 6200
277 245 340 309 703
385 279 395 293 -
698 242 732 303 S.
758 240 933 304 ANTONII
964 239 1152 304 Pandunt
1182 240 1320 301 OPERA
1351 238 1498 300 OMNIA.
1846 245 1890 305 tol

279 421 376 468 mea:
393 395 534 466 effusum
549 402 602 464 est
613 401 649 462 in
664 403 753 463 terra
763 404 862 479 jecur
876 417 1000 470 meum,
1016 400 1076 462 de-
1129 416 1215 471 rum,
1229 402 1263 461 et
1273 398 1468 460 contusione
1475 398 1759 475 linguarumque
1767 399 1891 462 conlusio

280 503 359 565 iecit
373 501 421 581 (l)
438 499 607 578 parvulus,
628 500 661 560 et
679 499 808 561 lactens
828 500 863 560 in
879 498 999 576 plateis
1014 516 1075 575 op-
1130 498 1214 560 miro
1229 497 1326 558 modo
1342 497 1375 557 in
1391 496 1491 557 corde
1515 495 1701 573 peccatoris
1724 504 1853 568 resonat,
1868 503 1892 561 et

279 600 361 677 pidi.
377 616 396 659 n
419 596 618 659 Defecerant
633 596 721 656 oculi
736 595 878 657 rationis
899 593 1076 672 perturba·
1128 596 1351 657 tumultuatur
1361 594 1417 666 ita,
1432 598 1468 655 ut
1489 610 1549 655 cor
1563 595 1671 670 ipsum
1690 609 1727 655 ae
1742 611 1802 655 non
1815 597 1893 658 intel·

279 699 381 760 tione.
405 698 523 768 Jecur3
552 694 598 754 ibi
622 692 703 755 dicit
724 694 842 754 Glossa
869 715 877 753 ε
903 696 940 754 ln
960 696 1075 770 jecore
1130 693 1221 769 ligat,
1252 692 1426 754 necetiam
1440 707 1542 752 unum
1559 691 1741 752 membrum
1757 693 1853 764 alind;
1868 698 1893 756 et

278 794 368 870 ignis
391 792 529 853 humani
554 792 703 867 corporis
730 790 868 861 habitat,
897 792 930 852 et
954 789 1075 851 dehinc
1129 791 1176 852 ita
1190 805 1311 866 magna
1332 790 1422 865 viget
1435 789 1613 860 discordia,
1637 792 1670 851 et
1690 790 1894 852 conlusio'iin-

279 890 432 953 subvolat
446 889 487 950 ad
508 887 692 960 cerebrum,
716 887 923 964 postmodum
946 887 1074 947 ditiuu-
1128 902 1269 964 guarum
1311 887 1398 948 inter
1434 886 1598 947 interiora
1628 885 1787 947 membra.
1820 889 1895 949 Potio

280 989 370 1050 ditur
394 987 436 1049 ad
464 986 589 1058 oculos,
624 987 657 1047 et
683 986 805 1047 caetera
835 984 998 1058 membra;
1026 984 1075 1044 ita
1130 984 1277 1046 laxativa
1299 986 1352 1045 est
1372 983 1548 1045 delectatio
1570 984 1728 1056 carnalis,
1743 985 1775 1045 et
1788 985 1895 1060 tempo-

279 1086 366 1164 quod
387 1084 498 1145 omnia
518 1082 665 1144 membra
686 1083 720 1142 in
741 1081 873 1142 fervore
895 1082 1074 1158 concupis·
1130 1083 1306 1158 ratisque
1334 1080 1449 1142 habita
1472 1080 1683 1142 obliviscitur
1706 1081 1804 1142 homo
1817 1082 1896 1158 qnid·

279 1183 397 1245 cantiae
411 1181 544 1244 turbata
560 1180 776 1242 effunduntur
789 1180 823 1239 iu
838 1181 974 1248 terram,
989 1179 1076 1240 idest
1130 1179 1208 1256 quid
1224 1182 1438 1254 congesserat
1461 1178 1496 1238 in
1522 1177 1767 1240 refocillatione
1788 1180 1897 1246 anima,

278 1281 321 1342 ad
347 1294 494 1341 amorem
533 1282 752 1339 terrenorum.
792 1276 962 1354 Siquidem
998 1276 1075 1336 dum
1130 1275 1216 1353 quod
1232 1277 1413 1353 opponeret
1427 1277 1541 1338 contra
1560 1258 1773 1348 tentationes,
1789 1279 1819 1337 et
1830 1293 1899 1354 quo·

278 1377 368 1454 ignis
387 1376 664 1453 concupiscentiae
688 1375 729 1436 ad
744 1377 841 1452 jecur
863 1375 990 1434 effusus
1012 1375 1072 1445 est,
1129 1372 1900 1451 mododebeatseregere3quaeetiam,etquanta

279 1474 409 1552 oportet
423 1475 460 1535 ut
474 1489 549 1534 eum
565 1472 605 1534 ad
624 1473 757 1533 terrena
773 1473 923 1546 inclinet,
946 1473 980 1534 et
994 1487 1076 1533 ocu·
1130 1486 1189 1548 pro
1202 1486 1242 1531 ea
1258 1470 1393 1544 iecerat,
1410 1472 1443 1532 et
1457 1485 1575 1548 passus
1594 1471 1715 1538 iuerat,
1731 1473 1765 1533 et
1778 1471 1899 1532 oblivis-

279 1572 360 1643 lum,
391 1571 519 1641 scilicet
546 1570 665 1631 mentis
696 1570 913 1632 intentionem
937 1584 1075 1630 necesse
1130 1569 1378 1645 citurturpiter‚
1395 1570 1428 1629 et
1452 1568 1674 1644 ignominiose
1701 1569 1775 1630 fluit
1788 1568 1824 1629 de
1839 1585 1899 1645 peo-

278 1671 330 1730 est
345 1669 380 1730 ut
394 1667 577 1729 conturbet.
599 1667 691 1728 Unde
705 1667 790 1730 bene
812 1667 953 1728 dicitur:
976 1666 1077 1728 Deie-
1130 1670 1204 1728 cato
1220 1667 1254 1727 in
1269 1666 1450 1742 peccatum,
1466 1665 1758 1743 etpostmodumin
1771 1668 1895 1736 mortem,

280 1767 399 1828 cerunt
425 1765 513 1827 oculi
537 1781 556 1825 a
581 1764 750 1841 lacrymis.
776 1767 947 1841 lacrymae
969 1764 1076 1841 siqui·
1130 1767 1163 1826 et
1175 1763 1423 1826 damnationem
1436 1765 1641 1840 perpetuam.

280 1863 365 1935 dem,
390 1878 464 1923 cum
493 1861 702 1923 abundanter
728 1862 846 1934 fluunt,
870 1864 902 1924 et
924 1876 1076 1936 grosses-

279 1976 355 2021 cere
370 1959 547 2037 palpebras
558 1959 696 2032 iaciunt,
713 1961 746 2020 et
757 1959 867 2020 visum
882 1958 1028 2030 turbant,
1043 1959 1076 2019 et

277 2058 473 2134 impediunt.
496 2060 658 2134 Lacryma
679 2057 731 2118 est
749 2056 943 2133 temporalis
964 2056 1075 2116 abun·
1405 2022 1546 2083 SERMO
1567 2022 1653 2082 Lm·

220 2163 223 2170 ’
279 2155 404 2226 danti&
422 2156 496 2233 (Ι116ῐῦ
512 2171 586 2216 0¹¹¹ss
602 2154 812 2217 abundantes
826 2154 943 2226 affluit,
960 2152 1077 2230 palte·
1130 2169 1255 2238 Qualiter
1269 2167 1357 2227 homo
1372 2167 1463 2227 iactus
1484 2169 1520 2227 ad
1532 2170 1706 2243 imaginem,
1722 2178 1751 2228 et
1763 2169 1896 2227 similiudi-

277 2252 356 2315 bras
376 2252 599 2326 discretionis,
618 2253 651 2314 et
669 2251 897 2313 sensualitatis
919 2251 1026 2322 indat,
1043 2252 1076 2312 et
1166 2272 1231 2315 nem
1243 2259 1305 2316 bei.
1321 2257 1446 2326 Qualiter
1461 2258 1559 2332 imago
1572 2260 1624 2316 bel
1639 2259 1792 2316 destruitur
1802 2258 1899 2331 perles

276 2351 386 2413 visum
401 2349 578 2412 conturbat
596 2349 806 2424 interiorem3
828 2348 969 2425 ideoque
990 2348 1075 2408 bene
1165 2348 1269 2405 tiorum
1288 2348 1537 2416 assimilationem,
1555 2349 1601 2405 vel
1615 2350 1842 2421 assumptionem.

278 2449 521 2528 subjungitur:
548 2446 675 2509 Deiecit
696 2447 866 2524 parvulus,
890 2450 924 2507 et
947 2445 1076 2507 lactens
1131 2492 1271 2552 mmm
1284 2493 1409 2565 faciem
1425 2492 1578 2553 mmm
1603 2507 1735 2554 mm
1761 2508 1792 2551 m
1810 2492 1896 2552 mum·

279 2548 314 2608 in
328 2547 448 2623 plateis
461 2545 584 2622 oppidi.
602 2544 765 2605 Parvuius
778 2546 829 2605 est
849 2559 968 2605 sensus
981 2547 1078 2604 exte-
1404 2585 1495 2666 (psal
1524 2591 1565 2651 30
1580 2509 1631 2650 ²²17
1647 2588 1660 2667 )
1738 2510 1759 2554 u

278 2643 349 2705 rior
366 2644 496 2704 deliciis
516 2642 660 2715 illectus,
677 2643 734 2718 qui
754 2641 840 2702 bene
859 2641 982 2703 dicitur
998 2656 1077 2717 par·
1471 2661 1473 2666 ·
1500 2633 1508 2648 ⁹
1566 2634 1575 2660 '
1635 2634 1642 2648 '

278 2741 389 2812 vuius,
402 2739 548 2817 quandiu
559 2739 673 2814 vigore
684 2739 864 2813 gratiaaest
876 2739 1074 2799 destitutus:
1171 2738 1302 2799 Faciem
1324 2740 1428 2811 tuam,
1450 2739 1536 2801 idest
1557 2754 1576 2800 a
1602 2740 1636 2802 te
1660 2740 1743 2800 mibi
1766 2741 1897 2800 creatam.

280 2838 313 2898 et
329 2837 468 2903 lactens,
489 2835 576 2896 idest
593 2850 685 2895 meus
699 2835 887 2895 introrsum·
897 2833 1075 2895 virtutibus
1132 2838 1238 2897 Homo
1252 2835 1417 2912 siquidem
1428 2836 1469 2897 ad
1484 2837 1663 2913 imaginem
1676 2838 1747 2908 Dei,
1763 2841 1793 2898 et
1805 2835 1900 2896 simili·

280 2933 409 3008 delicit3
431 2934 464 2994 et
485 2932 596 2994 hocin
613 2931 743 3008 plateis,
760 2931 846 2992 idest
866 2931 982 2992 inlata
1000 2947 1077 3007 per·
1131 2932 1280 2993 tudinem
1296 2932 1403 2994 iactus
1426 2936 1487 3004 est,
1509 2949 1609 3011 quam
1636 2933 1754 2995 laciem
1769 2934 1897 3009 deturpat

280 3031 459 3106 vagatione
493 3028 805 3107 concupiscentiae:
840 3027 964 3106 oppidi,
990 3027 1077 3090 idest
1132 3029 1242 3102 bomo,
1260 3030 1393 3107 quaudo
1418 3033 1534 3108 peccat
1556 3032 1761 3106 mortaliter;
1783 3031 1900 3106 ideoque

280 3126 395 3189 mundi
411 3127 538 3198 vallati,
553 3126 639 3189 idest
654 3127 774 3188 muniti
793 3126 1073 3198 execrationibus,
1131 3130 1288 3205 precatur
1300 3127 1367 3195 hic,
1390 3130 1426 3190 ut
1440 3128 1542 3189 iacies
1557 3145 1576 3189 a
1600 3131 1668 3190 Deo
1684 3129 1759 3190 data
1772 3130 1899 3190 illustre·

280 3228 314 3289 et
329 3226 426 3287 malis
443 3225 617 3302 exemplis,
631 3225 788 3301 tanquam
804 3223 1073 3300 propugnaculis.
1131 3228 1196 3296 tur,
1208 3226 1241 3286 et
1255 3225 1471 3286 illuminetur.
1481 3227 1574 3287 Unde
1590 3229 1623 3287 et
1633 3227 1669 3288 in
1682 3226 1809 3288 Psalmo
1819 3224 1898 3303 (45).

319 3326 359 3385 Et
373 3322 450 3401 quia
461 3326 580 3384 arctato
594 3337 683 3393 mco,
698 3321 784 3383 idest
800 3322 1003 3382 sensualitas
1018 3321 1075 3381 in·
1131 3340 1149 3382 tt
1168 3322 1342 3397 Signatum
1357 3324 1522 3400 estsuper
1537 3339 1598 3384 uos
1610 3324 1722 3385 lumen
1741 3324 1841 3384 vultus
1853 3322 1899 3383 tui,

280 3421 385 3484 ferior
399 3437 476 3498 pars
489 3419 632 3481 rationis
646 3423 703 3481 tra
725 3419 865 3480 turbata
878 3420 942 3488 est,
957 3420 1076 3479 merito
1131 3420 1279 3481 Domine.
1295 3437 1313 3478 s
1338 3422 1460 3481 Parum
1473 3420 1561 3481 enim
1584 3421 1674 3482 valet
1686 3421 1789 3482 forma
1803 3421 1901 3495 hujus·

280 3521 314 3581 et
327 3520 450 3581 vertier
463 3532 573 3587 niens,
595 3517 683 3578 idest
707 3517 868 3577 memoria
891 3515 1075 3577 conturba·
1132 3516 1267 3577 modiin
1281 3516 1377 3577 nobis
1393 3516 1571 3595 descripta,
1585 3519 1651 3578 nisi
1674 3520 1780 3594 gratia
1792 3514 1900 3578 illumi·

279 3618 347 3687 tur,
364 3616 400 3676 ut
412 3614 570 3692 quidquid
585 3615 620 3674 in
636 3629 676 3675 ea
687 3616 880 3688 congestum
896 3615 979 3685 erat,
995 3628 1076 3673 eva·
1131 3616 1239 3674 netur.
1256 3613 1425 3691 Siquidem
1439 3615 1557 3691 pictor,
1574 3631 1648 3676 oum
1663 3616 1831 3692 imaginem
1845 3611 1901 3670 vult

280 3716 408 3785 cuetur,
439 3712 526 3773 sicut
553 3713 670 3773 venter
700 3710 917 3772 conturbatus
948 3710 1077 3786 indiget
1132 3710 1254 3783 lacere,
1284 3726 1358 3771 earn
1382 3711 1418 3771 in
1443 3711 1557 3773 tabula
1588 3712 1723 3789 plumbo
1750 3709 1898 3789 protrahit,

280 3810 511 3878 evacuatione,
527 3808 563 3869 ut
578 3810 724 3870 curetur.
742 3807 832 3880 Quod
858 3807 942 3869 benc
957 3810 1076 3869 osten·
1131 3808 1251 3869 dehino
1264 3807 1431 3869 coloribus
1446 3810 1607 3885 appositis
1621 3809 1795 3870 illuminat.
1809 3807 1901 3868 Pictor

280 3909 371 3969 ditur
393 3908 428 3966 in
453 3906 591 3967 sedecia
606 3921 685 3980 rege
715 3905 902 3968 Jerusalem
931 3908 1028 3981 capto
1056 3920 1076 3965 a
1130 3907 1242 3966 autem
1268 3905 1413 3967 coelestis
1439 3905 1474 3966 iu
1505 3905 1629 3977 tabula,
1654 3907 1742 3969 idest
1755 3906 1787 3967 in
1806 3904 1896 3966 anima

278 4003 597 4072 Nabuchodonosor,
614 4005 646 4064 et
661 4002 759 4064 ducto
774 4002 808 4062 in
829 4001 1005 4074 Reblatha,
1019 4002 1075 4061 ubi
1131 4003 1311 4077 imaginem
1332 4018 1425 4063 suam
1446 4000 1621 4078 protrahit,
1631 4004 1764 4080 quando
1780 3999 1898 4063 dalani-

278 4100 447 4164 interiecti
463 4101 540 4161 sunt
555 4099 615 4159 lilii
628 4102 700 4176 ejus
713 4099 748 4159 in
764 4099 870 4160 oculis
892 4099 972 4170 suis,
999 4114 1077 4175 pos-
1131 4115 1204 4170 mae,
1218 4100 1254 4158 ut
1268 4100 1371 4159 Deum
1384 4098 1560 4175 intelligat,
1581 4100 1780 4170 meminerit,
1794 4102 1822 4159 et
1833 4094 1900 4155 dili·

278 4204 333 4262 tea
348 4199 419 4275 ipse
434 4196 622 4258 excecatus
634 4199 695 4269 est,
713 4198 745 4257 et
765 4195 884 4259 ductus
904 4196 939 4255 in
961 4194 1075 4272 Baby·
1131 4198 1206 4271 gat:
1223 4197 1262 4257 Et
1276 4195 1363 4257 sicut
1377 4195 1476 4257 homo
1495 4196 1530 4256 in
1555 4195 1641 4257 iacie
1656 4194 1900 4274 deprehenditur,

279 4297 416 4367 loniam,
426 4295 500 4357 etei
513 4295 589 4355 data
605 4296 655 4355 est
670 4293 759 4370 potio
771 4293 919 4354 laxativa
936 4290 997 4371 (2).
1012 4294 1078 4352 Na·
1131 4294 1164 4355 et
1178 4293 1400 4369 cognoscitur,
1415 4294 1464 4354 ita
1479 4296 1607 4355 etDeus
1636 4296 1843 4370 cognoscatur
1853 4303 1903 4366 per

279 4394 550 4465 bucbodonosor,
588 4391 756 4467 significat
796 4389 984 4460 diabolum,
1020 4390 1075 4465 qui
1132 4391 1203 4452 haec
1227 4389 1304 4462 tria,
1321 4390 1521 4466 scilicetper
1535 4392 1730 4453 memoriam
1749 4384 1904 4457 pertentet

281 4491 439 4562 Sedeciae,
474 4490 561 4550 idest
593 4489 731 4550 cuilibet
757 4487 925 4564 peccatori
954 4486 1078 4549 occidit
1131 4486 1387 4561 intelligentiam
1405 4486 1521 4557 Filius,
1538 4485 1590 4548 vel
1610 4487 1816 4549 dilectionem
1835 4484 1902 4558 Spi-

279 4588 368 4648 iilios
393 4587 428 4647 in
450 4587 556 4647 oculis
584 4589 668 4662 eJ'us,
696 4584 830 4663 qvtando
857 4584 1013 4661 prudens,
1044 4586 1078 4646 et
1131 4583 1215 4644 ritus
1237 4583 1391 4643 Sanctus.
1412 4583 1621 4644 Meminerim
1637 4587 1682 4657 te,
1699 4580 1903 4647 intellexerim

280 4685 390 4746 sciens
419 4682 499 4743 iacit
531 4686 714 4759 peccatum,
745 4698 810 4760 quo
832 4681 1077 4744 mortificantur
1130 4681 1173 4751 te,
1189 4680 1367 4741 dilexerim
1383 4679 1438 4758 te(
1461 4678 1486 4757 ).

279 4781 391 4844 omnia
403 4779 664 4857 suaboua,'quae
685 4779 779 4856 prius
799 4779 933 4839 iecerat.
960 4781 1078 4839 Excae·
1170 4778 1287 4838 Facies
1303 4777 1405 4851 igitur
1417 4778 1477 4838 liei
1490 4778 1632 4852 signata,
1650 4780 1844 4855 etimpressa
1859 4790 1904 4835 ne

279 4881 376 4941 catur
389 4878 491 4940 etiam
511 4877 548 4938 in
574 4877 743 4955 Babylone
758 4874 906 4937 tenebris
921 4876 1078 4952 peccato·
1131 4889 1224 4936 cesse
1239 4874 1349 4946 habet,
1360 4875 1396 4936 ut
1405 4875 1782 4937 reilluminaturlumine
1790 4873 1903 4950 gratia.

315 5002 356 5069 (l)
375 5000 429 5060 vul
456 5014 565 5056 .:cum
581 4998 726 5056 deiiceret.
1131 4996 1238 5053 ventris
1249 4996 1357 5053 solutus
1376 5001 1430 5052 est.
1454 4997 1561 5054 Verum
1578 4995 1726 5055 iudaicam
1746 4998 1811 5054 banc
1826 4994 1902 5050 tradi·

315 5073 357 5146 (it
373 5074 408 5129 Et
417 5087 444 5127 et
458 5070 576 5127 dataest
591 5068 807 5142 potiotaxativa.
823 5066 923 5125 Glossa
932 5064 993 5123 ord.
1008 5066 1077 5127 illud
1130 5068 1237 5124 tionem
1250 5080 1282 5123 se
1310 5064 1405 5124 Liddaa
1430 5081 1445 5123 a
1461 5067 1584 5138 prodam
1599 5068 1636 5124 de
1656 5069 1788 5135 llebrais,
1804 5066 1850 5136 pri
1863 5080 1903 5120 sr-

278 5141 396 5203 secundi
411 5142 513 5213 capitis
527 5139 669 5196 llabacuc.
684 5140 743 5204 Vsa,
758 5138 806 5208 qui
816 5140 915 5206 potum
925 5137 974 5193 dot
986 5138 1077 5194 emico
1127 5138 1210 5207 piens
1220 5137 1296 5206 apud
1308 5138 1383 5206 ilios,
1398 5141 1423 5193 ct
1438 5139 1588 5202 δωτερώτης
1600 5135 1904 5206 ombmnrmudlvisse.

277 5210 610 5278 sanctedesedectnre
634 5207 814 5266 eiudaiuter
836 5207 1075 5274 rotabundicens:
1130 5216 1160 5263 et
1182 5206 1305 5263 fabulam
1333 5221 1398 5264 esse
1430 5205 1553 5265 affirmat
1578 5210 1606 5266 S.
1633 5209 1811 5282 Hieronymus
1830 5206 1873 5262 lib.
1885 5207 1904 5267 1.

280 5284 427 5351 sedecias,
450 5282 522 5337 sicut
540 5282 580 5337 ait
626 5279 746 5347 ebraeus,
774 5293 790 5335 a
812 5223 1077 5335 Kabucbodouosor
1130 5279 1320 5336 commentar.
1336 5278 1364 5334 in
1385 5276 1491 5334 llabac.
1513 5293 1576 5350 cap.
1598 5280 1624 5337 2.
1641 5280 1690 5351 qui
1709 5281 1755 5336 lib.
1773 5280 1815 5344 tl,
1829 5278 1902 5334 Gom·

277 5355 435 5412 caecatusin
453 5350 600 5417 lioblatita
616 5348 690 5406 idest
704 5347 865 5415 Antiochia,
880 5355 908 5405 et
929 5346 1032 5405 ductus
1047 5348 1075 5404 iu
1131 5348 1291 5404 melitanis
1312 5347 1453 5404 Ezechiel.
1465 5363 1529 5475 cup.
1540 5350 1751 5421 idscripserat:
1763 5347 1904 5406 Maiiam

278 5425 463 5496 Babylonem,
488 5419 669 5493 quadamdie
697 5418 849 5476 incelebri
872 5419 1005 5475 convivio
1025 5433 1073 5475 ac·
1130 5433 1238 5475 cacum
1250 5417 1365 5474 ductum
1378 5417 1407 5475 iu
1422 5418 1500 5491 Baby

278 5495 354 5566 cepit
370 5493 591 5565 potionemque
611 5492 640 5548 iu
656 5490 763 5547 tluxutn
783 5490 891 5548 ventris
905 5489 1073 5557 solveretur,
1130 5503 1193 5545 sum
1208 5495 1305 5545 narrat
1322 5489 1450 5546 historia.

280 5572 308 5621 ot
334 5563 508 5619 introductus
524 5569 590 5617 autc
608 5575 657 5618 ora
687 5561 873 5633 epulantium,
890 5559 984 5616 subito
997 5560 1073 5617 iltvxu
1166 5559 1207 5631 (3)
1228 5561 1268 5615 Ex
1283 5561 1312 5615 S.
1323 5561 1409 5631 ling,
1423 5559 1469 5615 tn.
1485 5558 1545 5630 XV,
1557 5560 1677 5616 deTrin.
1690 5575 1749 5633 cap.
1762 5561 1785 5627 7,
1798 5558 1902 5616 etalibi.

1511 5434 1606 5490 onem,
1621 5418 1715 5492 ibique
1734 5420 1821 5476 statim
1836 5420 1902 5474 occi·
