3950 6200
316 229 378 305 795
685 300 688 309 ὁ
743 229 776 288 S·
798 227 973 289 ANTONII
1002 230 1189 293 Pandam
1219 234 1357 296 OPERA
1383 237 1530 301 ollula.
1842 255 1881 319 :pp

316 390 367 452 est
381 404 399 448 a
413 385 472 467 (1).
489 385 628 459 cadum,
644 401 738 448 mare
750 386 1000 463 congelascens.
1016 388 1110 451 Mare
1164 390 1253 455 mine
1267 393 1302 453 in
1323 394 1412 458 isaia
1436 395 1482 477 (8.
1497 394 1552 475 3):
1567 400 1679 461 «loca
1700 416 1798 467 nomen
1815 413 1881 486 ejus:

314 485 526 562 congelatum
541 484 690 546 exterius
699 482 800 547 habet
814 484 1109 562 pulchritudinem,
1163 490 1322 552 accelera
1349 492 1458 568 spolia
1480 493 1651 556 detrahere
1677 517 1684 556 ε
1707 498 1806 563 teatina
1823 522 1882 581 pra-

314 584 348 645 et
361 587 472 645 tamen
484 581 603 657 fragile
615 582 677 650 est,
689 583 723 643 et
732 582 800 643 cito
812 582 1016 646 dissolvitur.
1029 585 1109 644 Cum
1163 584 1246 646 dari.
1269 605 1288 647 a
1303 588 1492 650 Secundum
1505 590 1567 652 hoo
1578 607 1689 655 nomeu
1702 595 1810 661 lauded
1818 602 1884 666 dolet

314 683 424 743 autem
449 679 647 741 dissolutum
670 678 780 750 luerit,
795 679 979 757 apparebit,
996 680 1107 742 mani·
1164 684 1335 745 hominus.
1351 686 1559 749 acceleravit
1572 689 1657 749 enim
1670 692 1802 757 Dominus
1812 698 1841 756 ad
1852 700 1883 759 li·

313 775 490 838 testabitur
499 776 597 839 foetor
612 779 696 855 ejus.
713 779 816 838 Terra
831 777 959 839 cethim
974 779 1027 841 est
1040 778 1110 839 ter·
1162 778 1345 841 berandnm
1361 798 1424 844 uos
1438 783 1480 845 de
1497 799 1596 845 manu
1610 785 1735 856 inimici,
1750 791 1884 865 quaerul-

313 872 561 945 ranalellcitas‚
578 876 612 935 et
626 873 839 952 pulchritudo
859 873 973 935 mundi
985 889 1108 951 super·
1162 876 1246 938 tavit
1264 880 1301 940 ut
1322 879 1418 955 gigas
1441 880 1482 941 ad
1507 882 1700 945 currendum
1720 887 1793 946 rien
1813 888 1881 963 (Pal.

312 970 443 1043 dotalis,
460 987 524 1047 qua
540 970 713 1041 dissoluta,
744 970 958 1046 indicabitur,
972 972 1006 1034 et
1032 986 1107 1033 ma·
1163 974 1214 1042 18,
1231 972 1276 1053 6).
1301 976 1414 1052 Spolia
1435 976 1590 1050 detraxit,
1606 979 1726 1056 qundo
1738 998 1802 1043 vasa
1820 984 1882 1047 tortis

313 1067 527 1131 nilestabitur
540 1064 735 1145 loetorejus.
1161 1072 1289 1142 fortior
1317 1074 1557 1149 superveniens
1582 1075 1729 1152 diripuit,
1753 1078 1882 1157 tommano

1161 1165 1323 1243 alligavit,
1339 1171 1373 1231 et
1392 1171 1442 1232 sic
1464 1186 1526 1232 noa
1547 1171 1587 1232 de
1600 1175 1670 1249 ejus
1681 1176 1815 1250 potente
1829 1177 1884 1238 lile-

1161 1263 1259 1325 ravit.
1278 1268 1473 1329 &cundum
1487 1268 1551 1330 hoc
1572 1269 1726 1345 alpaidem
1737 1274 1883 1335 munde·

539 1326 679 1386 SERMO
701 1324 890 1386 Lffllffl·
1160 1358 1650 1427 mtlauomrmmuusaue
1673 1366 1884 1446 immacu

409 1475 451 1533 ne
470 1472 693 1531 presentationis
707 1473 769 1531 Fuit
785 1472 836 1530 bel
847 1472 876 1529 tn
888 1471 1005 1545 templo,
1160 1459 1353 1536 «Numquid
1368 1460 1534 1524 tolletura
1545 1462 1622 1524 forti
1630 1463 1742 1538 prada,
1751 1466 1778 1525 et
1785 1464 1846 1541 qnod
1853 1464 1884 1542 (3)

1161 1554 1292 1631 captum
1315 1558 1367 1620 est
1387 1571 1407 1619 a
1429 1557 1577 1631 robusto,
1602 1558 1826 1622 advertimini
1839 1561 1883 1622 ite

312 1619 537 1692 Szecciplmus,
563 1621 666 1685 hears,
701 1618 979 1677 miscricordiam
1010 1616 1107 1677 tuom
1160 1666 1268 1712 rum,
1290 1650 1354 1731 (43,
1379 1651 1431 1732 14)
1446 1670 1454 1715 :
1471 1671 1489 1715 ‹
1504 1656 1642 1733 propter
1659 1672 1716 1717 vos
1735 1656 1885 1734 embitlth

351 1719 389 1776 in
403 1716 515 1775 medlo
538 1714 655 1787 tempu
681 1714 743 1775 tul.
763 1716 958 1774 riccundem
981 1726 1107 1773 nornen
1161 1746 1378 1825 Babylonem
1396 1753 1536 1829 propter
1550 1768 1621 1825 vos,
1637 1751 1713 1815 ὥς(
1724 1755 1797 1815 ΒΘΗ,
1812 1755 1885 1822 ppp,

317 1796 320 1805 ’
352 1813 462 1883 tuum,
475 1808 1106 1881 Deuastcetloustuolultncsterrae:

283 1938 288 1945 ·
343 1907 828 1984 jlcsllllopleuoestdeaotcro
843 1907 914 1968 luo.
932 1904 1035 1985 (Psal.
1052 1909 1105 1980 47,
1162 1940 1328 2018 bylonem'
1345 1943 1482 2005 ,dmm
1497 1945 1666 2013 mundum,
1680 1945 1712 2008 et
1723 1946 1887 2007 dmm·

353 2006 433 2066 Μ
446 2003 512 2084 Μ’)
1159 2040 1211 2100 tes
1226 2039 1412 2113 universos,
1429 2040 1517 2104 idest
1541 2042 1662 2105 salum
1675 2044 1773 2104 omnia
1791 2041 1887 2118 impedi

350 2140 452 2208 Tunc,
476 2136 572 2209 dixit,
593 2138 872 2200 mhertoordtom
884 2135 944 2198 Dei
958 2139 1107 2212 suscepi·
1161 2137 1271 2197 menta
1285 2137 1424 2208 removi,
1440 2139 1473 2200 et
1487 2138 1672 2212 Chaldaeos,
1686 2138 1763 2201 idest
1771 2138 1888 2200 damone
1914 2124 1915 2201 l

239 2296 241 2299 ,
310 2250 400 2306 mus,
418 2234 549 2313 quando
564 2218 671 2295 Filius
685 2233 746 2295 Dei
763 2249 785 2294 a
800 2232 899 2296 beata
917 2234 1106 2309 Virginein
1159 2232 1342 2308 gloriantes
1357 2234 1392 2294 in
1406 2234 1546 2296 navibus
1561 2235 1718 2298 destruxi.
1732 2237 1887 2297 Naresnea

309 2332 432 2409 templo
442 2331 502 2393 Dei
514 2331 815 2408 luitpraesantatus,
825 2330 858 2392 et
869 2331 1024 2392 Simeone
1035 2347 1108 2392 aus
1159 2329 1210 2391 tes
1224 2331 1303 2392 sunt
1317 2330 1489 2393 hominum
1501 2332 1537 2393 in
1551 2332 1704 2394 fluctibus
1721 2328 1890 2409 hujusmundi

309 2430 437 2506 ceptus.
456 2428 699 2491 attendendum
715 2429 776 2498 est,
793 2427 868 2504 quis
887 2428 950 2489 luit
964 2427 1023 2490 ille
1047 2428 1105 2504 qui
1160 2425 1295 2488 divitias
1321 2427 1549 2505 deportantes,
1577 2446 1661 2506 quas
1683 2429 1811 2491 diabolus
1825 2426 1887 2503 prasi

310 2526 468 2607 suscepit,
476 2529 509 2587 et
519 2526 594 2604 quis
607 2524 1026 2603 susceptusouisuscepit,
1043 2524 1106 2586 suit
1159 2524 1260 2586 nauta
1271 2525 1409 2601 regitat
1422 2526 1674 2602 gloriaturcum
1686 2538 1887 2604 pereasmerces

310 2622 444 2684 Simeon
455 2637 569 2693 sonex,
586 2622 621 2683 in
631 2620 829 2684 Jerusalem.
849 2621 982 2697 Simeon
999 2622 1106 2683 inter-
1159 2635 1238 2682 suas
1261 2637 1322 2698 per
1337 2622 1597 2685 amaritudinem
1613 2625 1708 2702 hujus
1725 2618 1889 2697 snonhpuasi

309 2721 459 2797 pretatur
475 2718 616 2780 audiens
629 2717 813 2780 tristitiam.
825 2718 887 2790 Qui
905 2733 985 2796 ergo
995 2718 1106 2780 susci·
1159 2719 1379 2795 permanead
1394 2718 1891 2799 rendendumdeportetlluncne
1916 2700 1917 2761 t

309 2813 1104 2894 pietchristum‚Simeoudebetesse,utmentem
1158 2816 1707 2894 gotiatoremexpulitllominuain
1720 2818 1888 2879 adventando.

309 2911 432 2975 habeat
445 2911 619 2987 lugubrem
634 2911 870 2987 propeccatis,
886 2915 1006 2984 Senex,
1019 2912 1055 2974 ut
1068 2913 1104 2974 in
1158 2911 1193 2974 et
1214 2912 1363 2990 quotidie
1386 2929 1447 2991 par
1469 2916 1635 2993 gratiam
1657 2915 1739 2976 nude
1759 2912 1834 2974 isaia
1848 2908 1890 2985 (33,

309 3025 350 3071 eo
365 3007 569 3070 mortuussit
582 3007 731 3069 libidinis
744 3008 871 3082 fervor3
884 3010 918 3070 et
930 3008 1038 3069 hocin
1052 3011 1105 3072 Je·
1157 3010 1253 3091 teth
1269 3026 1277 3071 :
1293 3010 1541 3077 ‹incubillbns
1557 3012 1620 3092 (5),
1640 3011 1695 3073 ubi
1713 3004 1892 3072 draconaria-
1917 3086 1918 3097 ἵ

308 3107 466 3178 rusalem,
483 3107 521 3168 ut
541 3105 755 3168 serenitatem
774 3105 896 3167 ruentis
921 3106 1054 3182 habeat,
1071 3109 1105 3169 et
1157 3106 1322 3180 hitabant,
1336 3109 1464 3170 oriatur
1477 3110 1570 3172 viror
1590 3110 1727 3182 calami,
1741 3109 1770 3170 et
1784 3101 1892 3184 juda
1917 3129 1918 3134 ¹

308 3203 598 3283 tranquillitatem.
627 3202 845 3265 Attendamus
873 3203 986 3276 etiam,
1015 3203 1103 3282 quod
1159 3218 1225 3265 non
1240 3205 1305 3266 erit
1319 3204 1366 3265 ihi
1387 3205 1439 3267 leo
1463 3207 1620 3283 amplius,
1636 3210 1670 3269 et
1683 3201 1889 3267 malebestialt

309 3303 382 3380 ipse
406 3301 554 3379 suscepit
583 3300 751 3380 Christum
770 3315 846 3362 cum
872 3302 1016 3373 turture,
1045 3303 1104 3364 aut
1158 3302 1241 3362 Ecce
1255 3302 1419 3378 quomodo
1439 3303 1602 3364 hominus
1616 3302 1776 3365 seshnarit
1790 3297 1891 3372 adpro·

308 3397 473 3462 columba.
498 3398 593 3460 Unde
620 3396 819 3458 etiamnum
842 3411 905 3458 nos
922 3397 1104 3474 recipimus
1157 3396 1325 3459 dationem
1349 3397 1485 3459 diaboli.
1502 3401 1678 3462 Daenaones
1699 3395 1890 3474 expelluntura

309 3495 564 3558 Sacramentum
591 3493 753 3572 corporis,
777 3495 811 3555 et
835 3492 1010 3572 sanguinis
1031 3495 1102 3555 lin·
1156 3492 1334 3565 cubilibus,
1351 3494 1439 3556 idest
1456 3495 1625 3560 mentibus
1648 3485 1893 3564 nominumdsh

308 3592 403 3664 mini,
413 3592 454 3654 ad
466 3590 529 3652 hoc
539 3589 727 3667 quodbene,
736 3592 769 3652 et
779 3589 879 3666 digne
888 3590 1100 3667 recipiamus,
1157 3589 1214 3651 uhi
1228 3585 1893 3668 priuahabitahantdraconesorieturriror

309 3690 467 3753 dehemus
481 3688 631 3765 recipere
655 3703 730 3749 cum
745 3688 887 3761 turture,
910 3687 997 3750 idest
1012 3686 1103 3749 luctu
1156 3688 1290 3762 calami,
1301 3688 1450 3764 etjunci.
1465 3691 1503 3751 In
1513 3689 1645 3752 calamo
1655 3687 1894 3766 significatum-

309 3787 528 3868 poenitentiae3
551 3785 585 3848 et
600 3783 763 3857 columba,
782 3784 869 3846 idest
882 3784 1050 3859 castitate;
1066 3785 1102 3846 in
1156 3784 1280 3848 dicatio
1296 3806 1304 3845 ε
1321 3787 1359 3848 ln
1381 3786 1495 3848 rirore
1509 3788 1617 3864 junci,
1633 3788 1725 3849 viror
1738 3783 1815 3856 ndu,
1827 3781 1850 3839 et
1860 3774 1892 3833 ait

309 3884 419 3946 madio
440 3881 566 3959 templi,
582 3881 669 3944 idest
694 3881 815 3954 cordis,
830 3897 897 3943 non
912 3882 947 3943 in
963 3881 1100 3959 angulo.
1156 3881 1335 3962 expellitur
1366 3882 1538 3955 diabolus,
1565 3884 1625 3960 qui
1652 3881 1835 3961 significatur
1855 3883 1893 3949 ptr

309 3983 373 4042 Cor
400 3980 489 4040 enim
517 3978 662 4040 hominis
684 3979 845 4056 templum
878 3980 930 4041 est
957 3979 1101 4058 Spiritus
1156 3979 1285 4042 honam
1299 3981 1435 4058 propter
1443 3980 1686 4054 crudelitatem,
1701 3982 1732 4043 ot
1743 3972 1891 4053 alpmlim.

310 4078 436 4142 Sancti.
451 4074 774 4139 sicutenlmlumen
788 4075 823 4136 iu
838 4077 1100 4154 mediopositum
1155 4079 1221 4140 Per
1243 4075 1365 4138 malam
1399 4076 1542 4140 bestiam
1573 4078 1768 4154 intelligitur
1789 4065 1893 4134 luania,

308 4178 350 4240 ad
365 4191 479 4238 omnes
495 4174 655 4236 terminos
676 4173 793 4234 domus
805 4174 918 4236 radios
932 4173 1098 4246 diffundit,
1154 4188 1228 4250 quae
1250 4188 1370 4252 corpus
1392 4174 1541 4248 enarrat,
1556 4174 1591 4236 et
1614 4174 1756 4237 animam
1777 4159 1895 4231 contami·

307 4274 474 4352 itagratia
489 4272 548 4334 Dei
573 4271 730 4349 percepta
756 4270 792 4331 in
816 4271 916 4332 corde
941 4271 1098 4333 hominis.
1155 4272 1223 4333 nat

307 4373 404 4434 Isaiae
419 4369 483 4449 (19,
501 4369 553 4449 19)
568 4370 648 4429 :clu
662 4367 716 4428 die
731 4366 790 4428 illa
801 4368 866 4431 erit
874 4367 980 4429 altare
990 4367 1051 4429 Dei
1064 4368 1100 4428 in
1195 4367 1352 4446 Sequitur
1367 4389 1376 4428 ε
1389 4369 1533 4432 raotola
1543 4372 1648 4443 plena
1660 4358 1894 4438 excomunica

1161 1843 1269 1917 emisi,
1283 1845 1371 1908 idest
1385 1849 1481 1909 extra
1495 1848 1573 1909 misi
1588 1849 1706 1910 Filium
1716 1849 1840 1910 menmin
1850 1851 1887 1908 lla·
1913 1876 1914 1879 ¹

307 4468 525 4530 medioterraa
537 4465 685 4543 AEgypti,
702 4464 858 4527 attitulas
866 4462 1099 4542 Dominijuxta
1154 4466 1206 4526 Ne
1226 4465 1361 4542 propter
1378 4465 1644 4528 misericordiam
1668 4460 1790 4527 Domim
1803 4460 1896 4530 torpa·

307 4565 468 4627 terminos
492 4562 540 4642 (2)
556 4567 640 4638 ejus.
656 4562 771 4624 altare
782 4560 843 4623 Dei
857 4562 908 4622 est
922 4576 980 4622 cor
989 4561 1100 4622 homi·
1154 4575 1279 4633 camus,
1295 4560 1370 4621 ideo
1384 4561 1556 4638 subjungit
1567 4561 1608 4622 de
1621 4562 1681 4623 Dei
1690 4557 1816 4638 justitia.
1831 4546 1895 4612 nula

306 4662 371 4732 nis,
387 4661 422 4721 in
437 4663 531 4739 cujus
544 4657 756 4721 mediodebet
766 4673 839 4738 esse
853 4657 966 4718 lumen
976 4657 1099 4720 divinae
1153 4658 1190 4717 in
1210 4657 1378 4721 Malachia
1403 4657 1448 4737 (3,
1472 4659 1488 4717 1
1505 4660 1540 4720 et
1550 4657 1585 4736 3)
1603 4656 1772 4721 :eveniet
1789 4649 1824 4713 ad
1839 4649 1896 4708 tcu-

305 4757 435 4836 gratiae,
452 4772 525 4833 quaa
541 4755 586 4817 sit
600 4755 696 4833 quasi
722 4755 840 4816 titulus
864 4756 963 4832 juxta
981 4753 1101 4817 tarmi-
1153 4755 1244 4832 plum
1286 4756 1439 4815 sanctum
1478 4770 1574 4816 suum
1612 4755 1800 4822 dominator,
1829 4753 1896 4821 alell

306 4872 368 4920 nos
382 4852 536 4926 Domini;
558 4853 593 4913 ut
604 4854 692 4915 sicut
704 4852 774 4914 tota
788 4850 867 4912 libri
880 4851 986 4914 series
999 4852 1099 4914 titulo
1153 4867 1213 4913 ros
1235 4851 1395 4928 quaeritis,
1417 4851 1450 4912 et
1470 4851 1615 4928 Angelus
1629 4845 1896 4920 resumendum

305 4951 495 5030 respondet,
517 4950 566 5011 sio
585 4949 696 5010 omnia
716 4948 865 5024 corporis
877 4946 1026 5010 membra
1037 4964 1096 5010 re·
1152 4964 1211 5010 ros
1223 4947 1325 5009 vultis
1339 4965 1376 5022 »3
1392 4949 1433 5009 Et
1450 4948 1562 5011 statim
1590 4947 1701 5008 subdit
1716 4968 1724 5006 ε
1737 4931 1897 5020 Etpalltbst

306 5051 436 5118 sonent,
453 5049 487 5110 et
500 5046 632 5124 sapiant
645 5046 788 5124 gratiam
802 5044 873 5106 Dei.
1152 5045 1239 5106 illios
1262 5045 1358 5116 Levi,
1375 5046 1408 5107 θῖ
1426 5043 1550 5107 colabit
1568 5060 1625 5106 eos
1643 5044 1737 5121 qnasi
1756 5050 1862 5104 aurum,
1876 5030 1898 5089 ⁰¹

327 5207 329 5212 ,
346 5147 502 5224 Sequitur
513 5165 520 5203 :
530 5145 860 5205 Seculcdumaomcn
870 5142 980 5218 tantm,
992 5145 1096 5222 Deus,
1153 5142 1340 5217 argentum.
1358 5140 1442 5213 Quid
1455 5140 1557 5204 saciet
1569 5144 1734 5210 amanum,
1748 5137 1797 5197 ubi
1809 5142 1898 5194 corel·

304 5242 617 5308 speculatiuae
637 5239 857 5313 ttueaterroe.
874 5242 920 5301 Da
943 5239 1008 5302 hoc
1030 5255 1096 5316 no·
1151 5239 1254 5300 tietur
1290 5237 1408 5299 cedrus
1444 5238 1611 5314 paradisii
1647 5239 1763 5299 Postea
1790 5225 1897 5307 loquitu

342 5401 383 5468 (1)
397 5401 465 5464 lea,
479 5398 524 5465 23,
542 5396 567 5453 l.
1151 5393 1261 5451 salvum
1277 5407 1340 5451 esse
1355 5393 1479 5466 polerit?

342 5470 382 5536 (1)
395 5469 481 5541 vulg.
498 5485 506 5524 :
521 5467 683 5524 terminum.
1187 5463 1229 5533 (l)
1244 5464 1327 5534 vulg.
1344 5480 1352 5519 :
1367 5464 1442 5520 ruisi.

340 5540 381 5606 (3)
393 5540 476 5611 vulg.
493 5554 499 5593 :
516 5539 571 5595 lint
592 5536 668 5608 quod
693 5543 807 5609 captum
824 5535 906 5594 inerit
928 5552 943 5594 a
968 5536 1095 5606 robusto,
1188 5535 1229 5603 (5)
1245 5534 1331 5605 vulg.
1348 5550 1355 5590 :
1372 5536 1403 5591 ln
1415 5532 1518 5608 quibus
1530 5534 1617 5606 prius.
