3950 6200
275 368 338 429 207

714 373 770 433 ab
792 373 930 435 OPERA
953 375 986 433 S.
1010 372 1231 437 FRANCISCI
1251 375 1477 439 assrsla‘rls
1834 384 1880 446 tta

276 526 412 592 traditio
436 529 497 600 est,
514 532 547 594 et
567 530 752 592 communis
767 547 949 594 consensus
968 530 1071 593 cada-

276 640 336 688 ver
361 629 508 689 erectum
532 626 568 688 in
591 627 703 703 pedes,
721 629 899 705 integrum,
913 631 1067 699 illaesum,

276 724 383 785 oculis
411 724 548 800 apertis,
576 724 771 787 vulneribus
801 728 968 788 recentem
998 742 1070 787 ma·

276 820 432 881 nantibus
453 821 650 896 sanguinem
670 822 779 883 adbuc
794 822 997 883 conservari.
1021 823 1070 883 Ita

274 916 358 977 vidit
369 916 530 977 Nicolaus
545 918 691 994 quintae,
708 919 741 978 et
755 918 895 995 quicum
907 934 946 980 eo
960 920 1067 989 eraut,

275 1029 414 1091 quornm
438 1030 525 1074 unus
550 1013 738 1076 submonte
767 1015 822 1075 ubi
844 1015 986 1086 adulari,
1008 1030 1069 1076 nec

275 1111 409 1171 mentiri
430 1112 513 1171 adeo
536 1110 635 1172 facile
647 1111 736 1183 licet,
753 1128 824 1172 rem
840 1128 970 1172 omnem
990 1127 1070 1172 nar-

1123 532 1244 595 affatus
1264 536 1325 608 est,
1343 537 1380 597 nt
1393 536 1435 597 ed
1450 550 1503 597 me
1517 551 1695 599 conversus
1708 538 1840 602 diceret:
1853 545 1880 604 Si

1123 646 1196 707 qnae
1212 647 1271 707 per
1282 633 1429 709 tempora
1447 635 1613 695 retroacta
1633 650 1729 696 aures
1750 653 1822 698 mee
1834 654 1881 700 ex·

1123 730 1225 803 pertae
1238 730 1325 799 sunt,
1341 743 1406 789 non
1426 730 1611 804 ignorares,
1632 731 1691 792 tibi
1703 736 1881 810 quoquead·

1123 824 1311 885 mirationis
1323 826 1449 887 inesset
1463 841 1576 887 cansa.

1162 919 1209 979 Ad
1225 936 1322 996 quem
1338 936 1416 996 ego:
1430 923 1547 993 Quaeso
1559 925 1595 984 ut
1609 938 1681 1000 quae
1692 924 1806 986 audisti
1816 926 1882 986 adis·

1123 1030 1228 1075 seras.
1257 1019 1350 1077 Tunc
1377 1017 1435 1078 ille
1461 1041 1468 1078 ε
1499 1020 1645 1091 Mallem,
1662 1021 1819 1097 inquitet
1837 1039 1883 1099 por

1123 1113 1356 1174 contritionem
1367 1112 1557 1191 lacrymari,
1571 1133 1668 1193 quam
1684 1117 1718 1177 in
1733 1118 1781 1177 bis
1795 1119 1881 1178 cordis

273 1208 371 1271 ravit.
398 1208 580 1270 Historiam
604 1211 809 1284 exceperunt
835 1209 912 1281 alii,
938 1209 995 1285 qui
1022 1209 1068 1269 ita

272 1305 557 1380 transcripserunt
570 1326 578 1364 ε

313 1400 361 1461 Ad
389 1399 705 1462 reverendissimum
734 1403 833 1477 atque
867 1401 1068 1462 ornantissi·

273 1512 363 1557 mum
377 1499 414 1557 lt.
432 1499 469 1557 D.
484 1497 720 1557 Andriensium
735 1499 938 1574 episcopum,
956 1500 1067 1559 Fran-

275 1592 386 1654 ciscus
399 1594 439 1654 de
454 1595 583 1664 Bantio,
603 1594 671 1654 dux
683 1594 829 1666 Andriae,
846 1596 936 1655 Com.
949 1598 986 1655 P.
1004 1597 1040 1656 F.

313 1691 504 1766 scripturus
540 1707 602 1767 ego
640 1691 680 1752 ad
721 1692 893 1753 Pontificis
935 1692 1067 1754 Nicolai

272 1803 485 1864 progressum
501 1786 560 1865 (1),
576 1789 632 1864 qni
648 1788 822 1865 seraphici
835 1789 940 1864 patris
959 1792 1068 1850 Fran·

272 1884 354 1945 cisci
374 1899 494 1960 corpus
507 1885 702 1946 visitaverat
720 1886 954 1961 personaliter,
972 1887 1066 1947 veri-

271 1983 325 2041 tus
341 1997 413 2042 sum
438 1997 491 2052 ne,
515 1983 550 2043 ut
564 1998 683 2057 parum
699 1983 892 2054 instructus,
908 1986 1067 2059 tanquam

271 2077 477 2154 imperitusa
494 2078 605 2154 probis
619 2081 652 2139 et
665 2078 822 2154 gravibus
835 2080 917 2141 viris
930 2095 1065 2155 arguar.

269 2177 424 2236 Attamen
446 2176 605 2251 quoniam
627 2175 659 2235 in
677 2177 822 2252 negotio,
843 2177 929 2253 qnod
945 2192 1068 2252 aggre-

166 2312 171 2325 .
271 2272 355 2343 dior,
375 2288 443 2332 nou
458 2273 593 2334 levitate
609 2271 659 2350 (ut
670 2273 717 2333 ita
733 2273 856 2352 dicam)
881 2276 940 2335 aut
957 2275 1067 2335 teme·

271 2368 371 2430 ritate
391 2369 515 2447 aliqua,
531 2370 611 2446 quin
633 2371 743 2447 potius
758 2372 947 2433 reverentia
961 2374 995 2433 et
1009 2371 1069 2432 de-

270 2466 404 2527 votione
419 2466 525 2527 fretus
535 2483 619 2537 sum,
637 2468 764 2527 idcirco
779 2467 820 2527 ad
836 2470 869 2529 te
891 2466 1067 2530 admodum

269 2564 491 2624 reverendum
508 2564 594 2624 hanc
607 2564 795 2640 epistolam,
815 2566 878 2626 etsi
893 2565 1065 2635 incultam,

272 2660 362 2720 omni
379 2663 491 2721 tamen
505 2661 647 2721 veritate
665 2662 814 2736 plenam,
829 2661 999 2722 destinare
1014 2678 1069 2722 cn·

270 2756 355 2816 ravi.
371 2756 421 2817 nd
435 2757 478 2827 te,
501 2757 646 2833 inquam,
665 2762 721 2832 qni
741 2757 903 2832 potestate
918 2758 978 2820 tibi
994 2774 1068 2819 cre-

272 2853 352 2923 dita,
367 2854 523 2914 Ecclesiae
536 2854 594 2914 Dei
607 2855 733 2931 partem
744 2853 910 2929 gubernas
922 2858 955 2916 et
964 2858 1065 2932 regis.

272 2950 359 3012 Novi
384 2951 484 3021 enim,
498 2952 534 3012 ut
548 2966 635 3022 reor,
651 2954 684 3013 te
708 2953 874 3013 recentem
893 2969 933 3014 ac
955 2954 1067 3015 vivam

272 3048 466 3110 memoriam
487 3048 634 3110 retinere
653 3064 780 3121 eorum,
802 3064 875 3126 quae
893 3049 948 3111 hic
969 3053 1067 3113 modo

271 3145 534 3207 subinferuntur.
554 3148 762 3223 Quapropter
776 3148 840 3208 etsi
860 3147 975 3221 iubis,
992 3167 1067 3226 quae

271 3260 332 3322 per
346 3260 399 3305 me
413 3243 588 3305 scribenda
611 3247 700 3314 sunt,
721 3244 845 3321 aliquid
861 3262 914 3306 me
928 3249 1069 3322 praetar-

272 3342 552 3418 misisse,velplus
564 3342 646 3403 satis
657 3341 826 3403 addidisse
836 3346 1066 3419 perspexeris;

271 3439 429 3501 articulis*
438 3441 503 3501 tois
516 3439 671 3515 idipsum,
683 3441 740 3510 tna
752 3440 850 3500 solita
861 3439 1067 3514 benignitate

272 3538 306 3600 et
330 3536 518 3613 prudentia,
535 3537 600 3613 qna
615 3536 796 3612 plurimum
818 3537 935 3613 pellea,
955 3553 1069 3610 emen-

271 3634 351 3696 dare
364 3636 397 3696 et
409 3634 579 3708 corrigere
594 3634 728 3710 poteris.
745 3634 831 3694 Novi
842 3634 931 3694 enim
944 3634 985 3694 ob
1004 3634 1069 3695 im·

270 3732 424 3810 peritiam
440 3745 560 3801 meam,
575 3746 626 3790 me
636 3727 765 3800 lallare,
781 3746 821 3790 ac
834 3728 905 3792 salli
920 3746 1017 3807 posse
1033 3732 1067 3792 in

271 3829 336 3890 hoc
351 3828 495 3903 negotio.

310 3927 357 3986 Te
380 3927 491 3986 autem
519 3924 575 4001 qui
599 3924 727 3986 clavem
753 3924 857 3986 David
886 3926 978 3987 solus
1006 3927 1069 3987 ha·

270 4023 330 4087 bes
353 4024 505 4099 rogatum
527 4037 601 4082 esse
621 4022 753 4089 vellem,
770 4023 806 4083 nt
829 4021 863 4083 in
893 4024 979 4084 banc
1000 4024 1067 4084 ho-

269 4137 342 4184 ram
370 4135 556 4182 sermonem
571 4122 697 4180 rectum
724 4134 763 4180 ac
786 4118 1067 4183 benesonantem

267 4222 305 4283 in
316 4237 353 4282 os
369 4236 479 4280 meum
490 4217 672 4280 concedere
687 4216 846 4293 digneris,
862 4218 951 4278 ntea
966 4219 1067 4294 digne

270 4320 381 4381 dicere
391 4317 533 4387 valeam,
546 4330 619 4393 quae
627 4313 833 4375 infructuoso
844 4315 978 4376 silentio
991 4332 1068 4392 per-

269 4416 415 4478 transire
428 4414 521 4476 nolas
538 4414 635 4474 esset.
660 4414 717 4482 Te,
731 4411 867 4489 inquam
883 4412 1064 4484 dominum,

269 4514 447 4575 Dominum
466 4527 575 4571 meum
598 4512 712 4571 iesum
739 4509 905 4570 Christum
925 4511 1067 4586 supplex

271 4611 441 4687 deprecor,
462 4622 504 4667 ne
532 4607 631 4683 hujus
655 4607 704 4667 rei
730 4622 789 4681 per
803 4622 855 4667 me
868 4606 1065 4669 enarrandae

270 4706 457 4769 devotionis
471 4704 580 4764 fructu
596 4718 739 4772 caream,
757 4706 791 4764 et
805 4720 926 4780 expers
936 4705 1010 4764 sim.

309 4801 454 4867 lacobus
480 4799 611 4875 quidem
632 4797 894 4873 Laqnidonensis
914 4800 1065 4862 ecclesiae

270 4903 457 4978 episcopus,
482 4895 559 4955 dum
579 4894 676 4955 nonis
688 4894 801 4955 martii
813 4896 948 4956 Andriae
964 4899 1063 4968 esset,

269 5001 373 5075 tuque
398 4998 431 5058 ei
452 4994 524 5069 ipse
560 4991 659 5052 simul
685 4991 905 5066 alloquentes
935 4995 1065 5054 vestros

270 5097 382 5156 vultus
396 5089 618 5153 admiratione
634 5103 700 5148 non
715 5088 852 5148 minima
863 5088 1062 5164 replevistis.

271 5191 362 5263 Quod
378 5205 452 5250 cnm
467 5203 539 5262 ego,
558 5186 614 5262 qui
635 5185 734 5245 simul
756 5186 902 5256 aderam,
923 5186 1063 5248 intuitus

269 5304 389 5356 essem,
400 5301 535 5346 causam
548 5284 648 5344 tantae
663 5281 894 5343 admirationis
905 5285 1063 5361 tanquam

269 5384 432 5452 curiosus,
450 5397 468 5441 a
483 5381 577 5442 vobis
589 5380 761 5456 inquirere
775 5380 871 5455 crept.
881 5382 1065 5457 Eapropter

267 5480 423 5547 lacobus,
445 5479 500 5556 qui
515 5477 596 5539 mihi
615 5477 765 5539 intimior
783 5477 866 5547 erat,
884 5476 936 5538 his
950 5478 1062 5540 verbis

1123 1207 1326 1269 bilaritatem
1350 1210 1536 1272 ostendere.
1549 1214 1628 1272 Cum
1649 1215 1756 1273 autem
1775 1212 1836 1273 haec
1849 1214 1880 1273 ab

1122 1318 1161 1364 eo
1177 1305 1393 1377 audivissem,
1410 1308 1542 1368 avidius
1556 1309 1697 1369 adorsus
1711 1324 1779 1368 sum
1793 1309 1881 1369 bomi-

1122 1416 1209 1471 nem,
1226 1405 1259 1462 et
1276 1405 1494 1479 opportunam
1511 1405 1628 1465 boram
1643 1406 1824 1481 quaeritans,
1836 1406 1883 1466 de·

1123 1501 1276 1574 precatus
1300 1516 1373 1559 sum
1397 1517 1484 1571 evim,
1509 1501 1784 1562 dioenszUtinam
1797 1503 1883 1578 palam

1122 1594 1180 1655 abs
1193 1599 1225 1656 te
1238 1595 1301 1657 ista
1314 1598 1379 1658 cito
1392 1597 1524 1658 docear.
1541 1602 1580 1659 ut
1594 1599 1652 1659 ille
1669 1616 1677 1659 :
1694 1600 1836 1661 Libenter
1846 1600 1884 1659 la·

1122 1693 1219 1763 ciam,
1236 1693 1353 1769 inquit,
1377 1694 1434 1754 sed
1463 1695 1576 1770 magni
1605 1697 1759 1771 ponderis
1775 1698 1882 1757 resista

1123 1790 1184 1860 est,
1201 1792 1233 1850 et
1249 1805 1314 1849 non
1325 1791 1414 1850 omni
1425 1791 1552 1851 bomini
1562 1793 1882 1867 apensnnanttanen

1122 1888 1157 1946 tu
1183 1886 1361 1961 diligenter
1386 1889 1420 1947 et
1446 1889 1571 1949 attente
1590 1889 1681 1960 audi,
1697 1893 1735 1974 et¹
1748 1889 1882 1950 ausculta.

1121 1984 1292 2057 astorgius
1303 1983 1436 2059 quidam
1448 1984 1536 2045 tituli
1551 1986 1797 2047 SanctiEusebii
1810 2002 1884 2062 pres-

1121 2078 1217 2154 byter
1239 2079 1431 2150 cardinalis,
1448 2083 1692 2144 Beneventanae
1717 2083 1801 2143 urbis
1821 2083 1881 2143 olim

1121 2176 1403 2252 archiepiscopus,
1419 2176 1496 2237 dnm
1507 2178 1542 2237 in
1558 2180 1709 2240 extrema
1723 2179 1884 2240 valetudine

1120 2275 1209 2333 esset
1228 2273 1364 2348 positus,
1382 2272 1532 2351 febrique
1548 2276 1674 2343 valida,
1692 2293 1756 2354 qua
1769 2276 1885 2336 maxine

1121 2372 1314 2441 vexaretur,
1335 2371 1372 2430 ut
1386 2372 1517 2446 putaret
1537 2372 1600 2431 sibi
1615 2373 1759 2433 vicinam
1773 2374 1883 2437 mortem

1122 2464 1203 2534 lore,
1221 2468 1317 2527 nocte
1343 2468 1608 2543 superveniente,
1621 2485 1696 2545 quae
1716 2471 1808 2531 finem
1826 2469 1885 2528 lan·

1121 2562 1235 2637 gaoris
1246 2579 1357 2624 secum
1372 2564 1459 2624 ferre
1473 2565 1649 2627 videbatur
1660 2589 1667 2626 ι
1679 2567 1726 2627 sic
1736 2568 1817 2627 enim
1827 2565 1885 2625 viri·

1121 2659 1182 2719 bus
1191 2662 1341 2735 corporis
1356 2660 1492 2722 destitui
1506 2664 1597 2722 visus
1610 2665 1673 2735 est,
1685 2667 1719 2725 ut
1734 2665 1788 2724 vix
1798 2663 1885 2723 creda·

1121 2757 1176 2817 tur
1190 2773 1265 2817 eum
1292 2759 1558 2834 supervicturum
1575 2761 1609 2819 in
1632 2763 1819 2823 erastinum.
1835 2762 1885 2833 Ego

1121 2870 1200 2915 vero
1227 2854 1383 2926 lacobus,
1401 2856 1457 2932 qui
1484 2858 1588 2917 nimio
1616 2873 1731 2920 amore
1747 2857 1884 2919 hominen

1121 2951 1310 3027 diligebam,
1340 2968 1414 3013 cum
1450 2969 1596 3030 praesens
1625 2970 1745 3027 essem,
1774 2959 1885 3032 ejusque

1122 3049 1293 3122 minister,
1332 3052 1456 3113 attente
1490 3067 1591 3129 super
1618 3068 1695 3114 eum
1723 3050 1885 3128 vigilabam,

1122 3147 1306 3224 llebamque
1333 3169 1340 3207 :
1365 3151 1438 3225 lpse
1461 3165 1542 3210 vero
1564 3151 1668 3211 sicin
1692 3150 1838 3212 extremis
1850 3147 1888 3207 la·

1121 3244 1254 3315 borans,
1281 3261 1347 3305 non
1371 3246 1481 3306 minus
1510 3246 1640 3319 devote,
1670 3265 1764 3326 quam
1793 3245 1886 3322 plain

1122 3341 1208 3401 hanc
1243 3357 1358 3403 vocem
1401 3358 1635 3420 prorumpens,
1674 3341 1887 3406 clamabat:0

1123 3437 1314 3499 Francisoel
1336 3441 1556 3501 Maneautem
1579 3442 1669 3503 lacto
1685 3458 1757 3503 cum
1781 3439 1888 3517 paulus

1122 3535 1215 3595 cuias
1237 3538 1413 3613 utcumque
1441 3537 1531 3597 vires
1557 3540 1797 3617 resumpsisset,
1817 3533 1887 3596 omni

1123 3647 1196 3691 cum
1212 3633 1467 3694 mansuetudine
1482 3635 1679 3711 deprecatus
1693 3631 1888 3700 hominemul

1123 3744 1258 3789 causam
1284 3731 1446 3804 ejusmodi
1489 3730 1713 3793 invocationis
1741 3725 1886 3792 mancisd

1122 3825 1203 3885 mibi
1220 3826 1428 3887 innotescere
1444 3827 1649 3902 dignaretur.
1667 3832 1708 3890 nt
1722 3830 1777 3889 ille
1792 3849 1798 3886 :
1813 3827 1887 3887 OJa

1122 3922 1214 3994 cobe,
1231 3939 1339 4000 quem,
1349 3924 1515 4008 inquitin
1526 3940 1640 3986 amore
1650 3926 1712 3987 tibi
1725 3919 1888 4003 praeierant

1123 4023 1227 4081 Porro
1238 4021 1266 4080 si
1282 4022 1369 4081 alius
1382 4021 1622 4096 interrogasset
1631 4040 1685 4083 me
1701 4024 1741 4084 de
1751 4015 1886 4099 ejusmodi

1121 4117 1171 4178 rei
1187 4133 1301 4188 causa,
1321 4118 1460 4179 forsitan
1476 4134 1541 4178 non
1563 4119 1656 4181 illam
1669 4121 1702 4181 ei
1718 4120 1887 4197 panderem

1121 4215 1230 4276 dicam
1242 4215 1302 4277 tibi
1315 4215 1544 4285 nihilominus,
1557 4218 1590 4278 et
1599 4218 1635 4278 tu
1645 4218 1769 4279 attente
1778 4211 1889 4276 anscul-

1122 4311 1219 4373 tabis.

1160 4409 1332 4481 Nicolaus,
1349 4409 1449 4487 hujus
1467 4411 1612 4472 nominis
1639 4413 1789 4475 Pontifex
1806 4407 1887 4485 quin·

1120 4509 1184 4578 tus,
1201 4522 1288 4568 anno
1307 4508 1437 4567 Domini
1453 4508 1632 4570 millesimo
1657 4505 1890 4587 quadringente·

1121 4604 1203 4664 simo
1217 4605 1470 4681 quadragesimo
1487 4621 1586 4674 nono,
1605 4606 1694 4668 beati
1711 4606 1798 4668 Petri
1810 4608 1890 4677 Apes

1119 4702 1178 4763 toli
1195 4702 1311 4762 sedem
1329 4705 1464 4762 strenue
1492 4703 1710 4778 gubernabat.
1732 4703 1811 4765 Huic
1828 4698 1889 4758 dnn

1120 4799 1240 4859 Assisii
1257 4814 1384 4859 moram
1412 4799 1569 4872 traheret,
1584 4802 1676 4863 venit
1702 4803 1737 4862 in
1758 4798 1886 4860 mentem,

1120 4897 1155 4956 ut
1177 4894 1265 4956 beati
1292 4895 1464 4956 Francisci
1489 4912 1610 4973 corpus
1637 4898 1743 4958 oculis
1768 4888 1888 4973 propriis

1120 4992 1308 5069 inspiceret,
1331 4993 1372 5054 ob
1393 5009 1492 5070 quarn
1507 5010 1643 5055 oausam
1665 4984 1888 5056 accersitnsest

1119 5090 1160 5148 ab
1171 5106 1210 5150 eo
1228 5089 1382 5150 dominus
1400 5093 1518 5151 Petrus
1542 5092 1583 5152 de
1598 5094 1739 5164 Nocet03
1756 5090 1794 5151 ad
1809 5095 1887 5164 quem

1119 5187 1272 5246 Pontifex
1284 5209 1292 5246 z
1302 5187 1403 5258 Vade,
1418 5187 1537 5264 inquit.
1550 5188 1590 5248 ad
1607 5190 1822 5264 guardianum
1833 5176 1885 5240 loci

1119 5285 1229 5358 hujus,
1253 5286 1287 5345 et
1307 5300 1380 5344 meo
1396 5285 1529 5346 nomine
1553 5286 1603 5345 illi
1622 5283 1828 5362 significabis.
1847 5287 1887 5336 ne

1118 5381 1253 5442 omnino
1273 5381 1483 5442 visitaturum
1506 5398 1580 5443 esse
1593 5385 1626 5444 et
1649 5384 1793 5444 visurum
1814 5369 1887 5436 beati

1117 5478 1619 5553 Franciscicorpus.ivitautem
1630 5481 1757 5550 Petrus,
1773 5476 1886 5550 etjussa

304 5682 345 5753 (l)
359 5682 477 5739 Mallus:
488 5679 523 5737 de
533 5680 642 5738 Nicolai
655 5691 818 5752 progressu,
835 5680 878 5734 ccl
890 5680 1022 5754 ingressu
1038 5681 1158 5753 (scilicet
1171 5679 1206 5738 ad
1217 5682 1310 5738 locum
1322 5678 1369 5738 ubi
1381 5695 1484 5754 corpus
1498 5682 1525 5739 S.
1537 5683 1678 5740 Francisci
1696 5673 1856 5755 requiescit).
