3950 6200
112 265 162 327 13
526 251 530 257 ’
664 266 986 332 13333333331.
1009 272 1178 334 -1111,
1679 268 1737 328 113

114 426 159 488 111
167 422 302 496 Quidam
315 440 400 489 vero
415 441 457 488 31
467 426 754 503 hatribas,gratia
764 428 892 489 illumi·
945 431 1246 509 quantumcumque
1258 430 1430 509 paululum
1442 426 1638 506 attingebat,
1651 428 1735 505 pris·

113 525 203 593 natus,
228 522 261 585 31
283 524 424 585 3313133
450 524 640 600 intelligens
663 525 763 605 quod⁴
778 525 892 601 aliqua
943 527 1016 587 tino
1026 532 1224 604 recuperato
1234 530 1362 604 vigore,
1375 528 1555 603 surgebant
1566 526 1736 599 continuo,

111 619 243 681 miranda
266 619 424 689 vidisset,
452 637 510 698 pro
543 636 582 682 eo
608 622 694 698 quod
717 622 891 684 videbatur
945 624 1737 710 31133133133111111331133331333313113333113Ι

110 715 266 779 admodum
282 718 502 794 stupefactus,
519 718 604 780 dixit
619 719 659 779 ad
676 719 892 781 1113133333-
945 720 1156 783 festinabant.
1168 722 1287 798 Sicque
1300 721 1423 784 lactum
1436 723 1495 793 est,
1513 722 1549 781 ut
1561 735 1622 796 per
1634 713 1739 780 virtuss

109 816 366 887 3311113131,
393 832 458 876 non
481 815 588 876 solum
610 818 746 893 propter
766 817 810 888 13,
833 816 889 877 sed
945 818 1011 879 tem
1022 818 1207 879 mirandam
1221 835 1315 895 aquae
1329 820 1432 889 illius,
1450 834 1523 896 quae
1539 832 1653 878 sacras
1669 817 1738 893 pla·

109 912 192 973 etiam
203 912 345 989 propter
369 913 467 985 alios,
491 913 579 974 scias
593 912 655 974 tibi
681 913 810 974 ostendi
823 912 889 975 ali·
945 930 1006 990 gas
1021 916 1218 990 contigerat,
1236 916 1343 977 omnis
1358 932 1493 993 prorsus
1508 915 1606 991 plaga
1619 928 1737 975 cessa-

109 1008 222 1085 quando
235 1011 453 1073 sacramenta
469 1010 593 1071 divina.
607 1009 803 1071 Timendurn
818 1025 893 1087 pro·
945 1013 1006 1083 ret,
1025 1012 1249 1090 pestilensque
1271 1013 1405 1075 morbus
1429 1029 1449 1073 a
1470 1011 1626 1088 gregibus
1640 1010 1739 1085 duga—
1811 1088 1814 1097 γ

107 1108 204 1184 pterea
223 1108 304 1183 jure
334 1107 480 1178 videtur,
506 1123 548 1168 ne
572 1107 612 1179 si,
636 1107 721 1184 quod
740 1107 891 1184 pluribus
946 1110 1049 1170 13131.

107 1202 300 1279 profuturum
317 1205 490 1281 accepisti,
505 1205 678 1276 celaveris,
695 1220 754 1280 pro
766 1204 891 1267 talento
986 1206 1082 1267 Circa
1101 1207 1274 1283 praelatum
1293 1209 1437 1269 montem
1456 1208 1620 1276 alvernae,
1642 1205 1737 1266 ante-

108 1299 285 1363 abscondito
308 1301 588 1378 reprehensibilis
613 1301 773 1378 judiceris
788 1318 817 1362 a.
842 1301 891 1363 Ad
946 1318 1045 1379 quam
1060 1303 1112 1365 111
1133 1306 1267 1366 sanctus
1288 1304 1334 1364 ibi
1361 1304 1574 1365 contraheret
1595 1314 1733 1371 moram,

110 1400 190 1473 cujus
203 1397 349 1460 verbum
370 1401 479 1462 motus
491 1400 544 1461 vir
558 1399 703 1471 sanctus,
720 1398 892 1461 1133131133
947 1399 1035 1461 nube
1043 1415 1086 1461 31
1100 1401 1172 1478 ipso
1184 1402 1295 1462 monte
1306 1405 1475 1476 surgente,
1483 1398 1656 1475 grandinis
1663 1398 1738 1459 vio-

109 1494 202 1555 dicere
236 1495 362 1557 solitus
398 1498 488 1558 esset
523 1512 530 1556 :
569 1496 739 1559 secretum
781 1512 892 1559 meum
946 1497 1036 1558 lenta
1044 1499 1224 1574 tempestas
1234 1498 1360 1559 tructus
1370 1501 1469 1558 terrae
1482 1495 1737 1558 consuetudina-

109 1591 195 1651 nihi:
208 1591 291 1653 tnnc
304 1595 510 1655 tamencum
525 1594 629 1655 mutto
642 1594 761 1657 timore
771 1595 892 1655 seriem
947 1595 997 1655 113
1010 1594 1213 1657 devastabat.
1232 1595 1295 1656 Sed
1303 1598 1377 1671 post
1389 1595 1481 1656 illam
1495 1593 1736 1671 apparitionem

111 1688 207 1750 retulit
240 1690 392 1751 visionis
414 1690 572 1768 praedatae,
596 1690 731 1764 addens,
755 1692 841 1770 quod
864 1692 893 1752 is
947 1692 1090 1765 felicem,
1111 1704 1177 1754 non
1206 1692 1278 1753 sine
1304 1692 1490 1753 incolarum
1514 1689 1736 1752 admiratione

111 1787 155 1861 qai
174 1786 234 1847 sibi
262 1790 483 1866 apparuerat,
509 1789 621 1867 aliqua
647 1790 780 1861 dixerit,
806 1805 890 1865 qnae,
946 1790 1074 1865 grando
1089 1790 1244 1862 cessavit,
1266 1791 1303 1851 ut
1323 1790 1469 1852 caelestis
1490 1789 1580 1850 illius
1598 1786 1737 1850 visionis
1769 1862 1772 1865 Ι

110 1899 271 1960 nunquam
308 1885 402 1945 dum,
422 1886 561 1959 viveret,
589 1886 691 1947 alicui
719 1886 893 1947 hominum
947 1887 1191 1960 excellentiam,
1205 1888 1238 1949 et
1252 1888 1443 1964 stigmatum
1455 1887 1578 1948 ibidem
1590 1886 1737 1961 impres·

110 1981 246 2056 aperiret.
265 1982 480 2043 Credendum
503 1999 596 2056 sane,
611 1986 680 2045 tam
697 1999 821 2045 313333
833 1983 893 2045 1113
947 2000 1060 2047 sorum
1068 1986 1235 2058 virtutem,
1243 1986 1389 2047 serenati
1401 1985 1524 2062 praeter
1533 1983 1737 2059 moremipsa

111 2076 196 2139 inisse
209 2078 299 2139 sacri
315 2079 414 2139 illius
437 2081 565 2157 seraph
589 2081 626 2142 in
641 2096 740 2142 cruce
755 2080 894 2142 mirabi-
947 2081 1023 2143 coeli
1036 2082 1140 2144 iacies
1153 2083 1351 2145 declararet.

111 2173 382 2252 literapparentis
403 2176 546 2254 eloquia,
563 2178 648 2255 quod
663 2177 747 2240 sorte
761 2166 828 2239 noh
846 2177 893 2238 li·
990 2180 1134 2256 Contigit
1168 2196 1297 2257 quoque
1325 2197 1400 2242 eum
1426 2182 1575 2256 tempore
1600 2176 1737 2239 hiemali

112 2274 185 2333 earet
200 2272 398 2335 hominibus
421 2289 460 2334 33
475 2274 576 2351 loqui.
594 2277 774 2353 Postquam
789 2275 893 2350 igitur
946 2279 1082 2356 propter
1092 2277 1294 2339 debilitatem
1310 2278 1470 2354 corporis,
1479 2280 1512 2338 31
1522 2274 1736 2352 asperitatem

111 2383 192 2430 verus
210 2371 339 2432 Christi
370 2387 464 2432 arnor
487 2373 521 2433 in
543 2372 693 2435 eamdem
712 2372 891 2448 imaginem
946 2377 1077 2438 viarum
1087 2374 1232 2435 hominis
1244 2375 1417 2452 cujusdam
1425 2374 1593 2451 pauperis,
1601 2371 1739 2433 subvec-

112 2466 347 2531 transformavit
378 2470 555 2541 amantem,
584 2470 804 2547 quadraginta
820 2470 893 2532 die·
945 2475 1015 2535 tum
1030 2471 1145 2543 asello,
1162 2471 1223 2531 sub
1241 2472 1335 2547 rupis
1356 2470 1526 2550 cujusdam
1539 2468 1737 2546 prominen-

113 2578 170 2623 rnrn
197 2581 354 2635 numero,
374 2567 473 2642 juxta
503 2566 591 2644 quod
621 2566 830 2639 decreverat,
856 2567 892 2628 in
946 2571 989 2632 tis
1009 2570 1204 2647 pernoctare
1225 2569 1405 2646 crepidine,
1418 2571 1454 2630 nt
1473 2568 1561 2629 nivis
1577 2568 1610 2628 et
1630 2565 1737 2626 noctis

114 2661 271 2725 solitudine
286 2667 534 2737 consummato,
549 2665 803 2742 superveniente
815 2680 893 2741 quo·
950 2667 1255 2745 supervenientium
1276 2682 1406 2743 quoquo
1433 2665 1529 2727 modo
1555 2661 1739 2725 declinaret

113 2773 162 2832 que
174 2760 386 2823 solemnitate
402 2762 597 2837 archangeli
613 2762 798 2833 Michaelis,
811 2762 892 2824 des·
946 2764 1165 2835 incommoda,
1180 2764 1299 2840 quibus
1314 2764 1526 2841 praepeditus,
1542 2761 1583 2824 ad
1599 2760 1738 2837 hospitii

114 2856 393 2934 cenditangelicns
417 2859 471 2919 vir
492 2859 690 2920 Franciscus
708 2858 749 2919 de
767 2861 889 2931 monte,
946 2863 1055 2923 lacurn
1071 2877 1137 2922 non
1159 2861 1313 2923 valuerat
1332 2860 1517 2938 pervenire.
1534 2861 1615 2920 Cum
1628 2860 1739 2923 autem

114 2966 204 3014 3331111
217 2956 335 3018 serens
349 2956 507 3017 Crucillxi
525 2955 682 3032 effigiem,
705 2972 772 3017 non
788 2957 824 3017 in
838 2959 893 3018 ta-
947 2961 999 3020 vir
1013 2961 1148 3020 sanctus
1162 2959 1329 3020 hominem
1342 2958 1436 3019 illum
1452 2958 1640 3035 querulosis
1657 2954 1738 3015 sub-

112 3046 182 3111 bnlis
202 3052 349 3131 lapideis
368 3053 421 3116 vel
443 3052 564 3130 ligneis
590 3069 692 3116 manu
715 3052 892 3130 figuratam
946 3058 1206 3118 murmurantem
1215 3054 1393 3132 gemitibus
1408 3055 1487 3116 hinc
1496 3054 1573 3116 inde
1589 3053 1736 3130 seipsum

113 3149 239 3222 artificis,
254 3152 319 3213 sed
333 3152 368 3212 in
382 3151 514 3214 carneis
525 3150 682 3213 membris
691 3152 890 3228 descriptam
942 3156 1072 3232 jactare
1088 3155 1260 3224 sensisset,
1275 3154 1432 3230 tanquam
1448 3153 1504 3229 qui
1519 3152 1610 3213 tenui
1625 3149 1738 3226 operi·

113 3243 198 3320 digito
220 3251 279 3310 Dei
308 3248 891 3326 11111113333131113331313331331
946 3254 1057 3313 mento
1086 3252 1268 3322 contectus,
1296 3250 1468 3327 quiescere
1500 3264 1568 3324 prae
1601 3246 1736 3322 trigoris

114 3343 196 3418 Regis
216 3346 425 3408 abscondere
449 3346 571 3408 bonurn
595 3349 656 3418 331,
675 3347 750 3408 ideo
771 3348 891 3409 secreti
946 3348 1127 3410 acerbitate
1147 3347 1316 3425 nequibat,
1334 3346 1439 3407 divini
1464 3345 1588 3406 amoris
1607 3343 1739 3405 fervore

113 3442 217 3516 regalis
245 3446 305 3505 111
328 3443 494 3510 33333113,
517 3444 690 3520 signacula
710 3444 770 3506 illa
795 3460 890 3506 33313
946 3462 1137 3516 333333333,
1152 3461 1252 3505 31333
1278 3445 1372 3505 illurn
1399 3445 1554 3521 protensa
1578 3440 1736 3519 palpavit.

115 3552 160 3610 pro
170 3540 294 3602 viribus
305 3540 542 3612 abscondebat,
557 3543 589 3602 31
603 3542 801 3604 3333113131.
824 3545 892 3603 Ve-
947 3543 1101 3605 Mirabile
1113 3542 1217 3603 331131
1230 3544 1378 3618 Repente
1391 3541 1431 3602 ad
1447 3540 1538 3600 111133
1555 3554 1659 3600 sacrae
1672 3553 1740 3599 ma-

114 3649 173 3696 rum
186 3640 261 3714 quia
276 3639 340 3700 Dei
351 3640 403 3700 331
417 3638 458 3700 ad
472 3654 625 3713 magnam
639 3639 780 3715 gloriam
796 3656 891 3700 suam
946 3657 1009 3701 nus
1024 3640 1223 3710 contactam,
1239 3655 1312 3716 quae
1325 3637 1492 3714 seraphici
1507 3635 1627 3698 calculi
1642 3649 1739 3710 gere·

114 3734 242 3797 11131313
265 3751 402 3812 magna,
420 3752 493 3813 quae
518 3735 598 3798 facit
619 3737 789 3809 Dominus,
805 3738 889 3813 ipse,
945 3737 1003 3800 bat
1017 3737 1218 3807 incendium,
1242 3735 1331 3797 omni
1352 3734 1466 3810 fugato
1489 3733 1738 3810 frigoretantus

115 3830 177 3904 qaia
195 3833 371 3909 signacula
396 3833 523 3895 secrete
550 3833 774 3910 impresserat,
787 3836 893 3895 mira·
946 3835 1103 3896 invirum
1119 3834 1364 3896 131333131113
1379 3833 1471 3894 33131
1486 3832 1687 3903 3111331133
1708 3830 1737 3890 31

115 3926 331 4007 culaqnaedam
347 3931 464 4007 aperte
478 3931 621 4007 peripsa
636 3932 844 4003 monstravit,
857 3934 893 3995 ut
946 3934 1097 4011 quaedam
1115 3933 1150 3992 in
1172 3947 1248 3992 eum
1273 3933 1325 3992 vis
1347 3932 1500 3992 flaminea
1523 3945 1567 3991 31
1592 3926 1738 3989 fornacis

115 4021 229 4088 illorum
239 4028 374 4090 occulta
392 4028 425 4088 et
439 4027 524 4088 mira
539 4028 590 4087 vis
603 4028 893 4103 stigmatum‘ma-
948 4031 1114 4108 spiraculo
1131 4030 1357 4105 processisset.
1381 4030 1466 4090 Nam
1479 4027 1571 4088 illico
1581 4027 1613 4087 et
1629 4028 1738 4087 mente

117 4121 215 4186 niiesta
229 4128 360 4203 pateret
376 4125 527 4186 claritate
538 4125 721 4200 signorum.
946 4129 979 4190 31
994 4143 1132 4203 corpore
1148 4126 1363 4200 confortatus,
1373 4125 1510 4186 suavius
1520 4124 1695 4184 intersaxa
1705 4122 1739 4181 et

147 4221 177 4281 13
195 4223 367 4299 provincia
392 4237 535 4298 namque
560 4222 715 4295 Reatina,
727 4225 828 4299 pestis
844 4225 893 4286 in·
946 4225 1041 4286 nives
1060 4241 1162 4301 usque
1189 4239 1286 4284 mane
1302 4222 1467 4288 dormivit,
1480 4236 1577 4297 quam
1591 4233 1737 4294 unquam

118 4316 246 4384 valuerat
265 4319 366 4382 valde
383 4319 508 4395 gravis
536 4336 611 4395 quaa
631 4336 711 4381 3133
732 4324 765 4383 31
790 4321 892 4383 boves
946 4323 981 4383 in
997 4323 1130 4399 proprio
1146 4321 1232 4382 lecto
1256 4319 1465 4397 pausaverat,
1483 4317 1651 4393 sicutipse
1665 4313 1739 4391 post

119 4427 209 4478 onnes
220 4421 269 4480 sic
284 4416 501 4479 consumebat
512 4417 701 4487 crudeliter,
717 4418 802 4494 qnod
822 4422 893 4481 nul·
948 4419 1078 4480 modum
1093 4417 1273 4479 asserebat.
1513 4480 1517 4489 ,

119 4509 171 4572 lun
182 4518 307 4591 poterat
321 4514 505 4577 remedium
521 4514 684 4575 adhiberi.
703 4515 763 4576 Vir
781 4520 891 4579 autern
986 4516 1092 4577 Certis
1110 4516 1223 4591 itaque
1240 4514 1371 4575 constat
1389 4511 1533 4582 indiciis,
1558 4526 1654 4572 33313
1678 4509 1738 4571 1113

120 4610 892 4689 quidamtimensDeumnoctelnitpervisionem
947 4612 1120 4688 signacula
1149 4612 1241 4672 illius
1273 4611 1435 4687 impressa
1463 4609 1586 4671 virtute
1620 4607 1736 4678 fuisse,

120 4712 325 4782 commonitus,
352 4710 388 4771 ut
415 4709 457 4770 ad
486 4709 714 4770 eremitorium
750 4711 890 4773 fratrum
947 4711 1004 4787 qni
1032 4709 1227 4786 operatione
1251 4708 1428 4784 seraphica
1452 4708 1583 4784 purgat,
1605 4704 1736 4766 illumi-

120 4798 290 4869 testinanter
304 4806 491 4878 accederet,
514 4807 548 4867 et
561 4805 705 4867 loturam
730 4823 890 4870 manuum
947 4809 1015 4880 331,
1030 4811 1063 4868 31
1076 4806 1272 4871 inflammat,
1289 4821 1363 4866 cum
1377 4807 1461 4882 ipsa,
1475 4804 1661 4865 lorinsecus
1676 4816 1738 4862 31-

120 4904 265 4976 acpedum
291 4902 410 4965 famuli
433 4903 493 4964 Dei
517 4903 700 4975 Francisci,
723 4904 780 4980 qui
812 4907 891 4967 tuno
946 4904 1117 4982 purgando
1137 4919 1156 4964 a
1173 4906 1275 4980 peste,
1291 4904 1443 4973 salutern,
1460 4900 1682 4969 serenitatem,
1704 4898 1738 4960 et

121 4995 254 5075 temporis
268 4999 462 5063 morabatur
475 5000 609 5071 ibidem,
626 5004 808 5077 acceptam,
830 5019 890 5063 su·
946 5002 1091 5064 calorem
1116 5000 1311 5077 corporibus
1333 4999 1481 5061 elilcaoia
1501 4998 1585 5057 mira
1602 4994 1736 5056 conier-

123 5100 327 5167 peranimalia
343 5102 463 5160 cuncta
475 5101 695 5175 respergeret.
713 5100 812 5159 Mane
827 5100 892 5160 ita·
944 5102 1021 5161 rent
1037 5121 1044 5159 ε
1061 5099 1147 5160 sicut
1165 5100 1198 5160 et
1218 5099 1293 5176 post
1316 5100 1453 5158 mortem
1475 5092 1737 5156 evidentioribus

123 5205 306 5273 quesurgens
321 5194 416 5257 venit
435 5195 475 5255 ad
496 5195 616 5266 locum,
633 5196 807 5273 loturaque
822 5197 890 5257 hu·
945 5201 996 5259 est
1015 5197 1274 5257 demonstratum
1294 5194 1455 5272 prodigiis
1476 5208 1536 5252 suo
1559 5191 1632 5251 loco
1654 5206 1736 5266 pos-

121 5287 238 5359 jusnodi
252 5311 311 5373 per
326 5294 437 5355 socios
459 5294 566 5353 sancti
591 5293 657 5353 viri
674 5292 817 5356 latenter
831 5294 891 5356 ob-
945 5295 1049 5356 terius
1076 5293 1285 5367 annotandis.
1307 5294 1381 5367 Ipse
1401 5304 1481 5352 vero
1499 5288 1577 5348 licet
1600 5287 1738 5348 thesau-

124 5385 202 5460 13113,
216 5409 292 5453 3133
315 5394 349 5453 et
368 5390 469 5452 boves
484 5390 681 5465 languentes
704 5406 746 5451 31
763 5406 803 5452 ea
818 5407 891 5453 res·
945 5409 1017 5453 rum
1051 5393 1222 5452 1313111313
1250 5389 1285 5449 13
1318 5403 1398 5464 agro
1427 5386 1531 5448 multa
1561 5385 1737 5461 diligentia

126 5487 214 5554 parsit.
227 5488 382 5550 Mirabile
407 5487 520 5549 dictul
548 5488 665 5549 Statim
686 5491 722 5549 ut
741 5490 889 5564 aspersio
944 5490 1091 5552 studeret
1112 5486 1326 5556 abscondere,
1344 5485 1447 5546 latere
1463 5484 1576 5545 tamen
1595 5498 1661 5543 333
1677 5498 1737 5560 po·
1841 5501 1843 5511 ·

127 5580 254 5648 animalia
284 5584 456 5662 languida,
482 5586 514 5646 et
545 5585 579 5646 in
608 5587 698 5647 terra
728 5587 887 5662 jacentia,
944 5586 1019 5656 tuit,
1050 5585 1129 5662 quin
1158 5583 1262 5660 aliqui
1292 5581 1447 5656 stigmata
1476 5580 1630 5642 viderent
1662 5595 1737 5640 ma·
