3950 6200
287 268 349 329 507
762 265 817 323 ab
846 264 983 324 OPERA
1010 262 1241 347 sandomir
1270 262 1457 323 PADUANI
1837 274 1881 335 508

288 429 423 505 negant
442 426 510 499 ille,
533 427 567 488 et
586 424 647 487 Vir
662 422 720 486 1191
740 423 908 501 persoluto
932 422 1080 500 quotidie
1135 423 1220 484 mire
1234 422 1406 485 afflueret:
1423 422 1563 500 peritior
1575 422 1685 485 tamen
1701 428 1778 503 apud
1789 427 1883 494 1991999

287 532 525 589 nocturnarum
537 539 672 600 precum
686 522 805 593 officio,
818 522 858 582 ad
874 536 947 582 eam
960 521 1080 582 cellam
1135 519 1319 582 habebatur
1331 520 1570 582 abluendorum
1582 521 1701 584 culinae
1712 527 1881 603 utensilium,

287 623 472 694 secedebat,
496 624 691 698 sumptaque
711 636 824 682 secum
844 620 965 694 exigua
983 617 1080 694 panis
1135 634 1233 694 quam
1267 618 1447 695 Scripturas
1482 621 1606 680 sanctae
1633 623 1779 697 mysteria
1801 628 1884 702 expli·

286 723 461 800 particula,
478 723 512 782 et
526 721 561 780 in
576 735 656 781 vase
671 735 769 795 aqua,
786 716 925 793 cogebat
944 730 1079 777 carnem
1135 715 1244 776 caudi.
1261 716 1458 778 Praefectum
1474 717 1563 777 euim
1578 734 1674 778 snum
1689 717 1790 796 (quem
1801 726 1883 785 11999

285 836 404 898 parere
428 818 576 895 spiritui3
603 817 853 892 solitariamque
873 814 942 875 illic
966 831 1077 890 quan·
1134 813 1269 874 diacum
1284 813 1412 892 dicunt)
1437 814 1578 890 supplex
1594 817 1735 890 rogarat.
1750 819 1783 878 ut
1798 823 1881 896 magni

284 920 354 979 tum
374 917 468 977 licuit
486 916 588 976 sitam
607 915 741 983 ducens,
759 914 883 975 sanctis
898 912 1078 987 cogitatio·
1133 911 1286 973 beneficii
1307 913 1379 973 loco
1399 913 1463 988 ipsi
1483 912 1675 988 permittere
1692 914 1783 977 vellet
1797 917 1881 981 919999

284 1016 384 1077 nibus
403 1016 436 1076 et
455 1012 724 1075 meditationibus
744 1012 897 1088 spiritum
917 1009 1079 1071 adversus
1134 1011 1283 1085 coquinas
1303 1025 1396 1082 vasa,
1418 1012 1451 1071 91
1468 1026 1605 1072 verrere
1625 1012 1764 1088 quotidie
1776 1013 1881 1077 fratrum

283 1113 485 1176 tentationes
504 1109 758 1179 communiebat,
781 1111 814 1170 91
835 1108 948 1168 divino
964 1122 1079 1168 amore
1133 1106 1323 1167 domicilia:
1344 1108 1428 1167 nulli
1443 1108 1501 1169 alii
1517 1108 1568 1169 rei
1583 1110 1694 1184 aptum
1708 1109 1739 1171 91
1754 1111 1846 1172 utilem
1856 1130 1880 1175 se

284 1227 320 1272 se
339 1208 565 1272 confirmabat.
593 1206 767 1267 Perstabat
790 1205 859 1265 illic
879 1205 970 1266 solus
992 1220 1077 1265 noo-
1133 1204 1303 1275 confitens,
1321 1220 1395 1265 cum
1415 1206 1504 1266 esset
1521 1220 1711 1267 reserares
1729 1207 1844 1268 electum
1858 1212 1882 1270 et

283 1310 391 1372 turnis
409 1306 501 1367 lroris
525 1306 559 1365 in
582 1303 751 1381 precibuss
775 1306 945 1379 totumque
969 1318 1006 1362 se
1026 1302 1081 1362 df-
1134 1301 1277 1378 spiritns
1293 1302 1410 1363 Sancti
1427 1303 1536 1378 gratia
1552 1303 1740 1364 multivaria
1752 1309 1878 1366 ornatum.

282 1404 370 1468 vinae
391 1403 611 1466 moderationi
635 1402 829 1479 permittens
850 1402 884 1461 et
909 1413 1080 1461 commen·
1132 1398 1314 1460 Mandabat
1336 1414 1416 1476 ergo
1435 1400 1584 1477 quotidie
1607 1400 1724 1462 humili
1744 1417 1779 1462 ac
1792 1403 1878 1465 denoto

283 1503 378 1574 dans,
399 1500 640 1562 incoelestfbus
663 1500 733 1575 spei
754 1514 822 1560 suae
844 1513 1003 1559 ancoram
1022 1512 1079 1558 so-
1132 1496 1232 1558 corde
1255 1497 1376 1558 culina
1409 1513 1475 1570 res,
1511 1499 1546 1560 91
1574 1498 1875 1575 astronomum

283 1600 445 1661 fidissime
457 1597 630 1674 defigebat.
648 1599 717 1657 Nec
732 1596 870 1657 deerant
884 1595 934 1655 illi
950 1595 1078 1656 crebrae
1132 1594 1265 1655 eximiae
1276 1595 1449 1670 cujusdam
1462 1596 1663 1657 humilitatis
1675 1599 1707 1657 et
1717 1597 1878 1672 contemptus

282 1697 515 1759 infestationes
530 1697 728 1765 daemonum,
748 1694 934 1756 volentium
950 1708 1025 1753 euru
1041 1693 1076 1753 iu
1132 1692 1183 1752 sui
1196 1692 1287 1754 dese
1300 1693 1453 1769 exempla
1466 1692 1631 1769 praebens.

283 1797 407 1857 sanctae
428 1794 589 1855 orationis
608 1792 717 1853 studio
742 1790 949 1868 perturbare.
970 1791 1076 1852 Tanta
1170 1789 1300 1851 Noulta
1319 1792 1423 1865 agunt
1439 1788 1672 1868 pleriquealii,
1685 1791 1877 1869 quiantequan

282 1893 392 1954 autem
418 1908 454 1951 se
476 1890 588 1951 inedia
612 1889 796 1950 maceravit
819 1910 827 1949 ε
857 1891 894 1950 91
914 1886 1075 1965 quemad·
1131 1886 1198 1948 sint
1215 1886 1380 1964 discipuli,
1393 1889 1545 1964 magistri
1560 1904 1636 1951 esse
1647 1889 1764 1961 volunt,
1776 1905 1875 1966 seseqm

281 1990 414 2051 modum
436 1988 600 2050 testantur
616 1988 652 2059 ii,
676 1987 733 2064 qui
752 1986 785 2047 id
805 1985 970 2057 viderunt,
993 1985 1076 2046 bora
1130 1984 1165 2045 in
1181 1986 1372 2047 cathedram
1396 1987 1587 2063 importune
1610 1986 1754 2063 ingerere
1770 2003 1874 2047 noure-

280 2086 471 2148 refectionis
482 2085 523 2146 ad
534 2085 653 2146 fratres
664 2085 842 2155 rediturus,
855 2086 992 2144 nutante
1007 2098 1075 2160 prae
1130 2084 1256 2144 rentur.
1282 2086 1402 2145 Contra
1428 2086 1604 2157 Antonius,
1616 2088 1685 2163 jam
1704 2084 1839 2161 perfectis
1851 2086 1874 2143 in

280 2184 384 2245 nimia
403 2182 630 2245 imbecillitate
645 2198 774 2258 gressu,
796 2181 943 2258 seipsum
964 2181 1074 2242 inter·
1131 2181 1311 2257 scripturis
1323 2181 1446 2243 divinis
1458 2183 1549 2245 inter
1563 2183 1683 2245 idiotas
1693 2184 1724 2244 et
1740 2180 1875 2244 99199191-

280 2282 358 2342 dum
382 2283 569 2343 sustentare
589 2295 656 2341 non
678 2279 800 2356 posset.
825 2280 880 2340 Sic
899 2278 1002 2354 igitur
1023 2278 1076 2338 nir
1129 2292 1186 2340 cos
1201 2279 1316 2340 haberi
1329 2279 1457 2353 maluit,
1473 2297 1575 2358 quam
1591 2281 1711 2344 sciolus
1722 2283 1773 2344 aut
1785 2280 1876 2355 magis-

280 2379 337 2440 1119
364 2379 483 2456 plenus
509 2378 684 2455 sapientia,
716 2393 782 2438 non
808 2377 902 2437 brevi
925 2377 1074 2452 tempore
1128 2376 1307 2449 terrideri,
1320 2379 1495 2455 potiusque
1511 2379 1682 2441 laboribus
1694 2378 1825 2454 occupari
1835 2393 1877 2436 cu·

279 2476 421 2553 simplex
446 2476 532 2537 vixit
555 2475 641 2552 apud
666 2475 863 2551 simplices:
889 2475 923 2536 et
942 2489 1073 2535 omnem
1128 2473 1271 2546 lineriis,
1299 2491 1397 2551 quarn
1420 2476 1608 2552 magisterii
1623 2476 1876 2538 catbedramoccu·

279 2574 507 2650 arrogantiam
543 2573 662 2633 humili
691 2571 790 2633 corde
822 2571 986 2643 devitans,
1012 2571 1073 2633 sub
1128 2586 1219 2648 pare.
1239 2574 1363 2633 Verum
1389 2574 1573 2648 enimvero,
1602 2574 1680 2636 licet
1703 2574 1772 2636 totis
1783 2570 1875 2631 919119

279 2671 404 2733 indocti
419 2685 573 2747 persona,
587 2670 705 2746 gratim
720 2669 832 2730 lumen
847 2668 1031 2731 abscondit.
1127 2670 1162 2729 in
1183 2669 1217 2729 id
1235 2670 1450 2739 incumberet,
1474 2674 1510 2734 ut
1528 2686 1548 2732 a
1566 2672 1716 2734 Ministro
1730 2670 1875 2747 impositum

1127 2783 1247 2828 munus
1263 2769 1378 2830 liceret
1397 2768 1640 2846 subterfugere,
1657 2786 1720 2830 non
1731 2770 1821 2830 19999
1833 2780 1875 2840 po-

569 2866 706 2926 CAPUT
726 2866 782 2925 lli.
1126 2866 1190 2928 tuit
1211 2868 1289 2928 voto
1317 2866 1417 2944 potiri
1440 2868 1682 2929 suo.'Tandem
1705 2881 1775 2942 ergo
1787 2863 1873 2925 cedens

1126 2964 1195 3025 tum
1210 2964 1301 3024 illius
1319 2964 1494 3037 voluntati,
1506 2967 1580 3027 turn
1593 2967 1734 3027 omnium
1748 2960 1872 3041 precibus,

1127 3077 1201 3124 cum
1215 3063 1335 3125 timore
1348 3063 1480 3125 Domini
1494 3063 1606 3140 primo
1621 3078 1714 3127 orsus
1728 3056 1875 3134 991919911-

1126 3160 1210 3221 91199
1228 3160 1269 3221 91
1291 3176 1349 3221 eos
1370 3161 1481 3223 dicere
1499 3184 1506 3222 :
1523 3164 1583 3223 sed
1600 3178 1673 3224 cum
1688 3160 1777 3223 vellet
1793 3154 1874 3218 Domi·
1900 3173 1901 3178 ¹

318 3257 381 3319 Sed
401 3273 467 3319 non
490 3258 541 3318 est
559 3271 678 3333 passus
702 3259 790 3317 Deus
811 3270 943 3333 semper
966 3255 1072 3317 latere
1126 3273 1188 3319 nus
1201 3258 1372 3320 lucernam
1394 3259 1557 3320 hactenus
1580 3260 1644 3321 sub
1656 3258 1757 3320 modio
1769 3254 1873 3332 postam

277 3371 368 3430 eum3
397 3355 504 3416 noluit
528 3352 708 3432 aliquando
736 3353 830 3414 illum
859 3354 1071 3415 innotescere
1125 3353 1159 3413 in
1170 3354 1317 3415 omnium
1326 3357 1538 3431 conspectum
1548 3355 1700 3432 proferri,
1712 3347 1872 3413 inorationis

276 3452 483 3531 simplicibus
509 3451 679 3514 fratribus.
708 3451 788 3511 Cum
813 3451 900 3511 enim
930 3450 1070 3512 multum
1126 3465 1315 3526 progressu,
1331 3454 1424 3513 tauto
1434 3451 1613 3514 verborum
1626 3449 1796 3529 splendore,
1806 3445 1873 3506 19911

272 3554 342 3630 jam
367 3551 525 3627 temporis
547 3549 710 3620 fluxisset,
733 3548 855 3610 fratres
880 3564 940 3625 pro
964 3549 1070 3609 sacris
1125 3549 1339 3624 mysticarum
1368 3551 1609 3611 sententiarum
1635 3547 1793 3611 altitudine
1817 3553 1872 3600 usus

275 3648 479 3726 accipiendis
494 3646 678 3718 ordinibus,
696 3646 736 3707 ad
757 3645 1069 3722 renuntiavitque
1124 3645 1186 3718 est,
1218 3647 1254 3708 91
1276 3662 1392 3708 omnes
1418 3646 1453 3707 in
1479 3663 1643 3709 summam
1664 3641 1871 3708 admirationem

274 3748 326 3809 est
352 3745 498 3806 AEmiliae
524 3744 653 3815 civitas,
689 3744 952 3804 confluxerunt:
982 3743 1070 3804 inter
1124 3741 1377 3815 adducerentur,
1388 3743 1533 3806 maxime
1543 3745 1631 3823 quod
1642 3735 1870 3820 praeteromniun

275 3860 357 3921 quos
372 3843 473 3904 etiam
491 3841 596 3904 adfuit
617 3842 780 3902 Antonius
795 3843 828 3901 et
844 3840 978 3918 anidam
1000 3840 1070 3900 fra·
1123 3839 1313 3917 opinionem
1331 3840 1364 3901 id
1386 3843 1547 3913 eveniret,
1566 3841 1665 3904 simul
1678 3841 1769 3902 etiam
1781 3829 1869 3896 eximit

273 3943 342 4002 tres
354 3942 387 4000 S.
401 3938 575 3999 Dominici.
591 3939 740 3999 Instante
750 3938 862 3998 autem
877 3938 1068 3999 collationis
1124 3941 1195 4014 ejus
1204 3939 1342 4000 caritate
1353 3955 1418 4000 uon
1430 3939 1644 4001 mediocriter
1651 3932 1868 3999 aedidcarentur:

273 4037 368 4108 hora,
391 4034 550 4097 fratribus
571 4050 614 4095 ex
639 4050 730 4095 more
751 4035 973 4110 congregatis,
1000 4035 1067 4094 mi·
1124 4035 1869 4114 necaffirmaredubitarentejusmodisermonem

229 4121 232 4128 ’
274 4135 379 4197 nister
402 4135 466 4196 loci
490 4133 584 4200 illius
604 4131 725 4193 fratres
749 4132 984 4194 Dominicanos
1006 4148 1067 4193 ro·
1122 4146 1291 4210 nunquam
1313 4148 1349 4194 se
1373 4137 1450 4195 ante
1480 4120 1870 4194 999999191999.1191θί1·

272 4234 374 4310 gavit,
391 4233 428 4294 ut
447 4229 636 4293 sitientibus
650 4229 788 4291 verbum
808 4229 928 4290 salutis
945 4244 1068 4306 propo*
1123 4245 1200 4305 ceps
1214 4245 1281 4291 non
1296 4227 1423 4291 minima
1433 4231 1545 4293 affecti
1561 4228 1784 4294 consolatione,
1797 4229 1871 4280 9111·

274 4331 401 4392 nerent.
431 4329 502 4390 Illis
530 4327 773 4398 recusantibus,
809 4327 894 4404 quod
920 4326 1005 4387 nibil
1031 4342 1067 4389 se
1122 4326 1282 4389 rebantur
1298 4328 1330 4387 in
1350 4328 1409 4389 illo
1423 4327 1586 4390 divinitus
1610 4326 1760 4389 detectam
1781 4314 1869 4378 diuina

273 4426 528 4505 praeparassent,
545 4425 727 4502 instigante
747 4440 822 4485 eum
842 4422 973 4486 fortiter
992 4423 1066 4500 spi·
1121 4424 1293 4501 sapientiae
1319 4424 1517 4498 claritatem,
1544 4439 1620 4487 cum
1636 4426 1701 4487 tam
1716 4413 1819 4492 insigni
1829 4410 1871 4469 bn·

273 4524 433 4595 91191191,
459 4522 610 4584 minister
629 4523 670 4584 ad
693 4522 884 4592 Antonium,
906 4522 947 4582 de
970 4523 1066 4598 cujus
1121 4517 1261 4580 militate
1274 4520 1496 4596 conjunctam.

274 4619 461 4682 eruditione
476 4619 560 4679 nibil
577 4619 736 4696 comperti
757 4618 911 4690 habebat,
929 4633 965 4679 se
980 4634 1063 4680 con·

272 4721 418 4785 vertens,
437 4716 532 4794 jubet
553 4719 589 4778 ut
607 4717 694 4793 apud
718 4716 840 4778 fratres
861 4716 950 4803 dicat
971 4717 1067 4794 quic-
1398 4717 1535 4777 CAPUT
1565 4718 1635 4778 vll.

273 4815 352 4894 quid
367 4814 431 4890 ipsi
447 4814 641 4889 suggereret
658 4813 795 4889 spiritus
816 4813 887 4873 1191.
909 4814 983 4874 Ν99
1003 4829 1067 4890 pu-

278 3011 374 3070 llltus
388 3011 551 3069 91999999
570 3012 633 3069 tuac
652 3012 786 3069 clarere
804 3007 905 3081 coeptt
927 3010 965 3068 tn
985 3021 1071 3069 ora-

310 3107 413 3181 tione,
428 3109 661 3181 qlcumjussns
675 3106 791 3168 1991991
807 3120 853 3167 em
872 3105 1037 3181 tempore.

1119 4857 1158 4916 M
1159 4858 1248 4918 19999
1255 4859 1426 4930 99991991
1439 4860 1585 4919 Verbum
1593 4859 1667 4928 Dei,
1679 4847 1867 4914 9999191199·

271 4913 363 4976 tabat
378 4927 452 4973 eum
468 4911 644 4988 quicquam
665 4910 752 4971 scire
766 4909 808 4969 de
822 4909 998 4985 scripturis
1014 4910 1066 4970 di·
1251 4957 1360 5028 diens,
1375 4956 1556 5018 haereticos
1569 4956 1771 5016 convincem·

271 5010 371 5082 vinis,
397 5011 454 5071 aut
478 5008 600 5084 legisse
624 5005 762 5088 aliquid,
789 5007 855 5066 nisi
880 5005 966 5067 forte
990 5023 1064 5083 quae

271 5108 312 5198 ad
348 5106 612 5169 ecclesiasticum
648 5104 793 5165 odicium
830 5102 1062 5179 pertinerent:
1159 5102 1234 5162 Non
1247 5102 1304 5163 diu
1319 5105 1394 5180 post
1407 5103 1449 5164 ad
1464 5117 1561 5164 aures
1573 5098 1714 5162 ministri
1725 5083 1864 5172 generalis,

272 5221 364 5282 spem
378 5206 489 5265 199999
509 5201 704 5263 nonnullam
725 5200 755 5262 ei
779 5199 960 5269 adferebat,
978 5201 1064 5278 quod
1119 5198 1218 5276 hujus
1228 5200 1277 5260 rei
1291 5200 1379 5260 fama
1393 5201 1532 5277 perlata,
1542 5201 1632 5261 illius
1642 5193 1793 5259 voluntate
1802 5194 1864 5245 ⁰⁰11·

271 5299 425 5364 audierat
442 5299 549 5370 ilium,
567 5298 766 5360 necessitate
790 5299 938 5373 cogente,
964 5298 1065 5374 idque
1118 5291 1212 5356 fusus
1236 5299 1299 5371 est,
1321 5300 1419 5375 rupto
1443 5297 1599 5360 diuturno
1616 5292 1750 5363 silentio,
1764 5278 1864 5378 proditi

272 5412 421 5478 perraro,
444 5397 569 5473 aliquid
590 5397 738 5457 litterate
762 5394 899 5455 dixisse.
921 5395 1065 5456 9199919
1118 5392 1152 5452 19
1164 5392 1343 5469 publicum,
1360 5368 1862 5470 99999191999911119999199991]

271 5511 345 5557 cum
359 5495 472 5556 tantus
490 5493 545 5554 ille
557 5497 655 5565 esset,
673 5495 709 5554 ut
723 5491 885 5553 memoria
900 5506 961 5568 pro
976 5492 1064 5553 cudi·
1117 5490 1304 5564 provincia,
1321 5492 1431 5554 cultor
1450 5493 1551 5553 eremi
1569 5492 1686 5550 missus
1697 5483 1743 5545 est
1754 5476 1862 5572 adli?

272 5591 365 5650 cibus
393 5591 552 5659 uteretur,
583 5591 616 5651 91
644 5590 773 5664 mystici
805 5590 927 5665 eloquii
954 5589 1062 5664 gratia
1117 5586 1293 5649 dicandum
1309 5589 1454 5651 Verbum
1476 5591 1545 5661 Dei,
1567 5578 1806 5664 dignusquidem
1818 5562 1860 5626 tali
