3950 6200
206 283 246 342 87
646 285 702 344 AD
724 283 862 346 OPERA
884 285 917 344 S.
940 284 1162 349 FRANCISCI
1184 290 1411 353 assisiauis
1810 294 1848 354 88

206 441 518 521 quaererentpotius
532 443 580 505 ibi
601 458 686 516 esse,
710 443 767 506 ubi
793 446 1002 522 persecutio·
1048 477 1053 486 ·
1095 449 1327 512 crescentibus
1342 451 1644 529 quoquevirtutum
1670 451 1800 514 meritis
1816 451 1851 514 in

206 543 488 619 nempaterentur
501 541 536 601 in
559 555 711 617 corpore,
738 558 837 619 quam
861 543 918 605 ubi
939 561 1000 607 eo·
1056 546 1204 623 parvulis
1224 546 1362 618 Christi,
1389 547 1471 608 odor
1485 548 1654 625 opinionis
1669 547 1766 610 bonae
1781 550 1855 610 cir·

205 639 300 715 gnita
314 639 488 699 sanctitate
505 638 665 714 ipsorum,
681 641 849 701 mundano
867 643 1002 718 possent
1055 659 1261 720 cumquaque
1275 643 1426 716 diffusus,
1454 646 1495 705 ad
1512 646 1724 722 praesentiam
1739 648 1852 709 sancti

205 735 346 811 gloriari
359 733 483 796 fauore.
496 737 571 810 Ipsa
590 751 719 812 quoque
734 751 847 796 rerum
859 737 1000 813 penuria
1055 740 1159 816 patris
1176 739 1353 802 videndam
1367 741 1527 817 plurimos
1541 758 1560 802 e
1574 743 1716 803 dirersis
1733 744 1853 804 mundi

204 831 480 909 superabundans
496 831 545 893 eis
567 830 744 893 videbatur
759 833 904 906 libertas,
922 834 1000 896 dum
1055 836 1204 914 partibus
1217 838 1415 899 attrahebat.
1428 840 1523 900 inter
1538 855 1620 916 quos
1632 841 1768 915 quidam
1783 857 1853 901 sae·

204 930 298 1005 iuxta
324 928 501 990 consilium
524 929 693 1006 Sapientis
719 945 779 1007 pro
800 946 921 1006 magno
935 931 1000 1009 ipsi
1055 934 1217 995 celarium
1231 936 1421 996 cantionum
1435 936 1587 998 curiosus
1602 937 1769 1007 inuentor,
1793 938 1854 1014 qui

205 1026 628 1103 minimumcompiacebat.
1054 1030 1095 1091 ab
1111 1031 1311 1107 imperatore
1336 1035 1511 1109 propterea
1533 1032 1643 1095 fuerat
1656 1035 1852 1106 coronatus,

245 1126 332 1185 Sane
346 1140 420 1185 oum
444 1125 487 1184 ad
512 1124 694 1185 infidelium
708 1128 822 1203 partes
839 1125 945 1203 aliqui
957 1142 1001 1187 ex
1054 1128 1087 1187 et
1110 1127 1231 1188 exinde
1255 1142 1318 1188 rex
1337 1144 1491 1189 versuum
1519 1129 1763 1199 dictus,rirum
1790 1131 1854 1191 Dei

204 1221 363 1283 fratribus
374 1222 615 1298 pervenissent,
638 1223 788 1303 contigit,
810 1224 846 1284 ut
866 1224 999 1301 quidam
1054 1225 1314 1300 contemptorem
1329 1225 1548 1286 mundialium
1557 1225 1650 1287 adira
1663 1227 1852 1303 proposuit,

204 1321 421 1390 sarracenus,
450 1319 572 1395 pietate
603 1319 797 1392 commotus,
824 1320 1000 1396 pecuniam
1054 1321 1201 1397 Cumque
1214 1321 1301 1396 apud
1316 1322 1461 1383 castrum
1477 1324 1588 1384 Sancti
1605 1324 1758 1385 Severini
1773 1339 1853 1384 eum

204 1418 254 1478 eis
266 1416 403 1478 offerret
417 1431 477 1492 pro
489 1416 680 1478 necessario
695 1417 796 1478 victu.
809 1417 879 1477 Illis
889 1420 1000 1480 autem
1054 1417 1289 1493 praedicantem
1302 1419 1481 1494 reperisset
1494 1420 1531 1479 in
1545 1421 1748 1481 monasterio
1761 1436 1853 1497 quo·

205 1513 437 1575 recusantibus
449 1514 612 1594 accipere,
627 1514 809 1592 admiratus
824 1515 874 1575 est
888 1514 998 1586 bomo,
1054 1514 1141 1586 dam,
1153 1513 1241 1575 facta
1254 1530 1354 1576 mauu
1364 1515 1494 1576 Domini
1508 1532 1608 1592 super
1616 1518 1752 1586 sevidit
1760 1533 1855 1578 eum·

203 1627 345 1673 cernens
360 1612 447 1688 quod
463 1612 580 1688 inopes
595 1613 719 1673 essent.
734 1612 906 1673 intellecto
918 1613 999 1673 tan·
1053 1611 1127 1671 dem
1140 1612 1251 1672 crucis
1271 1612 1394 1673 Christi
1419 1612 1670 1688 predicatorem
1685 1616 1853 1675 Francis·

203 1709 277 1772 dem
294 1708 380 1787 quod
395 1724 558 1785 pauperes
573 1708 682 1770 effecti
707 1725 821 1771 amore
844 1709 915 1780 Dei,
939 1725 1000 1786 pe-
1053 1724 1128 1769 cum
1144 1708 1270 1770 duobus
1283 1710 1484 1771 transversis
1511 1710 1646 1771 ensibus
1667 1711 1766 1772 valde
1781 1712 1855 1772 fui-

202 1807 337 1868 cuniam
365 1807 536 1884 possidere
564 1807 737 1881 nolebant;
755 1809 846 1868 tanta
874 1808 925 1868 est
950 1807 999 1867 eis
1052 1804 1218 1882 gentibus.
1233 1807 1268 1867 in
1287 1807 1418 1867 modum
1441 1809 1551 1868 crucis
1570 1808 1751 1882 signatum,
1766 1825 1857 1885 quo·

203 1904 381 1966 affectione
393 1907 601 1982 conjunctus
620 1905 656 1965 ut
668 1905 805 1966 offerret
825 1920 861 1965 se
874 1904 914 1964 ad
930 1904 999 1964 mi·
1053 1919 1126 1964 rum
1143 1919 1229 1964 unus
1244 1919 1262 1964 a
1277 1904 1384 1981 capite
1403 1904 1446 1965 ad
1461 1904 1573 1978 pedes,
1588 1905 1676 1965 alius
1700 1921 1720 1966 a
1744 1922 1852 1966 manu

204 2002 413 2064 nistrandum
452 2003 564 2064 omnia
608 2002 811 2072 necessaria,
842 2000 1000 2079 quamdiu
1052 2000 1088 2060 in
1105 2016 1238 2062 manum
1251 2016 1310 2076 per
1325 2004 1439 2076 pectus
1450 2002 1721 2063 transversaliter
1732 2003 1855 2064 tende·

204 2100 330 2177 aliquid
345 2100 539 2161 facultatum
557 2098 620 2159 sibi
636 2100 835 2176 superesset.
852 2100 877 2161 0
893 2098 998 2160 inees-
1054 2097 1162 2160 batur.
1188 2099 1218 2159 N
1221 2114 1263 2159 on
1291 2102 1430 2160 noverat
1454 2098 1538 2160 facie
1562 2116 1695 2160 servum
1710 2101 1852 2168 Christi.

203 2197 364 2260 timabilis
379 2198 569 2274 pretiositas
584 2198 801 2273 paupertatis,
819 2198 914 2273 cujus
936 2196 1000 2256 mi·
1054 2196 1110 2257 sed
1124 2196 1216 2258 tanto
1232 2197 1449 2258 monstratum
1463 2196 1626 2258 miraculo
1646 2213 1723 2258 mox
1738 2214 1854 2273 agno-

204 2295 311 2356 randa
338 2294 462 2356 virtute
485 2309 578 2355 mens
605 2293 750 2356 feritatis
764 2292 949 2355 barbaricae
965 2292 999 2353 in
1053 2294 1112 2354 rit.
1130 2292 1245 2355 Subito
1258 2292 1460 2369 stupefactus
1475 2293 1516 2354 ad
1531 2294 1639 2354 visum
1652 2294 1772 2371 incipit
1784 2311 1853 2356 me

202 2392 328 2454 tantam
341 2392 566 2453 miserationis
582 2393 633 2453 est
647 2391 819 2453 immutata
844 2391 999 2452 dulcedi·
1054 2391 1139 2454 liora
1159 2406 1355 2468 proponere.
1374 2391 1585 2467 Tandemque
1599 2392 1777 2452 verborum
1797 2393 1853 2469 ip-

203 2493 295 2551 nemi
313 2489 521 2550 Horrendum
536 2489 588 2551 est
610 2489 750 2566 proinde
769 2504 809 2550 ac
833 2488 999 2550 nefarium
1054 2489 1125 2549 sius
1139 2491 1355 2565 compunctus
1380 2489 1513 2556 virtute,
1529 2490 1687 2565 tanquam
1704 2489 1734 2549 si
1758 2491 1852 2552 esset

203 2587 323 2658 scelus,
354 2588 390 2647 ut
414 2586 502 2648 hanc
529 2587 745 2662 margaritam
772 2585 918 2648 nobilem
947 2586 1001 2646 uir
1053 2586 1165 2661 gladio
1174 2586 1368 2662 Spiritusen
1377 2588 1450 2662 ejus
1460 2600 1518 2646 ore
1528 2586 1729 2662 procedente
1740 2588 1854 2648 trans·

203 2683 409 2744 christianus
423 2683 605 2755 conculcet,
621 2699 719 2760 quam
740 2683 834 2743 tanta
857 2697 1001 2744 venera·
1053 2681 1151 2754 fixus,
1166 2681 1383 2743 saecularibus
1392 2682 1520 2758 pompis
1529 2683 1665 2743 omnino
1675 2683 1854 2760 centemp-

204 2780 296 2841 tione
311 2779 432 2840 extulit
447 2782 665 2842 sarracenus.
1052 2780 1107 2851 tis,
1124 2778 1220 2841 beato
1236 2779 1323 2856 patri
1338 2778 1544 2855 professione
1565 2779 1714 2841 cohaesit.
1736 2782 1852 2856 Prop-

244 2879 292 2937 Eo
306 2876 645 2954 temporaraligiosus
667 2877 802 2954 quidam
826 2876 867 2939 de
881 2876 999 2939 ordine
1052 2878 1105 2938 ter
1132 2875 1218 2954 quod
1245 2874 1363 2938 ridens
1387 2876 1496 2953 ipsum
1517 2876 1571 2936 vir
1584 2878 1720 2937 sanutus
1735 2876 1779 2937 ab
1795 2877 1853 2937 in-

152 3023 155 3034 ,
207 2973 465 3045 cruciferorum,
488 2973 634 3036 Morious
660 2975 806 3046 nomine,
828 2974 864 3034 in
879 2973 998 3050 hospi·
1052 2973 1246 3052 quietudine
1256 2973 1370 3035 saeculi
1384 2972 1426 3034 ad
1437 2973 1559 3034 Christi
1573 2990 1688 3051 pacem
1702 2973 1854 3051 perfecte

204 3072 265 3135 tali
286 3071 429 3150 quodam
448 3087 551 3150 prope
565 3071 729 3135 assisium
753 3072 916 3147 tanguore
929 3071 998 3134 tam
1051 3086 1262 3140 conversum,
1278 3069 1414 3133 fratrem
1443 3070 1624 3132 Pacificum
1651 3071 1850 3149 appellavit

202 3170 311 3247 graui,
340 3171 473 3247 tamque
505 3170 636 3247 prolixo
668 3170 836 3241 laborans,
867 3171 903 3230 ut
926 3172 998 3245 jam
1052 3169 1336 3246 Hicpostmodum
1364 3168 1516 3229 inomni
1545 3169 1721 3231 sanctitate
1741 3170 1853 3246 profi-

205 3269 305 3330 morti
327 3268 413 3329 foret
424 3267 632 3345 adjudicatus
646 3284 666 3330 a
682 3267 830 3339 medicis,
850 3267 924 3328 rire
938 3267 998 3328 Dei
1051 3265 1157 3339 ciens,
1173 3267 1351 3343 antequam
1377 3265 1472 3327 fieret
1483 3266 1638 3327 minister
1651 3268 1687 3327 in
1701 3268 1852 3328 Francia

203 3365 346 3442 supplex
369 3365 475 3427 factus
497 3366 722 3442 pereuntium
736 3362 924 3442 postulabat
938 3363 997 3425 in·
1052 3362 1231 3442 (siquidem
1246 3362 1373 3440 primus
1399 3362 1522 3424 ibidem
1545 3364 1722 3425 ministerii
1742 3365 1853 3440 gessit

205 3463 343 3537 stanter,
361 3463 397 3525 ut
408 3478 468 3540 pro
483 3479 519 3525 se
532 3463 573 3523 ad
597 3462 773 3524 Dominum
789 3461 997 3525 intercedere
1051 3458 1213 3537 offcium)
1242 3461 1365 3521 meruit
1387 3460 1508 3522 iterato
1531 3476 1689 3537 magnum
1702 3461 1798 3522 Thau
1814 3463 1852 3522 in

204 3559 410 3637 dignaretur.
428 3561 487 3622 Cui
516 3559 634 3623 beatus
657 3562 753 3637 pater
772 3559 918 3635 benigne
935 3574 996 3619 as·
1051 3557 1159 3620 fronte
1170 3559 1341 3618 Francisci
1360 3557 1485 3629 videre,
1503 3558 1587 3634 quod
1617 3558 1764 3619 colorum
1786 3574 1853 3619 ra-

203 3657 541 3745 sentiens‚-oratione
567 3658 751 3735 praemissa,
777 3656 874 3732 panis
893 3654 998 3716 micas
1051 3654 1854 3731 rietatedistinctum,iaciemipsiusmirovenus·

203 3756 343 3831 accepit,
360 3756 394 3817 et
418 3772 491 3816 cum
515 3756 589 3816 oleo
606 3756 742 3831 acceptu
766 3754 806 3814 de
831 3752 995 3829 lampade,
1050 3752 1143 3815 tabat
1161 3754 1291 3814 ornatu.
1308 3754 1379 3813 Hoc
1394 3752 1515 3829 quippe
1530 3752 1661 3828 signum
1680 3752 1733 3813 vir
1746 3768 1854 3814 sanc-

202 3866 277 3928 quae
291 3866 404 3912 coram
411 3852 560 3926 Virginis
574 3850 712 3912 ardebat
721 3850 832 3921 altari,
847 3848 999 3910 commis·

202 3961 293 4018 cens,
311 3947 405 4023 quasi
420 3947 584 4023 quoddam
599 3946 829 4017 electuarium,
846 3960 906 4022 per
920 3959 997 4006 ma-

203 4059 268 4104 nus
284 4043 424 4104 fratrum
439 4044 622 4105 infirmanti
635 4042 831 4115 transmisit,
856 4043 970 4104 dicens
988 4064 996 4104 ε

203 4141 404 4203 Medicinam
419 4143 506 4203 hanc
521 4141 616 4203 fratri
639 4143 753 4203 nostro
772 4140 896 4203 deferte
920 4142 997 4201 Mo-

203 4239 285 4311 rico,
311 4255 377 4316 qua
398 4240 507 4317 ipsum
532 4240 654 4301 Christi
678 4240 784 4300 virtus
806 4238 997 4299 nouaclum

203 4337 312 4413 plenae
325 4337 461 4407 sanitati
474 4337 638 4409 restituet,
646 4352 761 4398 verum
773 4336 873 4398 etiam
885 4335 999 4397 robus·

203 4435 273 4494 tum
287 4433 481 4495 bellatorem
496 4434 660 4506 effectum,
678 4434 763 4495 aciei
782 4436 903 4495 nostrae
921 4447 999 4510 per-

204 4531 398 4592 severanter
412 4531 581 4609 adJunget.
606 4533 723 4595 Statim
739 4534 851 4593 autem
874 4532 909 4593 ut
932 4546 999 4592 an·

202 4627 342 4690 tidotum
356 4628 450 4701 iliud,
468 4630 581 4691 Sancti
597 4631 741 4707 Spiritus
760 4627 998 4691 adinventione

199 4725 400 4798 ‘confectum
441 4742 531 4803 aeger
563 4727 662 4789 homo
696 4727 852 4804 gustavit,
894 4741 998 4787 sanus

203 4839 399 4901 exsurgens,
411 4826 539 4889 tantum
553 4825 673 4888 mentis
683 4829 716 4886 et
730 4823 880 4901 corporis
895 4839 916 4883 a
929 4825 999 4883 Deo

202 4922 351 4998 vigorem
367 4921 520 4996 obtinuit,
538 4927 574 4984 ut
586 4923 685 4999 paulo
707 4924 782 4998 post
805 4921 871 4983 viri
891 4921 998 4982 sancti

203 5020 400 5097 religionem
410 5020 635 5098 ingressuum
647 5020 881 5081 unicatautum
892 5018 999 5095 operi·

1051 3853 1105 3911 tus
1129 3865 1250 3924 magno
1268 3849 1492 3910 venerabatur
1519 3849 1651 3921 affectu,
1679 3849 1851 3927 frequenti

1052 3947 1303 4009 commendabat
1327 3947 1470 4024 eloquio,
1498 3950 1532 4008 et
1546 3947 1581 4007 in
1605 3948 1853 4025 eisquasdiri-

1051 4044 1150 4122 gebat
1174 4044 1342 4115 litterulis,
1359 4061 1460 4106 manu
1480 4046 1614 4121 propria
1632 4046 1849 4119 inscribebat,

1051 4145 1209 4219 tanquam
1229 4141 1258 4202 si
1278 4157 1374 4203 omne
1388 4142 1494 4219 ipsius
1511 4142 1656 4204 studium
1672 4142 1758 4205 foret
1772 4144 1851 4220 sig-

1051 4255 1133 4301 nare
1143 4239 1247 4311 Thau,
1256 4240 1353 4315 juxta
1364 4239 1486 4300 dictum
1498 4241 1738 4317 propheticum,
1746 4256 1853 4319 super

1052 4337 1179 4398 frontes
1204 4337 1350 4397 virorum
1370 4337 1572 4411 gementium
1592 4340 1625 4399 et
1650 4338 1850 4411 dolentium,

1052 4435 1093 4496 ad
1109 4435 1277 4495 Christum
1290 4436 1405 4495 desum
1418 4434 1585 4495 veraciter
1596 4451 1849 4498 conversorum.

1052 4536 1216 4593 Processu
1228 4547 1357 4609 quoque
1369 4532 1528 4608 temporis
1540 4533 1770 4608 multiplicatis
1776 4538 1849 4611 jam

1052 4629 1221 4700 fratribus,
1239 4630 1339 4705 coepit
1350 4645 1408 4690 eos
1423 4632 1536 4705 pastor
1547 4630 1712 4692 sollicitus
1726 4631 1760 4691 in
1776 4633 1851 4694 ioco

1052 4728 1183 4790 Sanctae
1198 4727 1314 4788 Mariae
1329 4727 1370 4787 de
1385 4727 1602 4788 Portiuncula
1621 4728 1662 4788 ad
1690 4731 1853 4803 generale

1052 4825 1239 4902 Capitulum
1252 4838 1449 4892 convocare,
1466 4827 1503 4885 ut
1520 4826 1555 4884 in
1568 4824 1717 4887 funiculo
1728 4826 1851 4889 distri-

1052 4923 1198 4985 butionis
1209 4922 1332 4982 divinae
1347 4922 1482 4982 interra
1498 4922 1703 4998 paupertatis
1719 4940 1853 4996 eorum,

1054 5020 1233 5097 unicuique
1251 5019 1414 5080 tribueret
1434 5019 1632 5081 obedientiae
1647 5022 1848 5095 portionem.

203 5121 296 5180 retur
308 5118 468 5187 tunicula,
484 5117 544 5179 sub
557 5133 621 5195 qua
635 5118 734 5193 longo
748 5118 896 5193 tempore
911 5115 997 5177 lori·
1054 5118 1117 5179 Ubi
1133 5119 1211 5179 licet
1225 5117 1373 5179 omnium
1397 5117 1664 5178 necessariorum
1688 5121 1779 5181 esset
1792 5137 1853 5197 pe-

203 5228 275 5273 cam
300 5212 453 5290 portabat
476 5213 518 5273 ad
542 5227 689 5283 carnem,
709 5212 742 5273 et
756 5211 868 5272 erudis
897 5209 997 5270 dum·
1055 5216 1165 5286 nuria,
1181 5215 1387 5291 fratrumque
1404 5214 1581 5275 multitudo
1596 5214 1683 5275 ultra
1698 5217 1851 5295 quinque

85 5382 87 5391 ,
202 5311 297 5371 tanat
307 5309 456 5379 cibariis,
465 5310 579 5372 herbis
594 5309 761 5381 videlicet,
775 5307 999 5384 leguminibus
1055 5312 1162 5373 millia
1182 5312 1386 5382 conveniret,
1408 5311 1522 5372 divina
1537 5312 1647 5373 tamen
1663 5313 1854 5388 opitulante

205 5406 433 5483 fructibusque
444 5410 696 5484 contentusper
707 5406 802 5483 plura
813 5408 998 5481 temporum
1053 5410 1241 5481 clementia,
1258 5409 1416 5470 strictus
1430 5408 1633 5470 sufficientia
1654 5409 1803 5483 suberat,
1818 5413 1852 5474 et

205 5501 324 5579 lustra,
351 5520 411 5564 nec
437 5520 556 5582 panem
581 5506 743 5582 gustaret,
771 5519 832 5565 nec
860 5504 996 5567 vinum:
1053 5506 1145 5568 salus
1169 5505 1390 5567 comitabatur
1413 5508 1642 5582 corporea,et
1662 5506 1851 5583 spiritualis

206 5599 301 5663 fortis
316 5601 427 5662 tamen
442 5603 665 5664 etincoiumis
681 5617 909 5679 perseverans.
1050 5602 1242 5680 jucunditas
1257 5600 1425 5662 affluebat.
1441 5600 1697 5678 Capitulis-vero
1710 5604 1855 5679 prouin-
