3950 6200
208 222 245 285 51
822 224 1008 286 BONORII'
1022 224 1068 285 111
1089 225 1236 288 OPERA.
1807 233 1847 292 52

204 381 384 445 conventui
398 381 512 445 Sancti
527 383 684 445 Germani
705 381 746 445 de
767 382 878 445 Pratis
902 384 1002 446 Pari-
1054 384 1248 461 praebendas
1259 384 1392 448 easdem
1401 386 1444 447 ad
1456 386 1579 450 dictum
1594 387 1845 461 monasterium,

204 479 336 552 aiensis,
363 481 515 552 salutem,
537 482 600 543 etc.

1055 482 1185 544 sublato
1206 483 1386 559 cujuslibet
1399 485 1672 546 contradictionis
1685 486 1719 546 et
1732 486 1849 562 appel-

243 580 294 639 Ex
317 579 411 654 parte
426 580 535 639 vestra
562 578 627 639 iuit
655 579 860 655 propositum
887 593 1000 640 coram
1054 580 1189 641 lationis
1209 581 1391 653 obstaculo,
1412 583 1585 653 revocetis,
1614 583 1798 658 praesertim
1819 583 1848 643 si

204 675 312 747 nobis,
336 675 572 752 quodquidam
595 676 839 753 archiepiscopi
862 677 895 737 et
915 677 1001 752 epis·
1054 678 1216 738 noveritis
1230 694 1274 739 ex
1289 679 1598 740 bocmonasterium
1614 679 1761 754 graviter
1775 695 1849 740 esse

202 773 288 849 copi,
312 775 345 834 et
372 774 431 834 alii
458 772 676 835 ecclesiarum
700 774 842 852 praelati,
880 772 999 850 quibus
1054 774 1181 835 laesum.
1211 776 1489 844 contradictores,
1511 777 1573 837 etc.
1604 776 1696 847 Quod
1724 777 1754 837 si
1782 792 1848 837 non

204 869 365 931 incumbit
390 870 557 946 prioratus
582 872 712 933 vestros
739 871 870 933 ratione
894 886 998 947 paro-

204 967 289 1029 chiae
304 967 452 1039 visitare,
474 968 763 1044 procurationibus
787 985 870 1046 quas
893 969 929 1029 in
950 968 1000 1029 eis

203 1063 370 1140 recipiunt
395 1080 463 1126 non
488 1066 642 1135 contenti,
656 1066 825 1142 grangias,
851 1065 886 1127 et
914 1065 1000 1126 alias

205 1160 320 1223 domos
332 1165 463 1224 vestras
478 1163 514 1223 in
526 1162 646 1239 quibus
656 1179 723 1224 non
738 1164 815 1226 sunt
829 1162 1002 1240 parochia·

205 1258 255 1320 les
265 1259 415 1321 ecclesiae
429 1260 568 1322 uisitare
580 1261 794 1332 contendunt,
809 1261 846 1323 ut
867 1260 915 1321 sic
928 1275 1002 1337 pro·

204 1357 395 1418 curationes
426 1358 646 1435 extorqueant
670 1358 711 1420 ab
751 1358 888 1420 eisdem.
920 1359 1001 1418 Cum

203 1468 286 1530 ergo
313 1454 503 1516 visitatione
545 1471 612 1516 non
652 1456 772 1532 egeant
808 1454 1001 1533 hujusmodi

205 1552 354 1627 grangiae
363 1552 433 1613 sive
441 1553 568 1624 domus,
579 1554 777 1616 auctoritate
787 1554 1000 1631 praesentlum

205 1649 355 1713 districte
369 1649 569 1722 inhibemus,
592 1667 635 1713 ue
655 1651 729 1728 quis
744 1651 866 1713 abillis
880 1666 1003 1728 procu-

203 1747 352 1808 rationes
368 1748 513 1822 exigere,
529 1748 582 1809 vel
593 1749 793 1825 extorquere
809 1748 999 1825 praesumat.

205 1843 297 1905 Nulli
313 1860 403 1919 ergo,
422 1848 495 1918 etc„
512 1846 600 1907 hanc
619 1846 775 1922 paginam
794 1847 920 1907 nostrae
948 1846 1002 1904 in-

206 1941 380 2002 hibitionis
406 1943 600 2018 infringere.
629 1944 665 2004 Si
691 1944 765 2020 quis
786 1945 909 2014 autem,
937 1943 999 2003 etc.

206 2040 326 2101 Datum
337 2040 505 2114 Laterani,
521 2043 551 2101 11
570 2040 647 2102 idus
673 2040 797 2112 martii,
827 2055 916 2102 auno
942 2040 1002 2101 de·

205 2150 303 2198 camo.

544 2344 665 2430 cxvi

206 2494 484 2555 Andronicus.
509 2495 657 2555 Martini
681 2496 722 2554 dc
747 2495 915 2560 Gcrncllis,
941 2505 1003 2551 ar-

245 2593 481 2651 chidiaconum
513 2593 661 2663 nemoris
689 2592 848 2659 ecclesie,
874 2589 907 2647 et
927 2590 1001 2648 Mi-

245 2691 406 2759 cbcelom,
423 2691 626 2748 rontonicum
646 2690 682 2747 S.
707 2688 840 2748 Nicoloi
862 2686 1003 2745 Arubiu-

247 2788 375 2847 normis.

193 2881 198 2889 ·
486 2861 520 2918 lt
534 2861 628 2917 martii
642 2859 722 2918 1116.

254 2983 373 3048 [Regest.,
385 2983 430 3033 lib.
443 2984 475 3042 X,
488 2998 528 3049 ep.
539 2984 594 3033 iol.
607 2986 665 3035 blas.
676 2985 712 3033 La
721 2984 798 3033 Porte
815 2982 850 3032 du
863 2980 959 3046 rheti]

207 3108 324 3169 blandai
343 3110 385 3167 eis
406 3117 436 3167 ut
462 3109 630 3182 praebendas
645 3108 784 3183 quasdam
799 3124 871 3181 quas
886 3107 1004 3166 abbates

242 3199 338 3257 Sancti
348 3198 464 3258 vedasti
479 3198 570 3269 laicis,
591 3200 619 3255 in
636 3198 831 3272 prejudicium
847 3196 1003 3255 monacho·

241 3302 305 3344 mm
319 3294 532 3356 concesserant,
548 3287 585 3345 ad
606 3286 811 3346 monasterium
834 3286 901 3343 illud
916 3300 1000 3343 revo-

242 3382 317 3434 cent.

245 3501 425 3575 Honorius,
450 3504 528 3569 eta,
570 3502 702 3565 dilectis
739 3502 855 3563 liliis...
890 3500 1002 3562 abbati

209 3587 321 3659 Sancti
337 3597 472 3659 Martini
497 3598 538 3658 de
553 3598 747 3660 Gemellis...
764 3596 1002 3659 archidiacono

207 3696 345 3771 majoris
373 3695 536 3764 ecclesiae,
574 3698 609 3757 et
641 3695 810 3767 Michaeli,
840 3694 1003 3756 canonico

208 3791 324 3853 Sancti
352 3792 484 3853 Nicolai
508 3793 754 3863 ambianensis,
791 3790 932 3852 salutem
968 3793 1002 3853 et

206 3888 433 3966 apostolicam
445 3887 719 3950 benedictionem.

246 3988 296 4046 Ex
310 3985 585 4047 insinuatione...
610 3986 749 4056 abbatis,
767 3985 800 4046 et
822 3985 1003 4045 conventus

205 4083 403 4146 monasterii
416 4083 529 4145 Sancti
543 4083 678 4144 Vedasti
699 4081 926 4144 Atrebatensis
941 4097 1002 4142 ac-

205 4182 366 4258 cepimus,
387 4182 472 4259 quod
498 4181 632 4258 quidam
655 4179 802 4248 abbates,
824 4180 880 4256 qui
896 4178 1003 4239 eidem

207 4279 410 4340 monasterio
436 4293 497 4355 pro
518 4279 667 4354 tempore
688 4276 904 4354 prefuerunt,
926 4276 1003 4352 qui·

205 4373 344 4435 busdam
358 4375 455 4436 laicis
476 4391 543 4437 non
567 4373 789 4450 regularibus,
806 4389 868 4434 nec
884 4372 1003 4434 oblatis

207 4470 403 4546 praebendas
416 4475 653 4534 concesserunt
664 4473 699 4532 in
710 4472 782 4548 ipso
798 4469 1002 4532 monasterio

207 4567 432 4639 monachales,
454 4585 497 4630 ex
522 4585 586 4645 quo
618 4569 812 4645 pradictum
835 4569 1005 4629 monaste-

205 4665 294 4726 rium
318 4666 500 4727 enormiter
524 4667 576 4726 est
607 4666 793 4741 gravatum,
822 4681 897 4726 cum
922 4665 1003 4726 dicti

206 4761 285 4823 laici
296 4778 371 4824 cum
384 4762 555 4833 uxoribus,
573 4763 607 4824 et
620 4762 699 4822 filiis
713 4762 749 4822 in
765 4760 915 4822 domibus
930 4777 1005 4837 pro·

205 4860 289 4936 priis
301 4859 496 4937 praebendas
510 4859 707 4921 consumant
720 4858 865 4928 easdem,
880 4874 923 4918 ex
935 4858 1005 4934 qui·

206 4956 268 5019 bus
305 4959 440 5034 possent
477 4956 590 5034 plures
625 4956 781 5018 monachi
810 4956 1001 5017 sustentari.

206 5054 300 5116 Unde
315 5055 470 5130 petebant
483 5056 519 5115 ut
531 5070 588 5115 eas
603 5055 755 5116 revocari
773 5054 814 5115 ad
829 5054 1003 5115 monaste-

1055 887 1180 943 omnes,
1195 874 1257 934 etc.
1274 874 1393 935 Datum
1408 872 1576 945 Laterani,
1592 874 1622 934 11
1636 873 1712 935 idus
1722 873 1847 943 martii,

1055 983 1142 1030 anuo
1158 969 1297 1031 decimo.

1383 1138 1524 1224 CXVII

1114 1288 1165 1347 Ad
1184 1286 1338 1348 abbatem
1357 1287 1391 1347 ei
1413 1287 1619 1348 corraeorum
1634 1289 1669 1348 S.
1691 1287 1792 1348 Petri

1350 1395 1554 1454 candensis.

1332 1523 1367 1580 ld
1385 1523 1478 1580 martii
1494 1522 1572 1580 1226.

1056 1645 1330 1710 [Lockeren,Chart.et
1337 1647 1398 1699 Doc.
1406 1648 1437 1696 de
1444 1647 1519 1697 l'abb.
1528 1645 1559 1696 de
1568 1646 1709 1698 St-Pierre.
1720 1646 1776 1703 131,
1783 1645 1850 1709 tao]

1091 1773 1141 1829 Eis
1156 1771 1292 1828 ecclosias
1306 1771 1342 1828 de
1353 1773 1550 1843 Estgrencuiz
1560 1778 1587 1827 et
1600 1769 1636 1826 de
1646 1769 1815 1827 Lieresham

1376 1860 1535 1916 coufirmat.

1096 1976 1262 2037 Honorius
1272 1977 1457 2052 episcopus,
1471 1968 1766 2036 serrus'sorrorum
1776 1975 1847 2045 Dei,

1057 2073 1187 2134 dilectis
1203 2072 1281 2133 illiis
1306 2072 1417 2133 abbati
1442 2074 1474 2133 et
1499 2072 1677 2133 conventui
1704 2074 1736 2130 S.
1755 2071 1845 2132 Petri

1058 2171 1253 2242 Gaudensis,
1268 2171 1407 2232 salutem
1419 2172 1481 2230 etc.

1098 2271 1210 2329 Cuma
1226 2267 1322 2329 nobis
1348 2268 1472 2344 petitur
1495 2266 1581 2342 quod
1604 2266 1729 2341 justum
1745 2267 1794 2327 est
1817 2266 1850 2326 et

1057 2365 1244 2437 honestum,
1258 2366 1326 2426 tam
1350 2365 1445 2439 vigor
1471 2363 1638 2440 aequitatis
1651 2379 1749 2439 quam
1769 2363 1850 2423 ordo

1058 2463 1163 2537 exigit
1175 2462 1329 2529 rationis,
1346 2462 1382 2522 ut
1406 2460 1437 2520 id
1453 2477 1512 2537 per
1527 2460 1784 2521 sollicitudinem
1799 2459 1850 2519 os-

1057 2557 1126 2619 ficii
1138 2560 1243 2620 nostri
1259 2558 1299 2619 ad
1315 2558 1461 2620 debitum
1477 2557 1850 2635 perducatureiiectum.

1057 2658 1250 2732 Eapropter,
1279 2656 1391 2716 dilecti
1421 2657 1457 2715 in
1483 2654 1710 2726 Dominoillii,
1727 2654 1850 2714 vestris

1054 2754 1155 2829 Justis
1166 2752 1320 2828 precibus
1339 2753 1503 2823 inclinati,
1518 2754 1559 2813 de
1574 2751 1798 2826 Estgrenewiz
1816 2752 1849 2811 et

1058 2849 1099 2911 de
1127 2849 1324 2911 Lievesham
1341 2850 1513 2921 ecclesias,
1527 2866 1547 2909 a
1562 2849 1657 2910 bonae
1679 2849 1850 2909 memoriae

1058 2947 1213 3023 episcopo
1246 2948 1406 3019 Roffensi,
1437 2946 1574 3022 capituli
1601 2946 1652 3006 sui
1674 2945 1852 3007 accedente

1058 3060 1234 3117 consensu,
1246 3046 1449 3108 monasterio
1462 3046 1572 3107 vestro
1582 3044 1638 3122 pia
1650 3016 1851 3104 liberalitate

1058 3143 1208 3215 collatas,
1225 3142 1311 3204 sicut
1332 3159 1389 3204 eas
1404 3145 1505 3219 juste,
1529 3143 1689 3204 canonice
1704 3157 1744 3201 ac
1759 3142 1853 3217 paci·

1059 3241 1120 3301 floe
1145 3239 1331 3317 possidetis,
1347 3242 1379 3302 et
1405 3241 1439 3300 in
1458 3240 1578 3301 litteris
1601 3240 1677 3300 inde
1692 3237 1851 3300 consectis

1058 3339 1190 3415 plenius
1212 3338 1377 3398 contineri
1403 3337 1536 3408 dicitur,
1551 3336 1645 3397 vobis
1658 3336 1692 3398 et
1703 3352 1763 3413 per
1776 3351 1849 3408 vos,

1058 3437 1165 3497 eidem
1202 3436 1406 3496 monasterio
1434 3435 1631 3495 auctoritate
1660 3433 1851 3510 apostolica

1058 3535 1303 3606 confirmamus,
1314 3534 1347 3593 et
1354 3533 1528 3609 praesentis
1537 3532 1652 3608 scripti
1666 3531 1851 3607 patrocinio

1058 3631 1311 3694 communimus.
1329 3630 1421 3690 Nulli
1436 3646 1516 3705 ergo
1527 3630 1660 3690 omnino
1675 3629 1850 3688 hominum

1058 3730 1159 3791 liceat
1171 3729 1257 3788 hanc
1281 3727 1437 3805 paginam
1450 3730 1571 3787 nostrae
1587 3725 1849 3786 confirmationis

1058 3827 1253 3904 intringere,
1269 3825 1322 3885 rel
1334 3825 1366 3885 ei
1378 3840 1464 3885 ausu
1477 3823 1655 3884 temerario
1666 3823 1844 3883 contraire.

1060 3925 1095 3985 Si
1115 3924 1189 4001 quis
1204 3923 1314 3984 autem
1328 3922 1391 3982 hoc
1411 3921 1574 3982 attentare
1589 3918 1849 3996 praesumpserit,

1058 4020 1320 4096 indignationem
1350 4018 1584 4095 omnipotentis
1604 4018 1662 4078 Dei
1684 4018 1717 4077 et
1737 4015 1853 4077 beato-

1059 4135 1132 4179 rum
1159 4117 1250 4178 Petri
1264 4119 1297 4179 et
1310 4115 1639 4191 Pauliapostolorum
1657 4118 1728 4191 ejus
1739 4131 1775 4174 se
1791 4130 1853 4173 no-

1058 4215 1373 4276 veritincursurum.
1386 4215 1503 4274 Datum
1511 4211 1677 4283 Laterani,
1686 4214 1775 4272 XVII
1782 4210 1849 4270 kal.

1059 4313 1186 4390 aprilis,
1205 4312 1415 4387 pontificatus
1428 4310 1532 4371 nostri
1546 4326 1634 4371 anno
1648 4309 1787 4370 decimo.

1371 4530 1535 4617 CXVIII

1111 4686 1163 4744 Ad
1177 4681 1309 4756 fratres
1323 4681 1603 4741 Praedicatorum
1617 4681 1650 4740 et
1662 4680 1794 4754 fratres

1168 4863 1170 4868 Ι
1216 4782 1372 4839 Minores
1382 4781 1419 4838 tn
1439 4778 1688 4838 Marocbiuoto.

1336 4909 1368 4965 17
1383 4907 1477 4965 martii
1493 4907 1571 4964 ltro.

1193 5030 1344 5095 [Baliarium
1358 5031 1512 5088 Romanum,
1529 5029 1573 5086 lll,
1586 5042 1640 5086 1,n.
1651 5028 1717 5093 111]

205 5152 294 5213 rium
306 5152 553 5214 mandaremus.
581 5152 664 5225 Quia
691 5167 772 5213 vero
796 5151 1004 5225 regularium
1059 5147 1171 5207 Ordinis
1186 5146 1418 5214 medicatorum,
1435 5153 1463 5203 et
1486 5145 1582 5203 Sancti
1603 5143 1849 5202 Franciscilrarri·

206 5249 380 5310 domorum
406 5250 590 5327 dispendiis
626 5248 784 5310 debemus
810 5262 1000 5320 occurrere,
1094 5234 1370 5308 bssflssludiflfidfllefl
1388 5233 1568 5305 degentibus,
1582 5239 1616 5330 ‚¹¹¹
1630 5231 1759 5289 habitum
1787 5248 1851 5332 ¹¹¹.¹¹'

208 5346 296 5408 siout
316 5347 349 5408 et
375 5347 574 5409 utilitatibus
598 5346 785 5425 providere,
808 5344 1004 5406 discretioni
1095 5332 1166 5393 ‘³¹02
1192 5321 1311 5378 barbam
1337 5328 1499 5421 0¹¹⁰⁰s⁰³¹¹¹
1515 5327 1631 5389 ¹¹¹¹il¹i⁰³
1661 5333 1696 5375 ⁸0
1717 5334 1853 5391 pecuniis

206 5445 326 5505 vestrae
350 5459 411 5519 per
432 5445 623 5521 apostolica
648 5443 771 5520 scripta
794 5442 1004 5512 mandamus,
1094 5419 1216 5469 ‘'³⁰¹³oe
1230 5410 1355 5477 ‘'mean‘’
1371 5407 1546 5481 ¹¹¹d¹¹¹30²¹¹‘'

207 5541 382 5619 quatenns,
397 5541 426 5602 si
441 5540 536 5603 vobis
554 5539 742 5605 constiterit
755 5540 796 5603 de
810 5539 1004 5619 praemissis,
1101 5535 1268 5599 Honorius
1279 5535 1772 5612 episcopus,serrussersorum
1782 5533 1853 5604 Dei,
