<?xml version="1.0" encoding="UTF-8"?>
<!DOCTYPE html PUBLIC "-//W3C//DTD XHTML 1.0 Transitional//EN"
    "http://www.w3.org/TR/xhtml1/DTD/xhtml1-transitional.dtd">
<html xmlns="http://www.w3.org/1999/xhtml" xml:lang="en" lang="en">
 <head>
  <title>
</title>
<meta http-equiv="Content-Type" content="text/html;charset=utf-8" />
  <meta name='ocr-system' content='tesseract 3.04.00' />
  <meta name='ocr-capabilities' content='ocr_page ocr_carea ocr_par ocr_line ocrx_word'/>
</head>
<body>
  <div class='ocr_page' id='page_1' title='image "./mediiaevibiblio09bottgoog_0298.png"; bbox 0 0 3950 6200; ppageno 0'>
   <div class='ocr_carea' id='block_1_1' title="bbox 271 271 332 333">
    <p class='ocr_par' dir='ltr' id='par_1_1' title="bbox 271 271 332 333">
     <span class='ocr_line' id='line_1_1' title="bbox 271 271 332 333; baseline 0 0"><span class='ocrx_word' id='word_1_1' title='bbox 271 271 332 333; x_wconf 78' lang='grc'><strong>323</strong></span> 
     </span>
    </p>
   </div>
   <div class='ocr_carea' id='block_1_2' title="bbox 269 426 1068 1873">
    <p class='ocr_par' dir='ltr' id='par_1_2' title="bbox 269 426 1068 1873">
     <span class='ocr_line' id='line_1_2' title="bbox 272 426 1066 508; baseline -0.01 -13"><span class='ocrx_word' id='word_1_2' title='bbox 272 431 359 497; x_wconf 90' lang='lat' dir='ltr'><strong>ratio</strong></span> <span class='ocrx_word' id='word_1_3' title='bbox 385 428 541 508; x_wconf 88' lang='lat' dir='ltr'><strong>postulat,</strong></span> <span class='ocrx_word' id='word_1_4' title='bbox 568 427 625 489; x_wconf 87' lang='lat' dir='ltr'><strong>sed</strong></span> <span class='ocrx_word' id='word_1_5' title='bbox 647 427 800 505; x_wconf 86' lang='lat' dir='ltr'><strong>voluptas</strong></span> <span class='ocrx_word' id='word_1_6' title='bbox 822 426 978 499; x_wconf 80' lang='lat' dir='ltr'><strong>ostentat,</strong></span> <span class='ocrx_word' id='word_1_7' title='bbox 1005 441 1066 487; x_wconf 86' lang='lat' dir='ltr'><strong>ex·</strong></span> 
     </span>
     <span class='ocr_line' id='line_1_3' title="bbox 271 523 1067 605; baseline -0.009 -15"><span class='ocrx_word' id='word_1_8' title='bbox 271 528 368 591; x_wconf 88' lang='lat' dir='ltr'><strong>tincti</strong></span> <span class='ocrx_word' id='word_1_9' title='bbox 380 527 517 605; x_wconf 88' lang='lat' dir='ltr'><strong>spiritus</strong></span> <span class='ocrx_word' id='word_1_10' title='bbox 532 525 662 602; x_wconf 89' lang='lat' dir='ltr'><strong>signum</strong></span> <span class='ocrx_word' id='word_1_11' title='bbox 677 526 728 587; x_wconf 90' lang='lat' dir='ltr'><strong>est</strong></span> <span class='ocrx_word' id='word_1_12' title='bbox 746 523 968 586; x_wconf 80' lang='lat' dir='ltr'><strong>manifestum.</strong></span> <span class='ocrx_word' id='word_1_13' title='bbox 990 523 1067 600; x_wconf 89' lang='lat' dir='ltr'><strong>Spl-</strong></span> 
     </span>
     <span class='ocr_line' id='line_1_4' title="bbox 272 609 1063 701; baseline -0.01 -12"><span class='ocrx_word' id='word_1_14' title='bbox 272 626 339 689; x_wconf 89' lang='lat' dir='ltr'><strong>ritu</strong></span> <span class='ocrx_word' id='word_1_15' title='bbox 351 625 462 701; x_wconf 87' lang='lat' dir='ltr'><strong>tepido</strong></span> <span class='ocrx_word' id='word_1_16' title='bbox 477 624 510 686; x_wconf 85' lang='lat' dir='ltr'><strong>et</strong></span> <span class='ocrx_word' id='word_1_17' title='bbox 524 622 684 700; x_wconf 91' lang='lat' dir='ltr'><strong>paulatim</strong></span> <span class='ocrx_word' id='word_1_18' title='bbox 698 638 718 683; x_wconf 92' lang='lat' dir='ltr'><strong>a</strong></span> <span class='ocrx_word' id='word_1_19' title='bbox 732 622 840 699; x_wconf 89' lang='lat' dir='ltr'><strong>gratia</strong></span> <span class='ocrx_word' id='word_1_20' title='bbox 853 609 1063 697; x_wconf 75' lang='lat' dir='ltr'><strong>frigescente,</strong></span> 
     </span>
     <span class='ocr_line' id='line_1_5' title="bbox 272 720 1065 796; baseline -0.006 -12"><span class='ocrx_word' id='word_1_21' title='bbox 272 739 408 784; x_wconf 87' lang='lat' dir='ltr'><strong>neeesse</strong></span> <span class='ocrx_word' id='word_1_22' title='bbox 423 723 474 782; x_wconf 88' lang='lat' dir='ltr'><strong>est</strong></span> <span class='ocrx_word' id='word_1_23' title='bbox 488 736 635 794; x_wconf 91' lang='lat' dir='ltr'><strong>carnem,</strong></span> <span class='ocrx_word' id='word_1_24' title='bbox 653 722 686 782; x_wconf 92' lang='lat' dir='ltr'><strong>et</strong></span> <span class='ocrx_word' id='word_1_25' title='bbox 700 720 895 796; x_wconf 89' lang='lat' dir='ltr'><strong>sanguinem</strong></span> <span class='ocrx_word' id='word_1_26' title='bbox 916 735 990 796; x_wconf 86' lang='lat' dir='ltr'><strong>quae</strong></span> <span class='ocrx_word' id='word_1_27' title='bbox 1005 733 1065 779; x_wconf 91' lang='lat' dir='ltr'><strong>sua</strong></span> 
     </span>
     <span class='ocr_line' id='line_1_6' title="bbox 270 816 1065 897; baseline -0.008 -16"><span class='ocrx_word' id='word_1_28' title='bbox 270 822 349 883; x_wconf 87' lang='lat' dir='ltr'><strong>sunt</strong></span> <span class='ocrx_word' id='word_1_29' title='bbox 371 834 533 897; x_wconf 86' lang='lat' dir='ltr'><strong>quaerere.</strong></span> <span class='ocrx_word' id='word_1_30' title='bbox 563 818 646 890; x_wconf 86' lang='lat' dir='ltr'>Quid</span> <span class='ocrx_word' id='word_1_31' title='bbox 675 818 764 879; x_wconf 90' lang='lat' dir='ltr'><strong>enim</strong></span> <span class='ocrx_word' id='word_1_32' title='bbox 791 819 906 891; x_wconf 88' lang='lat' dir='ltr'><strong>restat,</strong></span> <span class='ocrx_word' id='word_1_33' title='bbox 933 816 1065 894; x_wconf 86' lang='lat' dir='ltr'><strong>quando</strong></span> 
     </span>
     <span class='ocr_line' id='line_1_7' title="bbox 271 914 1067 992; baseline -0.008 -13"><span class='ocrx_word' id='word_1_34' title='bbox 271 918 384 979; x_wconf 83' lang='lat' dir='ltr'><strong>anima</strong></span> <span class='ocrx_word' id='word_1_35' title='bbox 403 919 495 978; x_wconf 87' lang='lat' dir='ltr'><strong>earet</strong></span> <span class='ocrx_word' id='word_1_36' title='bbox 515 915 746 992; x_wconf 82' lang='lat' dir='ltr'><strong>spiritualibus</strong></span> <span class='ocrx_word' id='word_1_37' title='bbox 765 914 907 987; x_wconf 88' lang='lat' dir='ltr'><strong>deliciis,</strong></span> <span class='ocrx_word' id='word_1_38' title='bbox 927 917 964 976; x_wconf 90' lang='lat' dir='ltr'><strong>ut</strong></span> <span class='ocrx_word' id='word_1_39' title='bbox 986 929 1067 975; x_wconf 86' lang='lat' dir='ltr'><strong>caro</strong></span> 
     </span>
     <span class='ocr_line' id='line_1_8' title="bbox 270 1011 1064 1087; baseline -0.008 -10"><span class='ocrx_word' id='word_1_40' title='bbox 270 1017 487 1077; x_wconf 84' lang='lat' dir='ltr'><strong>convertatur</strong></span> <span class='ocrx_word' id='word_1_41' title='bbox 506 1014 547 1074; x_wconf 92' lang='lat' dir='ltr'><strong>ad</strong></span> <span class='ocrx_word' id='word_1_42' title='bbox 562 1016 659 1073; x_wconf 87' lang='lat' dir='ltr'><strong>suasi</strong></span> <span class='ocrx_word' id='word_1_43' title='bbox 681 1014 720 1074; x_wconf 82' lang='lat' dir='ltr'><strong>st</strong></span> <span class='ocrx_word' id='word_1_44' title='bbox 736 1016 815 1073; x_wconf 89' lang='lat' dir='ltr'><strong>tunc</strong></span> <span class='ocrx_word' id='word_1_45' title='bbox 830 1011 986 1072; x_wconf 89' lang='lat' dir='ltr'><strong>animalis</strong></span> <span class='ocrx_word' id='word_1_46' title='bbox 1001 1027 1064 1087; x_wconf 82' lang='lat' dir='ltr'><strong>ap·-</strong></span> 
     </span>
     <span class='ocr_line' id='line_1_9' title="bbox 271 1109 1066 1191; baseline -0.005 -18"><span class='ocrx_word' id='word_1_47' title='bbox 271 1113 392 1191; x_wconf 83' lang='lat' dir='ltr'><strong>petitus</strong></span> <span class='ocrx_word' id='word_1_48' title='bbox 407 1111 618 1173; x_wconf 80' lang='lat' dir='ltr'><strong>necessitatis</strong></span> <span class='ocrx_word' id='word_1_49' title='bbox 639 1110 817 1173; x_wconf 83' lang='lat' dir='ltr'><strong>articulum</strong></span> <span class='ocrx_word' id='word_1_50' title='bbox 840 1109 966 1186; x_wconf 82' lang='lat' dir='ltr'><strong>palliat,</strong></span> <span class='ocrx_word' id='word_1_51' title='bbox 986 1110 1066 1170; x_wconf 90' lang='lat' dir='ltr'><strong>tunc</strong></span> 
     </span>
     <span class='ocr_line' id='line_1_10' title="bbox 269 1205 1068 1272; baseline -0.008 0"><span class='ocrx_word' id='word_1_52' title='bbox 269 1226 389 1272; x_wconf 84' lang='lat' dir='ltr'><strong>sensus</strong></span> <span class='ocrx_word' id='word_1_53' title='bbox 400 1209 511 1272; x_wconf 89' lang='lat' dir='ltr'><strong>carnis</strong></span> <span class='ocrx_word' id='word_1_54' title='bbox 521 1209 763 1270; x_wconf 86' lang='lat' dir='ltr'><strong>conscientiam</strong></span> <span class='ocrx_word' id='word_1_55' title='bbox 776 1208 909 1269; x_wconf 83' lang='lat' dir='ltr'><strong>lcrmat.</strong></span> <span class='ocrx_word' id='word_1_56' title='bbox 924 1207 960 1267; x_wconf 86' lang='lat' dir='ltr'><strong>Si</strong></span> <span class='ocrx_word' id='word_1_57' title='bbox 971 1205 1068 1267; x_wconf 90' lang='lat' dir='ltr'><strong>adest</strong></span> 
     </span>
     <span class='ocr_line' id='line_1_11' title="bbox 269 1305 1066 1380; baseline -0.005 -12"><span class='ocrx_word' id='word_1_58' title='bbox 269 1308 365 1371; x_wconf 81' lang='lat' dir='ltr'><strong>tratri</strong></span> <span class='ocrx_word' id='word_1_59' title='bbox 380 1323 454 1369; x_wconf 91' lang='lat' dir='ltr'><strong>mec</strong></span> <span class='ocrx_word' id='word_1_60' title='bbox 468 1321 549 1368; x_wconf 84' lang='lat' dir='ltr'><strong>vera</strong></span> <span class='ocrx_word' id='word_1_61' title='bbox 564 1306 758 1380; x_wconf 73' lang='lat' dir='ltr'><strong>necessitas,</strong></span> <span class='ocrx_word' id='word_1_62' title='bbox 781 1306 816 1367; x_wconf 90' lang='lat' dir='ltr'><strong>et</strong></span> <span class='ocrx_word' id='word_1_63' title='bbox 833 1306 943 1368; x_wconf 87' lang='lat' dir='ltr'><strong>statim</strong></span> <span class='ocrx_word' id='word_1_64' title='bbox 961 1305 1066 1365; x_wconf 86' lang='lat' dir='ltr'><strong>satis-</strong></span> 
     </span>
     <span class='ocr_line' id='line_1_12' title="bbox 270 1401 1067 1482; baseline -0.006 -15"><span class='ocrx_word' id='word_1_65' title='bbox 270 1404 382 1467; x_wconf 79' lang='lat' dir='ltr'><strong>facere</strong></span> <span class='ocrx_word' id='word_1_66' title='bbox 407 1404 575 1482; x_wconf 87' lang='lat' dir='ltr'><strong>properat,</strong></span> <span class='ocrx_word' id='word_1_67' title='bbox 604 1403 683 1480; x_wconf 89' lang='lat' dir='ltr'><strong>quid</strong></span> <span class='ocrx_word' id='word_1_68' title='bbox 709 1403 872 1464; x_wconf 82' lang='lat' dir='ltr'><strong>mercedis</strong></span> <span class='ocrx_word' id='word_1_69' title='bbox 905 1401 1067 1479; x_wconf 86' lang='lat' dir='ltr'><strong>accipiett</strong></span> 
     </span>
     <span class='ocr_line' id='line_1_13' title="bbox 271 1498 1065 1576; baseline -0.01 -9"><span class='ocrx_word' id='word_1_70' title='bbox 271 1503 399 1567; x_wconf 69' lang='lat' dir='ltr'><strong>Accidit</strong></span> <span class='ocrx_word' id='word_1_71' title='bbox 425 1501 513 1562; x_wconf 89' lang='lat' dir='ltr'><strong>enim</strong></span> <span class='ocrx_word' id='word_1_72' title='bbox 540 1503 673 1562; x_wconf 88' lang='lat' dir='ltr'><strong>occasio</strong></span> <span class='ocrx_word' id='word_1_73' title='bbox 703 1500 826 1574; x_wconf 89' lang='lat' dir='ltr'><strong>meriti,</strong></span> <span class='ocrx_word' id='word_1_74' title='bbox 859 1499 917 1561; x_wconf 87' lang='lat' dir='ltr'><strong>sed</strong></span> <span class='ocrx_word' id='word_1_75' title='bbox 943 1498 1065 1576; x_wconf 79' lang='lat' dir='ltr'><strong>displi-</strong></span> 
     </span>
     <span class='ocr_line' id='line_1_14' title="bbox 271 1597 1066 1675; baseline -0.005 -14"><span class='ocrx_word' id='word_1_76' title='bbox 271 1600 380 1662; x_wconf 84' lang='lat' dir='ltr'><strong>cuisse</strong></span> <span class='ocrx_word' id='word_1_77' title='bbox 393 1599 458 1661; x_wconf 89' lang='lat' dir='ltr'><strong>sibi</strong></span> <span class='ocrx_word' id='word_1_78' title='bbox 472 1599 619 1661; x_wconf 86' lang='lat' dir='ltr'><strong>studiose</strong></span> <span class='ocrx_word' id='word_1_79' title='bbox 633 1597 806 1674; x_wconf 84' lang='lat' dir='ltr'><strong>probavit:</strong></span> <span class='ocrx_word' id='word_1_80' title='bbox 820 1598 910 1675; x_wconf 89' lang='lat' dir='ltr'><strong>ipsas</strong></span> <span class='ocrx_word' id='word_1_81' title='bbox 922 1612 1066 1673; x_wconf 84' lang='lat' dir='ltr'><strong>namque</strong></span> 
     </span>
     <span class='ocr_line' id='line_1_15' title="bbox 269 1692 1066 1771; baseline -0.006 -12"><span class='ocrx_word' id='word_1_82' title='bbox 269 1696 472 1771; x_wconf 87' lang='lat' dir='ltr'><strong>indigentias</strong></span> <span class='ocrx_word' id='word_1_83' title='bbox 487 1711 553 1756; x_wconf 92' lang='lat' dir='ltr'><strong>non</strong></span> <span class='ocrx_word' id='word_1_84' title='bbox 571 1695 736 1771; x_wconf 84' lang='lat' dir='ltr'><strong>patienter</strong></span> <span class='ocrx_word' id='word_1_85' title='bbox 754 1694 954 1768; x_wconf 71' lang='lat' dir='ltr'><strong>semanimi</strong></span> <span class='ocrx_word' id='word_1_86' title='bbox 974 1692 1066 1755; x_wconf 82' lang='lat' dir='ltr'><strong>aliud</strong></span> 
     </span>
     <span class='ocr_line' id='line_1_16' title="bbox 271 1793 771 1873; baseline -0.01 -15"><span class='ocrx_word' id='word_1_87' title='bbox 271 1796 322 1858; x_wconf 84' lang='lat' dir='ltr'><strong>est</strong></span> <span class='ocrx_word' id='word_1_88' title='bbox 332 1793 399 1855; x_wconf 90' lang='lat' dir='ltr'><strong>nisi</strong></span> <span class='ocrx_word' id='word_1_89' title='bbox 412 1794 592 1873; x_wconf 81' lang='lat' dir='ltr'><strong>AEgyptum</strong></span> <span class='ocrx_word' id='word_1_90' title='bbox 608 1795 771 1870; x_wconf 83' lang='lat' dir='ltr'><strong>repetere.</strong></span> 
     </span>
    </p>
   </div>
   <div class='ocr_carea' id='block_1_3' title="bbox 527 2034 806 2094">
    <p class='ocr_par' dir='ltr' id='par_1_3' title="bbox 527 2034 806 2094">
     <span class='ocr_line' id='line_1_17' title="bbox 527 2034 806 2094; baseline 0 0"><span class='ocrx_word' id='word_1_91' title='bbox 527 2034 728 2094; x_wconf 86' lang='lat' dir='ltr'><strong>GOLLATIO</strong></span> <span class='ocrx_word' id='word_1_92' title='bbox 749 2034 806 2094; x_wconf 86' lang='lat' dir='ltr'><strong>XI.</strong></span> 
     </span>
    </p>
   </div>
   <div class='ocr_carea' id='block_1_4' title="bbox 325 2184 1006 2258">
    <p class='ocr_par' dir='ltr' id='par_1_4' title="bbox 325 2184 1006 2258">
     <span class='ocr_line' id='line_1_18' title="bbox 325 2184 1006 2258; baseline -0.009 -11"><span class='ocrx_word' id='word_1_93' title='bbox 325 2189 375 2247; x_wconf 84' lang='lat' dir='ltr'><strong>De</strong></span> <span class='ocrx_word' id='word_1_94' title='bbox 389 2184 535 2246; x_wconf 81' lang='lat' dir='ltr'><strong>raetanuo</strong></span> <span class='ocrx_word' id='word_1_95' title='bbox 548 2184 783 2258; x_wconf 76' lang='lat' dir='ltr'><strong>spiritualiter</strong></span> <span class='ocrx_word' id='word_1_96' title='bbox 796 2185 834 2244; x_wconf 80' lang='lat' dir='ltr'><strong>ic</strong></span> <span class='ocrx_word' id='word_1_97' title='bbox 847 2185 1006 2245; x_wconf 80' lang='lat' dir='ltr'><strong>Dcmtso.</strong></span> 
     </span>
    </p>
   </div>
   <div class='ocr_carea' id='block_1_5' title="bbox 271 2329 1069 5423">
    <p class='ocr_par' dir='ltr' id='par_1_5' title="bbox 271 2329 1069 5423">
     <span class='ocr_line' id='line_1_19' title="bbox 311 2329 1067 2413; baseline -0.007 -19"><span class='ocrx_word' id='word_1_98' title='bbox 311 2333 478 2407; x_wconf 86' lang='lat' dir='ltr'><strong>Sanctam,</strong></span> <span class='ocrx_word' id='word_1_99' title='bbox 508 2331 630 2395; x_wconf 87' lang='lat' dir='ltr'><strong>iratres</strong></span> <span class='ocrx_word' id='word_1_100' title='bbox 657 2330 836 2405; x_wconf 85' lang='lat' dir='ltr'><strong>carissimi,</strong></span> <span class='ocrx_word' id='word_1_101' title='bbox 863 2330 1006 2413; x_wconf 84' lang='lat' dir='ltr'><strong>interius</strong></span> <span class='ocrx_word' id='word_1_102' title='bbox 1034 2329 1067 2390; x_wconf 85' lang='lat' dir='ltr'><strong>et</strong></span> 
     </span>
     <span class='ocr_line' id='line_1_20' title="bbox 271 2427 1067 2493; baseline -0.006 0"><span class='ocrx_word' id='word_1_103' title='bbox 271 2431 419 2493; x_wconf 83' lang='lat' dir='ltr'><strong>exterius</strong></span> <span class='ocrx_word' id='word_1_104' title='bbox 433 2430 584 2493; x_wconf 83' lang='lat' dir='ltr'><strong>laetitiam</strong></span> <span class='ocrx_word' id='word_1_105' title='bbox 603 2430 661 2493; x_wconf 83' lang='lat' dir='ltr'><strong>Dei</strong></span> <span class='ocrx_word' id='word_1_106' title='bbox 677 2429 806 2493; x_wconf 85' lang='lat' dir='ltr'><strong>habete.</strong></span> <span class='ocrx_word' id='word_1_107' title='bbox 826 2427 861 2490; x_wconf 91' lang='lat' dir='ltr'><strong>Si</strong></span> <span class='ocrx_word' id='word_1_108' title='bbox 880 2428 969 2490; x_wconf 93' lang='lat' dir='ltr'><strong>enim</strong></span> <span class='ocrx_word' id='word_1_109' title='bbox 992 2443 1067 2489; x_wconf 89' lang='lat' dir='ltr'><strong>ser-</strong></span> 
     </span>
     <span class='ocr_line' id='line_1_21' title="bbox 271 2525 1068 2593; baseline -0.006 -1"><span class='ocrx_word' id='word_1_110' title='bbox 271 2546 333 2593; x_wconf 79' lang='lat' dir='ltr'><strong>vus</strong></span> <span class='ocrx_word' id='word_1_111' title='bbox 348 2529 407 2591; x_wconf 89' lang='lat' dir='ltr'><strong>Dei</strong></span> <span class='ocrx_word' id='word_1_112' title='bbox 423 2528 586 2590; x_wconf 89' lang='lat' dir='ltr'><strong>studuerit</strong></span> <span class='ocrx_word' id='word_1_113' title='bbox 600 2527 725 2591; x_wconf 89' lang='lat' dir='ltr'><strong>habere</strong></span> <span class='ocrx_word' id='word_1_114' title='bbox 740 2527 773 2588; x_wconf 92' lang='lat' dir='ltr'><strong>et</strong></span> <span class='ocrx_word' id='word_1_115' title='bbox 791 2541 993 2588; x_wconf 82' lang='lat' dir='ltr'><strong>conservare</strong></span> <span class='ocrx_word' id='word_1_116' title='bbox 1007 2525 1068 2587; x_wconf 73' lang='lat' dir='ltr'><strong>lae·</strong></span> 
     </span>
     <span class='ocr_line' id='line_1_22' title="bbox 271 2624 1068 2703; baseline 0 -14"><span class='ocrx_word' id='word_1_117' title='bbox 271 2627 378 2689; x_wconf 88' lang='lat' dir='ltr'><strong>titiam</strong></span> <span class='ocrx_word' id='word_1_118' title='bbox 395 2625 614 2703; x_wconf 90' lang='lat' dir='ltr'><strong>spiritualem,</strong></span> <span class='ocrx_word' id='word_1_119' title='bbox 634 2640 708 2703; x_wconf 87' lang='lat' dir='ltr'><strong>quae</strong></span> <span class='ocrx_word' id='word_1_120' title='bbox 731 2624 885 2702; x_wconf 84' lang='lat' dir='ltr'><strong>provenit</strong></span> <span class='ocrx_word' id='word_1_121' title='bbox 905 2640 948 2685; x_wconf 85' lang='lat' dir='ltr'><strong>ex</strong></span> <span class='ocrx_word' id='word_1_122' title='bbox 968 2638 1068 2689; x_wconf 82' lang='lat' dir='ltr'><strong>mun-</strong></span> 
     </span>
     <span class='ocr_line' id='line_1_23' title="bbox 272 2720 1067 2799; baseline -0.005 -14"><span class='ocrx_word' id='word_1_123' title='bbox 272 2724 354 2789; x_wconf 89' lang='lat' dir='ltr'><strong>ditia</strong></span> <span class='ocrx_word' id='word_1_124' title='bbox 375 2722 496 2797; x_wconf 86' lang='lat' dir='ltr'><strong>cordis,</strong></span> <span class='ocrx_word' id='word_1_125' title='bbox 522 2725 554 2784; x_wconf 91' lang='lat' dir='ltr'><strong>et</strong></span> <span class='ocrx_word' id='word_1_126' title='bbox 574 2721 760 2799; x_wconf 81' lang='lat' dir='ltr'><strong>acquiritur</strong></span> <span class='ocrx_word' id='word_1_127' title='bbox 774 2736 835 2798; x_wconf 88' lang='lat' dir='ltr'><strong>per</strong></span> <span class='ocrx_word' id='word_1_128' title='bbox 857 2720 1067 2783; x_wconf 76' lang='lat' dir='ltr'><strong>devotionem</strong></span> 
     </span>
     <span class='ocr_line' id='line_1_24' title="bbox 274 2816 1066 2897; baseline -0.006 -16"><span class='ocrx_word' id='word_1_129' title='bbox 274 2819 449 2897; x_wconf 85' lang='lat' dir='ltr'><strong>orationis,</strong></span> <span class='ocrx_word' id='word_1_130' title='bbox 461 2817 628 2879; x_wconf 83' lang='lat' dir='ltr'><strong>daemcnes</strong></span> <span class='ocrx_word' id='word_1_131' title='bbox 642 2817 727 2883; x_wconf 85' lang='lat' dir='ltr'><strong>nibil</strong></span> <span class='ocrx_word' id='word_1_132' title='bbox 737 2817 878 2894; x_wconf 88' lang='lat' dir='ltr'><strong>possunt</strong></span> <span class='ocrx_word' id='word_1_133' title='bbox 889 2816 920 2877; x_wconf 93' lang='lat' dir='ltr'><strong>ei</strong></span> <span class='ocrx_word' id='word_1_134' title='bbox 934 2831 1066 2891; x_wconf 88' lang='lat' dir='ltr'><strong>nocere,</strong></span> 
     </span>
     <span class='ocr_line' id='line_1_25' title="bbox 273 2912 1069 2992; baseline -0.005 -14"><span class='ocrx_word' id='word_1_135' title='bbox 273 2916 422 2978; x_wconf 89' lang='lat' dir='ltr'><strong>dicentes</strong></span> <span class='ocrx_word' id='word_1_136' title='bbox 437 2931 445 2983; x_wconf 86' lang='grc'><strong>;</strong></span> <span class='ocrx_word' id='word_1_137' title='bbox 459 2917 509 2976; x_wconf 80' lang='lat' dir='ltr'><strong>Ex</strong></span> <span class='ocrx_word' id='word_1_138' title='bbox 530 2930 594 2991; x_wconf 87' lang='lat' dir='ltr'><strong>quo</strong></span> <span class='ocrx_word' id='word_1_139' title='bbox 608 2914 644 2975; x_wconf 91' lang='lat' dir='ltr'><strong>in</strong></span> <span class='ocrx_word' id='word_1_140' title='bbox 657 2912 871 2976; x_wconf 87' lang='lat' dir='ltr'><strong>tribulatione</strong></span> <span class='ocrx_word' id='word_1_141' title='bbox 885 2914 919 2975; x_wconf 91' lang='lat' dir='ltr'><strong>et</strong></span> <span class='ocrx_word' id='word_1_142' title='bbox 929 2929 1069 2992; x_wconf 88' lang='lat' dir='ltr'><strong>prospo-</strong></span> 
     </span>
     <span class='ocr_line' id='line_1_26' title="bbox 274 3011 1066 3087; baseline -0.006 -11"><span class='ocrx_word' id='word_1_143' title='bbox 274 3014 373 3076; x_wconf 90' lang='lat' dir='ltr'><strong>ritate</strong></span> <span class='ocrx_word' id='word_1_144' title='bbox 388 3012 537 3075; x_wconf 89' lang='lat' dir='ltr'><strong>laetitiam</strong></span> <span class='ocrx_word' id='word_1_145' title='bbox 557 3011 657 3073; x_wconf 86' lang='lat' dir='ltr'><strong>babet</strong></span> <span class='ocrx_word' id='word_1_146' title='bbox 678 3026 795 3073; x_wconf 87' lang='lat' dir='ltr'><strong>servus</strong></span> <span class='ocrx_word' id='word_1_147' title='bbox 810 3011 881 3085; x_wconf 88' lang='lat' dir='ltr'><strong>Dei,</strong></span> <span class='ocrx_word' id='word_1_148' title='bbox 903 3027 969 3071; x_wconf 87' lang='lat' dir='ltr'><strong>non</strong></span> <span class='ocrx_word' id='word_1_149' title='bbox 986 3028 1066 3087; x_wconf 90' lang='lat' dir='ltr'><strong>pos-</strong></span> 
     </span>
     <span class='ocr_line' id='line_1_27' title="bbox 275 3109 1066 3187; baseline -0.006 -13"><span class='ocrx_word' id='word_1_150' title='bbox 275 3129 390 3174; x_wconf 92' lang='lat' dir='ltr'><strong>sumus</strong></span> <span class='ocrx_word' id='word_1_151' title='bbox 404 3110 556 3173; x_wconf 86' lang='lat' dir='ltr'><strong>invenire</strong></span> <span class='ocrx_word' id='word_1_152' title='bbox 573 3110 699 3172; x_wconf 91' lang='lat' dir='ltr'><strong>aditum</strong></span> <span class='ocrx_word' id='word_1_153' title='bbox 716 3109 863 3171; x_wconf 90' lang='lat' dir='ltr'><strong>intrandi</strong></span> <span class='ocrx_word' id='word_1_154' title='bbox 880 3110 920 3171; x_wconf 91' lang='lat' dir='ltr'><strong>ad</strong></span> <span class='ocrx_word' id='word_1_155' title='bbox 946 3111 1066 3187; x_wconf 88' lang='lat' dir='ltr'><strong>ipsum,</strong></span> 
     </span>
     <span class='ocr_line' id='line_1_28' title="bbox 276 3200 1066 3272; baseline -0.004 0"><span class='ocrx_word' id='word_1_156' title='bbox 276 3200 338 3272; x_wconf 82' lang='lat' dir='ltr'><strong>nec</strong></span> <span class='ocrx_word' id='word_1_157' title='bbox 363 3209 428 3271; x_wconf 90' lang='lat' dir='ltr'><strong>sihi</strong></span> <span class='ocrx_word' id='word_1_158' title='bbox 456 3223 588 3270; x_wconf 89' lang='lat' dir='ltr'><strong>nocere.</strong></span> <span class='ocrx_word' id='word_1_159' title='bbox 623 3207 686 3268; x_wconf 89' lang='lat' dir='ltr'><strong>Sed</strong></span> <span class='ocrx_word' id='word_1_160' title='bbox 718 3208 798 3270; x_wconf 91' lang='lat' dir='ltr'><strong>tunc</strong></span> <span class='ocrx_word' id='word_1_161' title='bbox 823 3206 974 3270; x_wconf 80' lang='lat' dir='ltr'><strong>exultant</strong></span> <span class='ocrx_word' id='word_1_162' title='bbox 999 3207 1066 3269; x_wconf 86' lang='lat' dir='ltr'><strong>dac·</strong></span> 
     </span>
     <span class='ocr_line' id='line_1_29' title="bbox 275 3305 1066 3385; baseline -0.006 -14"><span class='ocrx_word' id='word_1_163' title='bbox 275 3324 406 3383; x_wconf 86' lang='lat' dir='ltr'><strong>mones,</strong></span> <span class='ocrx_word' id='word_1_164' title='bbox 436 3306 568 3385; x_wconf 87' lang='lat' dir='ltr'><strong>quando</strong></span> <span class='ocrx_word' id='word_1_165' title='bbox 595 3305 805 3367; x_wconf 87' lang='lat' dir='ltr'><strong>devotionem</strong></span> <span class='ocrx_word' id='word_1_166' title='bbox 837 3307 870 3368; x_wconf 93' lang='lat' dir='ltr'><strong>et</strong></span> <span class='ocrx_word' id='word_1_167' title='bbox 904 3305 1066 3380; x_wconf 84' lang='lat' dir='ltr'><strong>laetitiam,</strong></span> 
     </span>
     <span class='ocr_line' id='line_1_30' title="bbox 275 3402 1067 3483; baseline -0.005 -16"><span class='ocrx_word' id='word_1_168' title='bbox 275 3422 349 3483; x_wconf 85' lang='lat' dir='ltr'><strong>quae</strong></span> <span class='ocrx_word' id='word_1_169' title='bbox 362 3404 514 3483; x_wconf 81' lang='lat' dir='ltr'><strong>provenit</strong></span> <span class='ocrx_word' id='word_1_170' title='bbox 523 3420 566 3465; x_wconf 82' lang='lat' dir='ltr'><strong>ex</strong></span> <span class='ocrx_word' id='word_1_171' title='bbox 578 3402 700 3465; x_wconf 89' lang='lat' dir='ltr'><strong>munda</strong></span> <span class='ocrx_word' id='word_1_172' title='bbox 711 3403 872 3478; x_wconf 85' lang='lat' dir='ltr'><strong>oratione,</strong></span> <span class='ocrx_word' id='word_1_173' title='bbox 889 3404 922 3464; x_wconf 90' lang='lat' dir='ltr'><strong>et</strong></span> <span class='ocrx_word' id='word_1_174' title='bbox 935 3404 1067 3465; x_wconf 81' lang='lat' dir='ltr'><strong>axeliis</strong></span> 
     </span>
     <span class='ocr_line' id='line_1_31' title="bbox 275 3500 1067 3581; baseline -0.006 -16"><span class='ocrx_word' id='word_1_175' title='bbox 275 3502 430 3581; x_wconf 87' lang='lat' dir='ltr'><strong>operibus</strong></span> <span class='ocrx_word' id='word_1_176' title='bbox 444 3501 615 3576; x_wconf 82' lang='lat' dir='ltr'><strong>virtuosis,</strong></span> <span class='ocrx_word' id='word_1_177' title='bbox 636 3501 780 3578; x_wconf 91' lang='lat' dir='ltr'><strong>possunt·</strong></span> <span class='ocrx_word' id='word_1_178' title='bbox 789 3500 999 3577; x_wconf 80' lang='lat' dir='ltr'><strong>extinguere,</strong></span> <span class='ocrx_word' id='word_1_179' title='bbox 1014 3500 1067 3561; x_wconf 88' lang='lat' dir='ltr'><strong>vel</strong></span> 
     </span>
     <span class='ocr_line' id='line_1_32' title="bbox 275 3598 1065 3680; baseline -0.004 -18"><span class='ocrx_word' id='word_1_180' title='bbox 275 3600 467 3678; x_wconf 86' lang='lat' dir='ltr'><strong>aliqualiter</strong></span> <span class='ocrx_word' id='word_1_181' title='bbox 491 3598 662 3680; x_wconf 86' lang='lat' dir='ltr'><strong>impedire.</strong></span> <span class='ocrx_word' id='word_1_182' title='bbox 692 3598 778 3661; x_wconf 91' lang='lat' dir='ltr'><strong>Nam</strong></span> <span class='ocrx_word' id='word_1_183' title='bbox 802 3598 832 3659; x_wconf 89' lang='lat' dir='ltr'><strong>si</strong></span> <span class='ocrx_word' id='word_1_184' title='bbox 857 3598 1009 3660; x_wconf 86' lang='lat' dir='ltr'><strong>diabolus</strong></span> <span class='ocrx_word' id='word_1_185' title='bbox 1031 3598 1065 3660; x_wconf 93' lang='lat' dir='ltr'><strong>in</strong></span> 
     </span>
     <span class='ocr_line' id='line_1_33' title="bbox 274 3689 1067 3774; baseline -0.005 -14"><span class='ocrx_word' id='word_1_186' title='bbox 274 3713 372 3760; x_wconf 82' lang='lat' dir='ltr'><strong>servo</strong></span> <span class='ocrx_word' id='word_1_187' title='bbox 384 3689 446 3759; x_wconf 78' lang='lat' dir='ltr'><strong>Dei</strong></span> <span class='ocrx_word' id='word_1_188' title='bbox 459 3698 568 3774; x_wconf 89' lang='lat' dir='ltr'><strong>potest</strong></span> <span class='ocrx_word' id='word_1_189' title='bbox 582 3696 707 3774; x_wconf 91' lang='lat' dir='ltr'><strong>aliquid</strong></span> <span class='ocrx_word' id='word_1_190' title='bbox 720 3695 844 3758; x_wconf 87' lang='lat' dir='ltr'><strong>babere</strong></span> <span class='ocrx_word' id='word_1_191' title='bbox 858 3695 899 3757; x_wconf 96' lang='lat' dir='ltr'><strong>de</strong></span> <span class='ocrx_word' id='word_1_192' title='bbox 914 3712 987 3770; x_wconf 88' lang='lat' dir='ltr'><strong>suo,</strong></span> <span class='ocrx_word' id='word_1_193' title='bbox 1001 3695 1067 3756; x_wconf 90' lang='lat' dir='ltr'><strong>nisi</strong></span> 
     </span>
     <span class='ocr_line' id='line_1_34' title="bbox 274 3792 1068 3871; baseline -0.005 -14"><span class='ocrx_word' id='word_1_194' title='bbox 274 3795 376 3857; x_wconf 81' lang='lat' dir='ltr'><strong>luerit</strong></span> <span class='ocrx_word' id='word_1_195' title='bbox 401 3794 535 3871; x_wconf 89' lang='lat' dir='ltr'><strong>sapiens</strong></span> <span class='ocrx_word' id='word_1_196' title='bbox 559 3795 594 3856; x_wconf 92' lang='lat' dir='ltr'><strong>et</strong></span> <span class='ocrx_word' id='word_1_197' title='bbox 615 3793 781 3858; x_wconf 88' lang='lat' dir='ltr'><strong>sollicitus</strong></span> <span class='ocrx_word' id='word_1_198' title='bbox 803 3793 914 3858; x_wconf 88' lang='lat' dir='ltr'><strong>delere</strong></span> <span class='ocrx_word' id='word_1_199' title='bbox 937 3796 970 3855; x_wconf 90' lang='lat' dir='ltr'><strong>et</strong></span> <span class='ocrx_word' id='word_1_200' title='bbox 990 3792 1068 3855; x_wconf 88' lang='lat' dir='ltr'><strong>des-</strong></span> 
     </span>
     <span class='ocr_line' id='line_1_35' title="bbox 272 3890 1066 3968; baseline -0.005 -13"><span class='ocrx_word' id='word_1_201' title='bbox 272 3892 387 3955; x_wconf 88' lang='lat' dir='ltr'><strong>truere</strong></span> <span class='ocrx_word' id='word_1_202' title='bbox 409 3890 491 3952; x_wconf 91' lang='lat' dir='ltr'><strong>illud</strong></span> <span class='ocrx_word' id='word_1_203' title='bbox 513 3905 611 3966; x_wconf 87' lang='lat' dir='ltr'><strong>quam</strong></span> <span class='ocrx_word' id='word_1_204' title='bbox 633 3891 731 3953; x_wconf 89' lang='lat' dir='ltr'><strong>citius</strong></span> <span class='ocrx_word' id='word_1_205' title='bbox 755 3890 886 3968; x_wconf 91' lang='lat' dir='ltr'><strong>poterit,</strong></span> <span class='ocrx_word' id='word_1_206' title='bbox 910 3907 971 3968; x_wconf 87' lang='lat' dir='ltr'><strong>per</strong></span> <span class='ocrx_word' id='word_1_207' title='bbox 993 3890 1066 3953; x_wconf 90' lang='lat' dir='ltr'><strong>vir-</strong></span> 
     </span>
     <span class='ocr_line' id='line_1_36' title="bbox 272 3986 1069 4061; baseline -0.004 -10"><span class='ocrx_word' id='word_1_208' title='bbox 272 3990 379 4052; x_wconf 83' lang='lat' dir='ltr'><strong>tutem</strong></span> <span class='ocrx_word' id='word_1_209' title='bbox 398 3991 523 4050; x_wconf 81' lang='lat' dir='ltr'><strong>sanctae</strong></span> <span class='ocrx_word' id='word_1_210' title='bbox 545 3986 717 4061; x_wconf 89' lang='lat' dir='ltr'><strong>orationis,</strong></span> <span class='ocrx_word' id='word_1_211' title='bbox 737 3988 958 4061; x_wconf 86' lang='lat' dir='ltr'><strong>contritionis,</strong></span> <span class='ocrx_word' id='word_1_212' title='bbox 985 4004 1069 4050; x_wconf 91' lang='lat' dir='ltr'><strong>cou-</strong></span> 
     </span>
     <span class='ocr_line' id='line_1_37' title="bbox 274 4084 1067 4162; baseline -0.001 -15"><span class='ocrx_word' id='word_1_213' title='bbox 274 4085 441 4160; x_wconf 86' lang='lat' dir='ltr'><strong>iessionis,</strong></span> <span class='ocrx_word' id='word_1_214' title='bbox 455 4087 487 4147; x_wconf 90' lang='lat' dir='ltr'><strong>et</strong></span> <span class='ocrx_word' id='word_1_215' title='bbox 499 4084 747 4157; x_wconf 80' lang='lat' dir='ltr'><strong>satisfactionis,</strong></span> <span class='ocrx_word' id='word_1_216' title='bbox 764 4086 799 4145; x_wconf 92' lang='lat' dir='ltr'><strong>in</strong></span> <span class='ocrx_word' id='word_1_217' title='bbox 811 4084 906 4147; x_wconf 84' lang='lat' dir='ltr'><strong>brevi</strong></span> <span class='ocrx_word' id='word_1_218' title='bbox 917 4086 1067 4162; x_wconf 91' lang='lat' dir='ltr'><strong>tempore</strong></span> 
     </span>
     <span class='ocr_line' id='line_1_38' title="bbox 274 4182 1068 4260; baseline -0.004 -14"><span class='ocrx_word' id='word_1_219' title='bbox 274 4185 317 4248; x_wconf 89' lang='lat' dir='ltr'><strong>de</strong></span> <span class='ocrx_word' id='word_1_220' title='bbox 330 4201 396 4250; x_wconf 90' lang='lat' dir='ltr'><strong>uno</strong></span> <span class='ocrx_word' id='word_1_221' title='bbox 412 4183 533 4260; x_wconf 87' lang='lat' dir='ltr'><strong>capillo</strong></span> <span class='ocrx_word' id='word_1_222' title='bbox 553 4182 633 4245; x_wconf 86' lang='lat' dir='ltr'><strong>iacit</strong></span> <span class='ocrx_word' id='word_1_223' title='bbox 652 4198 755 4246; x_wconf 91' lang='lat' dir='ltr'><strong>unam</strong></span> <span class='ocrx_word' id='word_1_224' title='bbox 773 4182 913 4257; x_wconf 86' lang='lat' dir='ltr'><strong>trabem,</strong></span> <span class='ocrx_word' id='word_1_225' title='bbox 936 4198 1068 4260; x_wconf 89' lang='lat' dir='ltr'><strong>semper</strong></span> 
     </span>
     <span class='ocr_line' id='line_1_39' title="bbox 273 4280 1067 4361; baseline -0.004 -16"><span class='ocrx_word' id='word_1_226' title='bbox 273 4281 399 4361; x_wconf 81' lang='lat' dir='ltr'><strong>aliquid</strong></span> <span class='ocrx_word' id='word_1_227' title='bbox 424 4281 476 4348; x_wconf 89' lang='lat' dir='ltr'><strong>illi</strong></span> <span class='ocrx_word' id='word_1_228' title='bbox 496 4280 698 4357; x_wconf 73' lang='lat' dir='ltr'><strong>subiciendo.</strong></span> <span class='ocrx_word' id='word_1_229' title='bbox 724 4281 809 4354; x_wconf 88' lang='lat' dir='ltr'><strong>Quia</strong></span> <span class='ocrx_word' id='word_1_230' title='bbox 831 4297 922 4357; x_wconf 91' lang='lat' dir='ltr'><strong>ergo,</strong></span> <span class='ocrx_word' id='word_1_231' title='bbox 946 4280 1067 4342; x_wconf 83' lang='lat' dir='ltr'><strong>iratres</strong></span> 
     </span>
     <span class='ocr_line' id='line_1_40' title="bbox 273 4378 1066 4455; baseline -0.005 -12"><span class='ocrx_word' id='word_1_232' title='bbox 273 4381 451 4452; x_wconf 86' lang='lat' dir='ltr'><strong>carissimi,</strong></span> <span class='ocrx_word' id='word_1_233' title='bbox 471 4395 514 4443; x_wconf 84' lang='lat' dir='ltr'><strong>ex</strong></span> <span class='ocrx_word' id='word_1_234' title='bbox 535 4378 699 4444; x_wconf 82' lang='lat' dir='ltr'><strong>munditia</strong></span> <span class='ocrx_word' id='word_1_235' title='bbox 721 4378 843 4453; x_wconf 81' lang='lat' dir='ltr'><strong>cordia,</strong></span> <span class='ocrx_word' id='word_1_236' title='bbox 865 4382 899 4441; x_wconf 89' lang='lat' dir='ltr'><strong>et</strong></span> <span class='ocrx_word' id='word_1_237' title='bbox 921 4379 1066 4455; x_wconf 87' lang='lat' dir='ltr'><strong>puritate</strong></span> 
     </span>
     <span class='ocr_line' id='line_1_41' title="bbox 272 4476 1066 4554; baseline -0.005 -14"><span class='ocrx_word' id='word_1_238' title='bbox 272 4478 434 4546; x_wconf 87' lang='lat' dir='ltr'><strong>orationis</strong></span> <span class='ocrx_word' id='word_1_239' title='bbox 455 4477 622 4542; x_wconf 78' lang='lat' dir='ltr'><strong>mutinum</strong></span> <span class='ocrx_word' id='word_1_240' title='bbox 645 4478 718 4539; x_wconf 81' lang='lat' dir='ltr'><strong>heac</strong></span> <span class='ocrx_word' id='word_1_241' title='bbox 741 4477 859 4540; x_wconf 85' lang='lat' dir='ltr'><strong>laetitia</strong></span> <span class='ocrx_word' id='word_1_242' title='bbox 880 4476 1066 4554; x_wconf 88' lang='lat' dir='ltr'><strong>spiritualis</strong></span> 
     </span>
     <span class='ocr_line' id='line_1_42' title="bbox 272 4574 1066 4651; baseline -0.005 -13"><span class='ocrx_word' id='word_1_243' title='bbox 272 4576 390 4649; x_wconf 86' lang='lat' dir='ltr'><strong>oritur,</strong></span> <span class='ocrx_word' id='word_1_244' title='bbox 410 4575 499 4641; x_wconf 86' lang='lat' dir='ltr'><strong>cirus</strong></span> <span class='ocrx_word' id='word_1_245' title='bbox 514 4574 574 4636; x_wconf 90' lang='lat' dir='ltr'><strong>illa</strong></span> <span class='ocrx_word' id='word_1_246' title='bbox 588 4574 653 4637; x_wconf 92' lang='lat' dir='ltr'><strong>duo</strong></span> <span class='ocrx_word' id='word_1_247' title='bbox 668 4574 869 4651; x_wconf 78' lang='lat' dir='ltr'><strong>acquirenda</strong></span> <span class='ocrx_word' id='word_1_248' title='bbox 891 4574 1066 4651; x_wconf 86' lang='lat' dir='ltr'><strong>principa·</strong></span> 
     </span>
     <span class='ocr_line' id='line_1_43' title="bbox 272 4671 1064 4747; baseline -0.001 -13"><span class='ocrx_word' id='word_1_249' title='bbox 272 4673 349 4738; x_wconf 84' lang='lat' dir='ltr'><strong>liter</strong></span> <span class='ocrx_word' id='word_1_250' title='bbox 375 4673 426 4733; x_wconf 88' lang='lat' dir='ltr'><strong>est</strong></span> <span class='ocrx_word' id='word_1_251' title='bbox 450 4671 659 4744; x_wconf 87' lang='lat' dir='ltr'><strong>studendum,</strong></span> <span class='ocrx_word' id='word_1_252' title='bbox 695 4673 732 4733; x_wconf 92' lang='lat' dir='ltr'><strong>ut</strong></span> <span class='ocrx_word' id='word_1_253' title='bbox 755 4671 863 4747; x_wconf 87' lang='lat' dir='ltr'><strong>ipsam</strong></span> <span class='ocrx_word' id='word_1_254' title='bbox 900 4671 1064 4745; x_wconf 71' lang='lat' dir='ltr'><strong>laetitiam,</strong></span> 
     </span>
     <span class='ocr_line' id='line_1_44' title="bbox 272 4766 1066 4848; baseline -0.005 -14"><span class='ocrx_word' id='word_1_255' title='bbox 272 4786 372 4848; x_wconf 81' lang='lat' dir='ltr'><strong>quam</strong></span> <span class='ocrx_word' id='word_1_256' title='bbox 386 4769 421 4830; x_wconf 89' lang='lat' dir='ltr'><strong>iu</strong></span> <span class='ocrx_word' id='word_1_257' title='bbox 440 4783 493 4832; x_wconf 88' lang='lat' dir='ltr'><strong>me</strong></span> <span class='ocrx_word' id='word_1_258' title='bbox 514 4767 605 4830; x_wconf 90' lang='lat' dir='ltr'><strong>etin</strong></span> <span class='ocrx_word' id='word_1_259' title='bbox 625 4766 720 4828; x_wconf 79' lang='lat' dir='ltr'><strong>vobis</strong></span> <span class='ocrx_word' id='word_1_260' title='bbox 743 4769 841 4844; x_wconf 85' lang='lat' dir='ltr'><strong>cupio</strong></span> <span class='ocrx_word' id='word_1_261' title='bbox 865 4783 993 4830; x_wconf 78' lang='lat' dir='ltr'><strong>mmmo</strong></span> <span class='ocrx_word' id='word_1_262' title='bbox 1012 4768 1066 4830; x_wconf 81' lang='lat' dir='ltr'><strong>ai-</strong></span> 
     </span>
     <span class='ocr_line' id='line_1_45' title="bbox 273 4862 1066 4942; baseline -0.003 -15"><span class='ocrx_word' id='word_1_263' title='bbox 273 4866 372 4939; x_wconf 74' lang='lat' dir='ltr'><strong>recu,</strong></span> <span class='ocrx_word' id='word_1_264' title='bbox 395 4865 429 4926; x_wconf 89' lang='lat' dir='ltr'><strong>et</strong></span> <span class='ocrx_word' id='word_1_265' title='bbox 446 4862 548 4938; x_wconf 79' lang='lat' dir='ltr'><strong>diligo</strong></span> <span class='ocrx_word' id='word_1_266' title='bbox 563 4878 701 4924; x_wconf 89' lang='lat' dir='ltr'><strong>cernere</strong></span> <span class='ocrx_word' id='word_1_267' title='bbox 722 4865 758 4924; x_wconf 90' lang='lat' dir='ltr'><strong>et</strong></span> <span class='ocrx_word' id='word_1_268' title='bbox 774 4865 912 4938; x_wconf 89' lang='lat' dir='ltr'><strong>sentire,</strong></span> <span class='ocrx_word' id='word_1_269' title='bbox 929 4865 1066 4942; x_wconf 87' lang='lat' dir='ltr'><strong>possitis</strong></span> 
     </span>
     <span class='ocr_line' id='line_1_46' title="bbox 274 4958 1065 5030; baseline -0.003 -6"><span class='ocrx_word' id='word_1_270' title='bbox 274 4963 398 5030; x_wconf 86' lang='lat' dir='ltr'><strong>babere</strong></span> <span class='ocrx_word' id='word_1_271' title='bbox 421 4958 564 5024; x_wconf 87' lang='lat' dir='ltr'><strong>interius</strong></span> <span class='ocrx_word' id='word_1_272' title='bbox 597 4959 630 5020; x_wconf 92' lang='lat' dir='ltr'><strong>et</strong></span> <span class='ocrx_word' id='word_1_273' title='bbox 664 4959 811 5021; x_wconf 77' lang='lat' dir='ltr'><strong>exterius</strong></span> <span class='ocrx_word' id='word_1_274' title='bbox 839 4961 882 5021; x_wconf 86' lang='lat' dir='ltr'><strong>ad</strong></span> <span class='ocrx_word' id='word_1_275' title='bbox 916 4962 1065 5022; x_wconf 80' lang='lat' dir='ltr'><strong>aedifica-</strong></span> 
     </span>
     <span class='ocr_line' id='line_1_47' title="bbox 272 5054 1065 5133; baseline -0.003 -13"><span class='ocrx_word' id='word_1_276' title='bbox 272 5059 398 5126; x_wconf 81' lang='lat' dir='ltr'><strong>tionem</strong></span> <span class='ocrx_word' id='word_1_277' title='bbox 417 5054 573 5133; x_wconf 80' lang='lat' dir='ltr'><strong>proximi,</strong></span> <span class='ocrx_word' id='word_1_278' title='bbox 587 5056 621 5116; x_wconf 88' lang='lat' dir='ltr'><strong>et</strong></span> <span class='ocrx_word' id='word_1_279' title='bbox 635 5055 837 5133; x_wconf 79' lang='lat' dir='ltr'><strong>vituperium</strong></span> <span class='ocrx_word' id='word_1_280' title='bbox 854 5057 995 5118; x_wconf 83' lang='lat' dir='ltr'><strong>inimici.</strong></span> <span class='ocrx_word' id='word_1_281' title='bbox 1016 5059 1065 5120; x_wconf 85' lang='lat' dir='ltr'><strong>Ad</strong></span> 
     </span>
     <span class='ocr_line' id='line_1_48' title="bbox 273 5142 1065 5232; baseline 0.006 -18"><span class='ocrx_word' id='word_1_282' title='bbox 273 5155 382 5230; x_wconf 87' lang='lat' dir='ltr'><strong>ipsum</strong></span> <span class='ocrx_word' id='word_1_283' title='bbox 407 5152 507 5221; x_wconf 77' lang='lat' dir='ltr'><strong>onim,</strong></span> <span class='ocrx_word' id='word_1_284' title='bbox 535 5153 570 5214; x_wconf 89' lang='lat' dir='ltr'><strong>et</strong></span> <span class='ocrx_word' id='word_1_285' title='bbox 592 5152 633 5213; x_wconf 89' lang='lat' dir='ltr'><strong>ad</strong></span> <span class='ocrx_word' id='word_1_286' title='bbox 659 5142 817 5214; x_wconf 77' lang='lat' dir='ltr'><strong>membra</strong></span> <span class='ocrx_word' id='word_1_287' title='bbox 833 5156 906 5230; x_wconf 90' lang='lat' dir='ltr'><strong>ejus</strong></span> <span class='ocrx_word' id='word_1_288' title='bbox 936 5157 1065 5232; x_wconf 86' lang='lat' dir='ltr'><strong>oportet</strong></span> 
     </span>
     <span class='ocr_line' id='line_1_49' title="bbox 273 5249 1064 5329; baseline 0.005 -17"><span class='ocrx_word' id='word_1_289' title='bbox 273 5250 474 5320; x_wconf 86' lang='lat' dir='ltr'><strong>contristari,</strong></span> <span class='ocrx_word' id='word_1_290' title='bbox 491 5249 533 5310; x_wconf 91' lang='lat' dir='ltr'><strong>ad</strong></span> <span class='ocrx_word' id='word_1_291' title='bbox 552 5263 613 5311; x_wconf 90' lang='lat' dir='ltr'><strong>nos</strong></span> <span class='ocrx_word' id='word_1_292' title='bbox 633 5253 743 5312; x_wconf 87' lang='lat' dir='ltr'><strong>antem</strong></span> <span class='ocrx_word' id='word_1_293' title='bbox 760 5249 866 5313; x_wconf 87' lang='lat' dir='ltr'><strong>laetari</strong></span> <span class='ocrx_word' id='word_1_294' title='bbox 885 5267 1015 5329; x_wconf 88' lang='lat' dir='ltr'><strong>semper</strong></span> <span class='ocrx_word' id='word_1_295' title='bbox 1028 5254 1064 5315; x_wconf 91' lang='lat' dir='ltr'><strong>in</strong></span> 
     </span>
     <span class='ocr_line' id='line_1_50' title="bbox 274 5347 646 5423; baseline -0.008 -15"><span class='ocrx_word' id='word_1_296' title='bbox 274 5347 425 5420; x_wconf 88' lang='lat' dir='ltr'><strong>Domino,</strong></span> <span class='ocrx_word' id='word_1_297' title='bbox 441 5348 474 5408; x_wconf 90' lang='lat' dir='ltr'><strong>et</strong></span> <span class='ocrx_word' id='word_1_298' title='bbox 487 5347 646 5423; x_wconf 88' lang='lat' dir='ltr'><strong>gaudere.</strong></span> 
     </span>
    </p>
   </div>
   <div class='ocr_carea' id='block_1_6' title="bbox 672 262 1447 329">
    <p class='ocr_par' dir='ltr' id='par_1_6' title="bbox 672 262 1447 329">
     <span class='ocr_line' id='line_1_51' title="bbox 672 262 1447 329; baseline -0.006 0"><span class='ocrx_word' id='word_1_299' title='bbox 672 269 704 328; x_wconf 86' lang='lat' dir='ltr'><strong>S.</strong></span> <span class='ocrx_word' id='word_1_300' title='bbox 728 268 949 329; x_wconf 82' lang='lat' dir='ltr'>FRANGISCI</span> <span class='ocrx_word' id='word_1_301' title='bbox 969 266 1195 327; x_wconf 75' lang='lat' dir='ltr'><strong>asstsln‘rls</strong></span> <span class='ocrx_word' id='word_1_302' title='bbox 1217 262 1447 327; x_wconf 75' lang='lat' dir='ltr'>OPUSCULA.</span> 
     </span>
    </p>
   </div>
   <div class='ocr_carea' id='block_1_7' title="bbox 1747 266 1872 330">
    <p class='ocr_par' dir='ltr' id='par_1_7' title="bbox 1747 266 1872 330">
     <span class='ocr_line' id='line_1_52' title="bbox 1747 266 1872 330; baseline -0.008 1"><span class='ocrx_word' id='word_1_303' title='bbox 1747 266 1872 330; x_wconf 72' lang='lat' dir='ltr'><strong>vitti</strong></span> 
     </span>
    </p>
   </div>
   <div class='ocr_carea' id='block_1_8' title="bbox 1363 402 1778 485">
    <p class='ocr_par' dir='ltr' id='par_1_8' title="bbox 1363 402 1778 485">
     <span class='ocr_line' id='line_1_53' title="bbox 1363 402 1778 485; baseline -0.007 0"><span class='ocrx_word' id='word_1_304' title='bbox 1363 424 1565 485; x_wconf 75' lang='lat' dir='ltr'><strong>concarro</strong></span> <span class='ocrx_word' id='word_1_305' title='bbox 1589 424 1661 484; x_wconf 84' lang='lat' dir='ltr'><strong>xu.</strong></span> <span class='ocrx_word' id='word_1_306' title='bbox 1773 402 1778 403; x_wconf 38' lang='lat'><em>*</em></span> 
     </span>
    </p>
   </div>
   <div class='ocr_carea' id='block_1_9' title="bbox 1170 565 1835 738">
    <p class='ocr_par' dir='ltr' id='par_1_9' title="bbox 1170 565 1835 738">
     <span class='ocr_line' id='line_1_54' title="bbox 1170 565 1835 641; baseline 0.002 -13"><span class='ocrx_word' id='word_1_307' title='bbox 1170 571 1220 628; x_wconf 86' lang='lat' dir='ltr'><strong>De</strong></span> <span class='ocrx_word' id='word_1_308' title='bbox 1238 566 1432 628; x_wconf 70' lang='lat' dir='ltr'><strong>bremttttctc</strong></span> <span class='ocrx_word' id='word_1_309' title='bbox 1453 565 1487 627; x_wconf 84' lang='lat' dir='ltr'><strong>et</strong></span> <span class='ocrx_word' id='word_1_310' title='bbox 1505 579 1593 638; x_wconf 79' lang='lat' dir='ltr'><strong>pace</strong></span> <span class='ocrx_word' id='word_1_311' title='bbox 1612 579 1694 641; x_wconf 79' lang='lat' dir='ltr'><strong>erpa</strong></span> <span class='ocrx_word' id='word_1_312' title='bbox 1714 569 1835 629; x_wconf 67' lang='lat' dir='ltr'><strong>coccos</strong></span> 
     </span>
     <span class='ocr_line' id='line_1_55' title="bbox 1422 664 1733 738; baseline 0 -15"><span class='ocrx_word' id='word_1_313' title='bbox 1422 664 1607 726; x_wconf 78' lang='lat' dir='ltr'><strong>servanda.</strong></span> <span class='ocrx_word' id='word_1_314' title='bbox 1725 730 1733 738; x_wconf 62' lang='grc'><strong><em>,</em></strong></span> 
     </span>
    </p>
   </div>
   <div class='ocr_carea' id='block_1_10' title="bbox 1120 813 1884 2543">
    <p class='ocr_par' dir='ltr' id='par_1_10' title="bbox 1120 813 1884 2543">
     <span class='ocr_line' id='line_1_56' title="bbox 1160 813 1876 890; baseline 0.003 -15"><span class='ocrx_word' id='word_1_315' title='bbox 1160 816 1197 875; x_wconf 90' lang='lat' dir='ltr'><strong>ln</strong></span> <span class='ocrx_word' id='word_1_316' title='bbox 1223 813 1425 890; x_wconf 89' lang='lat' dir='ltr'><strong>adjutorium</strong></span> <span class='ocrx_word' id='word_1_317' title='bbox 1455 813 1652 874; x_wconf 86' lang='lat' dir='ltr'><strong>clericorum</strong></span> <span class='ocrx_word' id='word_1_318' title='bbox 1673 813 1760 874; x_wconf 88' lang='lat' dir='ltr'><strong>missi</strong></span> <span class='ocrx_word' id='word_1_319' title='bbox 1778 830 1876 886; x_wconf 86' lang='lat' dir='ltr'><strong>sumus,</strong></span> 
     </span>
     <span class='ocr_line' id='line_1_57' title="bbox 1120 911 1875 988; baseline 0 -15"><span class='ocrx_word' id='word_1_320' title='bbox 1120 912 1240 973; x_wconf 83' lang='lat' dir='ltr'><strong>iratres</strong></span> <span class='ocrx_word' id='word_1_321' title='bbox 1269 911 1445 980; x_wconf 86' lang='lat' dir='ltr'><strong>carissimi,</strong></span> <span class='ocrx_word' id='word_1_322' title='bbox 1473 911 1514 971; x_wconf 87' lang='lat' dir='ltr'><strong>ad</strong></span> <span class='ocrx_word' id='word_1_323' title='bbox 1541 911 1724 971; x_wconf 86' lang='lat' dir='ltr'><strong>animarum</strong></span> <span class='ocrx_word' id='word_1_324' title='bbox 1744 911 1875 988; x_wconf 69' lang='lat' dir='ltr'><strong>salutem</strong></span> 
     </span>
     <span class='ocr_line' id='line_1_58' title="bbox 1121 1007 1877 1086; baseline 0.001 -16"><span class='ocrx_word' id='word_1_325' title='bbox 1121 1013 1156 1071; x_wconf 91' lang='lat' dir='ltr'><strong>nt</strong></span> <span class='ocrx_word' id='word_1_326' title='bbox 1172 1008 1258 1086; x_wconf 87' lang='lat' dir='ltr'><strong>quod</strong></span> <span class='ocrx_word' id='word_1_327' title='bbox 1280 1009 1315 1069; x_wconf 88' lang='lat' dir='ltr'><strong>in</strong></span> <span class='ocrx_word' id='word_1_328' title='bbox 1337 1008 1406 1068; x_wconf 89' lang='lat' dir='ltr'><strong>illis</strong></span> <span class='ocrx_word' id='word_1_329' title='bbox 1429 1007 1597 1071; x_wconf 83' lang='lat' dir='ltr'><strong>invenitur</strong></span> <span class='ocrx_word' id='word_1_330' title='bbox 1611 1008 1728 1079; x_wconf 88' lang='lat' dir='ltr'><strong>minus,</strong></span> <span class='ocrx_word' id='word_1_331' title='bbox 1749 1011 1877 1086; x_wconf 88' lang='lat' dir='ltr'><strong>supplea-</strong></span> 
     </span>
     <span class='ocr_line' id='line_1_59' title="bbox 1120 1104 1877 1181; baseline -0.003 -12"><span class='ocrx_word' id='word_1_332' title='bbox 1120 1110 1176 1169; x_wconf 87' lang='lat' dir='ltr'><strong>tur</strong></span> <span class='ocrx_word' id='word_1_333' title='bbox 1202 1123 1222 1168; x_wconf 83' lang='grc' dir='ltr'><strong>θ</strong></span> <span class='ocrx_word' id='word_1_334' title='bbox 1247 1106 1354 1168; x_wconf 85' lang='lat' dir='ltr'><strong>nobis.</strong></span> <span class='ocrx_word' id='word_1_335' title='bbox 1385 1104 1530 1177; x_wconf 87' lang='lat' dir='ltr'><strong>Quilibet</strong></span> <span class='ocrx_word' id='word_1_336' title='bbox 1553 1104 1694 1181; x_wconf 88' lang='lat' dir='ltr'><strong>recipiet</strong></span> <span class='ocrx_word' id='word_1_337' title='bbox 1714 1106 1877 1177; x_wconf 86' lang='lat' dir='ltr'><strong>mercedem,</strong></span> 
     </span>
     <span class='ocr_line' id='line_1_60' title="bbox 1120 1202 1877 1273; baseline -0.001 -6"><span class='ocrx_word' id='word_1_338' title='bbox 1120 1221 1186 1267; x_wconf 93' lang='lat' dir='ltr'><strong>non</strong></span> <span class='ocrx_word' id='word_1_339' title='bbox 1199 1204 1381 1266; x_wconf 86' lang='lat' dir='ltr'><strong>secundum</strong></span> <span class='ocrx_word' id='word_1_340' title='bbox 1400 1204 1644 1273; x_wconf 85' lang='lat' dir='ltr'><strong>auctoritatem,</strong></span> <span class='ocrx_word' id='word_1_341' title='bbox 1657 1202 1713 1263; x_wconf 89' lang='lat' dir='ltr'><strong>sed</strong></span> <span class='ocrx_word' id='word_1_342' title='bbox 1728 1205 1877 1267; x_wconf 87' lang='lat' dir='ltr'><strong>secundun</strong></span> 
     </span>
     <span class='ocr_line' id='line_1_61' title="bbox 1120 1299 1878 1377; baseline -0.003 -14"><span class='ocrx_word' id='word_1_343' title='bbox 1120 1302 1279 1364; x_wconf 90' lang='lat' dir='ltr'><strong>laborem.</strong></span> <span class='ocrx_word' id='word_1_344' title='bbox 1295 1301 1429 1372; x_wconf 86' lang='lat' dir='ltr'><strong>Scitote,</strong></span> <span class='ocrx_word' id='word_1_345' title='bbox 1445 1299 1578 1371; x_wconf 84' lang='lat' dir='ltr'><strong>tratres,</strong></span> <span class='ocrx_word' id='word_1_346' title='bbox 1593 1299 1680 1377; x_wconf 89' lang='lat' dir='ltr'><strong>quod</strong></span> <span class='ocrx_word' id='word_1_347' title='bbox 1694 1302 1757 1363; x_wconf 88' lang='lat' dir='ltr'><strong>Deo</strong></span> <span class='ocrx_word' id='word_1_348' title='bbox 1771 1303 1814 1361; x_wconf 86' lang='lat' dir='ltr'><strong>est</strong></span> <span class='ocrx_word' id='word_1_349' title='bbox 1824 1317 1878 1377; x_wconf 90' lang='lat' dir='ltr'><strong>gra·</strong></span> 
     </span>
     <span class='ocr_line' id='line_1_62' title="bbox 1120 1398 1879 1475; baseline 0 -15"><span class='ocrx_word' id='word_1_350' title='bbox 1120 1401 1284 1461; x_wconf 88' lang='lat' dir='ltr'><strong>tissimum</strong></span> <span class='ocrx_word' id='word_1_351' title='bbox 1304 1399 1491 1460; x_wconf 87' lang='lat' dir='ltr'><strong>animarum</strong></span> <span class='ocrx_word' id='word_1_352' title='bbox 1508 1399 1648 1459; x_wconf 84' lang='lat' dir='ltr'><strong>lucrum.</strong></span> <span class='ocrx_word' id='word_1_353' title='bbox 1666 1399 1734 1459; x_wconf 86' lang='lat' dir='ltr'><strong>lice</strong></span> <span class='ocrx_word' id='word_1_354' title='bbox 1751 1398 1879 1475; x_wconf 83' lang='lat' dir='ltr'><strong>consequi</strong></span> 
     </span>
     <span class='ocr_line' id='line_1_63' title="bbox 1120 1494 1877 1574; baseline -0.005 -16"><span class='ocrx_word' id='word_1_355' title='bbox 1120 1498 1241 1559; x_wconf 88' lang='lat' dir='ltr'><strong>melius</strong></span> <span class='ocrx_word' id='word_1_356' title='bbox 1266 1511 1441 1574; x_wconf 81' lang='lat' dir='ltr'><strong>possumus</strong></span> <span class='ocrx_word' id='word_1_357' title='bbox 1475 1511 1551 1556; x_wconf 91' lang='lat' dir='ltr'><strong>cum</strong></span> <span class='ocrx_word' id='word_1_358' title='bbox 1585 1510 1669 1572; x_wconf 88' lang='lat' dir='ltr'><strong>pace</strong></span> <span class='ocrx_word' id='word_1_359' title='bbox 1702 1494 1877 1565; x_wconf 88' lang='lat' dir='ltr'><strong>elericorum,</strong></span> 
     </span>
     <span class='ocr_line' id='line_1_64' title="bbox 1120 1591 1878 1672; baseline -0.005 -17"><span class='ocrx_word' id='word_1_360' title='bbox 1120 1610 1218 1672; x_wconf 82' lang='lat' dir='ltr'><strong>quam</strong></span> <span class='ocrx_word' id='word_1_361' title='bbox 1231 1610 1305 1655; x_wconf 90' lang='lat' dir='ltr'><strong>cum</strong></span> <span class='ocrx_word' id='word_1_362' title='bbox 1321 1592 1499 1655; x_wconf 87' lang='lat' dir='ltr'><strong>discordia.</strong></span> <span class='ocrx_word' id='word_1_363' title='bbox 1517 1593 1552 1653; x_wconf 82' lang='lat' dir='ltr'><strong>Si</strong></span> <span class='ocrx_word' id='word_1_364' title='bbox 1565 1594 1678 1657; x_wconf 87' lang='lat' dir='ltr'><strong>autem</strong></span> <span class='ocrx_word' id='word_1_365' title='bbox 1692 1591 1753 1669; x_wconf 89' lang='lat' dir='ltr'><strong>ipsi</strong></span> <span class='ocrx_word' id='word_1_366' title='bbox 1768 1592 1878 1652; x_wconf 85' lang='lat' dir='ltr'><strong>salutem</strong></span> 
     </span>
     <span class='ocr_line' id='line_1_65' title="bbox 1121 1688 1880 1770; baseline -0.005 -17"><span class='ocrx_word' id='word_1_367' title='bbox 1121 1692 1313 1770; x_wconf 87' lang='lat' dir='ltr'><strong>impediunt,</strong></span> <span class='ocrx_word' id='word_1_368' title='bbox 1334 1692 1394 1753; x_wconf 83' lang='lat' dir='ltr'><strong>Del</strong></span> <span class='ocrx_word' id='word_1_369' title='bbox 1420 1692 1470 1753; x_wconf 82' lang='lat' dir='ltr'><strong>est</strong></span> <span class='ocrx_word' id='word_1_370' title='bbox 1493 1691 1587 1761; x_wconf 90' lang='lat' dir='ltr'><strong>ultio,</strong></span> <span class='ocrx_word' id='word_1_371' title='bbox 1605 1688 1638 1751; x_wconf 92' lang='lat' dir='ltr'><strong>et</strong></span> <span class='ocrx_word' id='word_1_372' title='bbox 1661 1690 1733 1767; x_wconf 90' lang='lat' dir='ltr'><strong>ipse</strong></span> <span class='ocrx_word' id='word_1_373' title='bbox 1749 1688 1880 1751; x_wconf 86' lang='lat' dir='ltr'><strong>retribuet</strong></span> 
     </span>
     <span class='ocr_line' id='line_1_66' title="bbox 1120 1785 1881 1866; baseline -0.008 -14"><span class='ocrx_word' id='word_1_374' title='bbox 1120 1791 1170 1851; x_wconf 88' lang='lat' dir='ltr'><strong>ais</strong></span> <span class='ocrx_word' id='word_1_375' title='bbox 1184 1791 1220 1851; x_wconf 92' lang='lat' dir='ltr'><strong>in</strong></span> <span class='ocrx_word' id='word_1_376' title='bbox 1232 1791 1391 1866; x_wconf 81' lang='lat' dir='ltr'><strong>tempore</strong></span> <span class='ocrx_word' id='word_1_377' title='bbox 1405 1788 1547 1866; x_wconf 86' lang='lat' dir='ltr'><strong>Ideoque</strong></span> <span class='ocrx_word' id='word_1_378' title='bbox 1556 1790 1664 1849; x_wconf 88' lang='lat' dir='ltr'><strong>estote</strong></span> <span class='ocrx_word' id='word_1_379' title='bbox 1675 1785 1805 1863; x_wconf 84' lang='lat' dir='ltr'><strong>subjecti</strong></span> <span class='ocrx_word' id='word_1_380' title='bbox 1816 1801 1881 1862; x_wconf 80' lang='lat' dir='ltr'><strong>pre-</strong></span> 
     </span>
     <span class='ocr_line' id='line_1_67' title="bbox 1121 1881 1881 1964; baseline -0.009 -16"><span class='ocrx_word' id='word_1_381' title='bbox 1121 1888 1209 1960; x_wconf 89' lang='lat' dir='ltr'><strong>latis,</strong></span> <span class='ocrx_word' id='word_1_382' title='bbox 1226 1903 1279 1959; x_wconf 92' lang='lat' dir='ltr'><strong>ne,</strong></span> <span class='ocrx_word' id='word_1_383' title='bbox 1296 1890 1455 1964; x_wconf 84' lang='lat' dir='ltr'><strong>quantum</strong></span> <span class='ocrx_word' id='word_1_384' title='bbox 1468 1902 1511 1946; x_wconf 82' lang='lat' dir='ltr'><strong>ex</strong></span> <span class='ocrx_word' id='word_1_385' title='bbox 1524 1884 1620 1947; x_wconf 82' lang='lat' dir='ltr'><strong>vobis</strong></span> <span class='ocrx_word' id='word_1_386' title='bbox 1630 1887 1693 1956; x_wconf 87' lang='lat' dir='ltr'><strong>est,</strong></span> <span class='ocrx_word' id='word_1_387' title='bbox 1703 1883 1801 1946; x_wconf 90' lang='lat' dir='ltr'><strong>malus</strong></span> <span class='ocrx_word' id='word_1_388' title='bbox 1813 1881 1881 1943; x_wconf 84' lang='lat' dir='ltr'><strong>relus</strong></span> 
     </span>
     <span class='ocr_line' id='line_1_68' title="bbox 1120 1978 1883 2061; baseline -0.01 -15"><span class='ocrx_word' id='word_1_389' title='bbox 1120 1985 1309 2061; x_wconf 87' lang='lat' dir='ltr'><strong>consurgat.</strong></span> <span class='ocrx_word' id='word_1_390' title='bbox 1334 1984 1369 2046; x_wconf 83' lang='lat' dir='ltr'><strong>si</strong></span> <span class='ocrx_word' id='word_1_391' title='bbox 1391 1983 1451 2043; x_wconf 86' lang='lat' dir='ltr'><strong>tilii</strong></span> <span class='ocrx_word' id='word_1_392' title='bbox 1471 1983 1564 2060; x_wconf 90' lang='lat' dir='ltr'><strong>pacis</strong></span> <span class='ocrx_word' id='word_1_393' title='bbox 1585 1981 1728 2053; x_wconf 79' lang='lat' dir='ltr'><strong>fueritis,</strong></span> <span class='ocrx_word' id='word_1_394' title='bbox 1745 1978 1883 2043; x_wconf 89' lang='lat' dir='ltr'><strong>clerumet</strong></span> 
     </span>
     <span class='ocr_line' id='line_1_69' title="bbox 1121 2076 1882 2159; baseline -0.012 -16"><span class='ocrx_word' id='word_1_395' title='bbox 1121 2082 1277 2159; x_wconf 91' lang='lat' dir='ltr'><strong>populum</strong></span> <span class='ocrx_word' id='word_1_396' title='bbox 1293 2079 1505 2145; x_wconf 88' lang='lat' dir='ltr'><strong>lucrabimini</strong></span> <span class='ocrx_word' id='word_1_397' title='bbox 1521 2101 1530 2140; x_wconf 74' lang='grc' dir='ltr'><strong>ε</strong></span> <span class='ocrx_word' id='word_1_398' title='bbox 1547 2080 1581 2143; x_wconf 84' lang='grc' dir='ltr'><strong>θῖ</strong></span> <span class='ocrx_word' id='word_1_399' title='bbox 1597 2078 1664 2143; x_wconf 86' lang='lat' dir='ltr'><strong>boc</strong></span> <span class='ocrx_word' id='word_1_400' title='bbox 1681 2076 1882 2155; x_wconf 85' lang='lat' dir='ltr'><strong>acceptabilius</strong></span> 
     </span>
     <span class='ocr_line' id='line_1_70' title="bbox 1121 2176 1883 2256; baseline -0.007 -17"><span class='ocrx_word' id='word_1_401' title='bbox 1121 2181 1188 2240; x_wconf 87' lang='lat' dir='ltr'><strong>Deo</strong></span> <span class='ocrx_word' id='word_1_402' title='bbox 1203 2179 1277 2249; x_wconf 90' lang='lat' dir='ltr'><strong>erit,</strong></span> <span class='ocrx_word' id='word_1_403' title='bbox 1292 2194 1389 2256; x_wconf 87' lang='lat' dir='ltr'><strong>quam</strong></span> <span class='ocrx_word' id='word_1_404' title='bbox 1403 2176 1559 2255; x_wconf 92' lang='lat' dir='ltr'><strong>populum</strong></span> <span class='ocrx_word' id='word_1_405' title='bbox 1575 2177 1696 2249; x_wconf 86' lang='lat' dir='ltr'><strong>solum,</strong></span> <span class='ocrx_word' id='word_1_406' title='bbox 1710 2176 1793 2238; x_wconf 87' lang='lat' dir='ltr'><strong>clero</strong></span> <span class='ocrx_word' id='word_1_407' title='bbox 1805 2188 1883 2235; x_wconf 87' lang='lat' dir='ltr'><strong>scan-</strong></span> 
     </span>
     <span class='ocr_line' id='line_1_71' title="bbox 1120 2267 1884 2350; baseline -0.01 -14"><span class='ocrx_word' id='word_1_408' title='bbox 1120 2276 1274 2348; x_wconf 80' lang='lat' dir='ltr'><strong>dalizato,</strong></span> <span class='ocrx_word' id='word_1_409' title='bbox 1286 2274 1421 2337; x_wconf 88' lang='lat' dir='ltr'><strong>lucrari.</strong></span> <span class='ocrx_word' id='word_1_410' title='bbox 1437 2275 1552 2350; x_wconf 77' lang='lat' dir='ltr'><strong>regite</strong></span> <span class='ocrx_word' id='word_1_411' title='bbox 1565 2290 1681 2335; x_wconf 85' lang='lat' dir='ltr'><strong>eorum</strong></span> <span class='ocrx_word' id='word_1_412' title='bbox 1698 2274 1812 2349; x_wconf 73' lang='lat' dir='ltr'><strong>lapsus</strong></span> <span class='ocrx_word' id='word_1_413' title='bbox 1824 2267 1884 2331; x_wconf 91' lang='lat' dir='ltr'><strong>mul·</strong></span> 
     </span>
     <span class='ocr_line' id='line_1_72' title="bbox 1120 2370 1884 2451; baseline -0.008 -15"><span class='ocrx_word' id='word_1_414' title='bbox 1120 2373 1251 2451; x_wconf 85' lang='lat' dir='ltr'><strong>tiplices</strong></span> <span class='ocrx_word' id='word_1_415' title='bbox 1276 2388 1391 2434; x_wconf 86' lang='lat' dir='ltr'><strong>eorum</strong></span> <span class='ocrx_word' id='word_1_416' title='bbox 1419 2372 1571 2448; x_wconf 87' lang='lat' dir='ltr'><strong>supplete</strong></span> <span class='ocrx_word' id='word_1_417' title='bbox 1600 2370 1884 2443; x_wconf 63' lang='lat' dir='ltr'><strong>detrectassem</strong></span> 
     </span>
     <span class='ocr_line' id='line_1_73' title="bbox 1121 2462 1707 2543; baseline -0.007 -10"><span class='ocrx_word' id='word_1_418' title='bbox 1121 2472 1193 2534; x_wconf 83' lang='lat' dir='ltr'><strong>haec</strong></span> <span class='ocrx_word' id='word_1_419' title='bbox 1205 2462 1364 2543; x_wconf 84' lang='lat' dir='ltr'><strong>feceritis,</strong></span> <span class='ocrx_word' id='word_1_420' title='bbox 1380 2470 1576 2533; x_wconf 87' lang='lat' dir='ltr'><strong>humiliores</strong></span> <span class='ocrx_word' id='word_1_421' title='bbox 1588 2470 1707 2533; x_wconf 87' lang='lat' dir='ltr'><strong>estote.</strong></span> 
     </span>
    </p>
   </div>
   <div class='ocr_carea' id='block_1_11' title="bbox 1253 2694 1769 2903">
    <p class='ocr_par' dir='ltr' id='par_1_11' title="bbox 1253 2694 1769 2903">
     <span class='ocr_line' id='line_1_74' title="bbox 1355 2694 1674 2757; baseline -0.003 -3"><span class='ocrx_word' id='word_1_422' title='bbox 1355 2694 1557 2757; x_wconf 71' lang='lat' dir='ltr'><strong>contario</strong></span> <span class='ocrx_word' id='word_1_423' title='bbox 1582 2694 1674 2754; x_wconf 86' lang='lat' dir='ltr'><strong>XIII.</strong></span> 
     </span>
     <span class='ocr_line' id='line_1_75' title="bbox 1253 2826 1769 2903; baseline -0.008 -15"><span class='ocrx_word' id='word_1_424' title='bbox 1253 2829 1303 2888; x_wconf 84' lang='lat' dir='ltr'><strong>De</strong></span> <span class='ocrx_word' id='word_1_425' title='bbox 1324 2828 1554 2903; x_wconf 80' lang='lat' dir='ltr'><strong>copncsecndo</strong></span> <span class='ocrx_word' id='word_1_426' title='bbox 1574 2840 1680 2889; x_wconf 80' lang='lat' dir='ltr'><strong>servo</strong></span> <span class='ocrx_word' id='word_1_427' title='bbox 1694 2826 1769 2887; x_wconf 83' lang='lat' dir='ltr'><strong>Det.</strong></span> 
     </span>
    </p>
   </div>
   <div class='ocr_carea' id='block_1_12' title="bbox 1121 2958 1886 3135">
    <p class='ocr_par' dir='ltr' id='par_1_12' title="bbox 1121 2958 1886 3135">
     <span class='ocr_line' id='line_1_76' title="bbox 1161 2958 1885 3038; baseline -0.01 -18"><span class='ocrx_word' id='word_1_428' title='bbox 1161 2961 1252 3021; x_wconf 86' lang='lat' dir='ltr'><strong>Heul</strong></span> <span class='ocrx_word' id='word_1_429' title='bbox 1269 2974 1368 3038; x_wconf 88' lang='lat' dir='ltr'><strong>quam</strong></span> <span class='ocrx_word' id='word_1_430' title='bbox 1382 2959 1505 3021; x_wconf 89' lang='lat' dir='ltr'><strong>bonum</strong></span> <span class='ocrx_word' id='word_1_431' title='bbox 1528 2961 1590 3031; x_wconf 87' lang='lat' dir='ltr'><strong>est,</strong></span> <span class='ocrx_word' id='word_1_432' title='bbox 1607 2958 1742 3030; x_wconf 73' lang='lat' dir='ltr'><strong>tratres,</strong></span> <span class='ocrx_word' id='word_1_433' title='bbox 1754 2958 1814 3018; x_wconf 83' lang='lat' dir='ltr'><strong>beo</strong></span> <span class='ocrx_word' id='word_1_434' title='bbox 1827 2968 1885 3014; x_wconf 88' lang='lat' dir='ltr'><strong>ser-</strong></span> 
     </span>
     <span class='ocr_line' id='line_1_77' title="bbox 1121 3048 1886 3135; baseline -0.014 -17"><span class='ocrx_word' id='word_1_435' title='bbox 1121 3057 1203 3120; x_wconf 81' lang='lat' dir='ltr'><strong>rlre.</strong></span> <span class='ocrx_word' id='word_1_436' title='bbox 1226 3058 1345 3119; x_wconf 85' lang='lat' dir='ltr'><strong>Melior</strong></span> <span class='ocrx_word' id='word_1_437' title='bbox 1362 3058 1415 3119; x_wconf 88' lang='grc' dir='ltr'><strong>θεῖ</strong></span> <span class='ocrx_word' id='word_1_438' title='bbox 1434 3056 1494 3118; x_wconf 84' lang='grc' dir='ltr'><strong>Ι)θὶ</strong></span> <span class='ocrx_word' id='word_1_439' title='bbox 1514 3056 1671 3130; x_wconf 79' lang='lat' dir='ltr'><strong>servitus,</strong></span> <span class='ocrx_word' id='word_1_440' title='bbox 1689 3071 1784 3135; x_wconf 86' lang='lat' dir='ltr'><strong>quam</strong></span> <span class='ocrx_word' id='word_1_441' title='bbox 1797 3048 1886 3114; x_wconf 88' lang='lat' dir='ltr'><strong>mundi</strong></span> 
     </span>
    </p>
   </div>
   <div class='ocr_carea' id='block_1_13' title="bbox 1120 3153 1893 4694">
    <p class='ocr_par' dir='ltr' id='par_1_13' title="bbox 1120 3153 1893 4694">
     <span class='ocr_line' id='line_1_78' title="bbox 1122 3153 1890 3232; baseline -0.012 -17"><span class='ocrx_word' id='word_1_442' title='bbox 1122 3154 1337 3231; x_wconf 89' lang='lat' dir='ltr'><strong>principatus.</strong></span> <span class='ocrx_word' id='word_1_443' title='bbox 1356 3154 1418 3216; x_wconf 87' lang='lat' dir='ltr'><strong>sed</strong></span> <span class='ocrx_word' id='word_1_444' title='bbox 1435 3155 1508 3232; x_wconf 85' lang='lat' dir='ltr'><strong>quis</strong></span> <span class='ocrx_word' id='word_1_445' title='bbox 1518 3156 1579 3221; x_wconf 90' lang='lat' dir='ltr'><strong>est,</strong></span> <span class='ocrx_word' id='word_1_446' title='bbox 1596 3155 1655 3232; x_wconf 80' lang='lat' dir='ltr'><strong>qul</strong></span> <span class='ocrx_word' id='word_1_447' title='bbox 1669 3153 1758 3216; x_wconf 80' lang='lat' dir='ltr'><strong>c‘erto</strong></span> <span class='ocrx_word' id='word_1_448' title='bbox 1772 3163 1890 3227; x_wconf 88' lang='lat' dir='ltr'><strong>cognos-</strong></span> 
     </span>
     <span class='ocr_line' id='line_1_79' title="bbox 1122 3244 1887 3312; baseline -0.008 -2"><span class='ocrx_word' id='word_1_449' title='bbox 1122 3250 1167 3312; x_wconf 90' lang='lat' dir='ltr'><strong>cit</strong></span> <span class='ocrx_word' id='word_1_450' title='bbox 1189 3266 1226 3311; x_wconf 88' lang='lat' dir='ltr'><strong>se</strong></span> <span class='ocrx_word' id='word_1_451' title='bbox 1247 3264 1322 3311; x_wconf 88' lang='lat' dir='ltr'><strong>esse</strong></span> <span class='ocrx_word' id='word_1_452' title='bbox 1346 3264 1478 3311; x_wconf 84' lang='lat' dir='ltr'><strong>serrum</strong></span> <span class='ocrx_word' id='word_1_453' title='bbox 1503 3251 1583 3311; x_wconf 85' lang='lat' dir='ltr'><strong>Deli</strong></span> <span class='ocrx_word' id='word_1_454' title='bbox 1601 3250 1698 3311; x_wconf 89' lang='lat' dir='ltr'><strong>Nihil</strong></span> <span class='ocrx_word' id='word_1_455' title='bbox 1720 3244 1887 3312; x_wconf 82' lang='lat' dir='ltr'><strong>malinsest</strong></span> 
     </span>
     <span class='ocr_line' id='line_1_80' title="bbox 1121 3340 1889 3425; baseline -0.012 -16"><span class='ocrx_word' id='word_1_456' title='bbox 1121 3364 1220 3425; x_wconf 88' lang='lat' dir='ltr'><strong>quam</strong></span> <span class='ocrx_word' id='word_1_457' title='bbox 1232 3362 1306 3408; x_wconf 86' lang='lat' dir='ltr'><strong>esse</strong></span> <span class='ocrx_word' id='word_1_458' title='bbox 1324 3361 1458 3408; x_wconf 81' lang='lat' dir='ltr'><strong>servum</strong></span> <span class='ocrx_word' id='word_1_459' title='bbox 1473 3349 1544 3419; x_wconf 87' lang='lat' dir='ltr'><strong>Dei,</strong></span> <span class='ocrx_word' id='word_1_460' title='bbox 1561 3348 1646 3409; x_wconf 89' lang='lat' dir='ltr'><strong>nibil</strong></span> <span class='ocrx_word' id='word_1_461' title='bbox 1661 3350 1772 3412; x_wconf 88' lang='lat' dir='ltr'><strong>tamen</strong></span> <span class='ocrx_word' id='word_1_462' title='bbox 1788 3340 1889 3405; x_wconf 83' lang='lat' dir='ltr'><strong>diffici-</strong></span> 
     </span>
     <span class='ocr_line' id='line_1_81' title="bbox 1121 3434 1890 3521; baseline -0.009 -15"><span class='ocrx_word' id='word_1_463' title='bbox 1121 3446 1186 3506; x_wconf 90' lang='lat' dir='ltr'><strong>lius</strong></span> <span class='ocrx_word' id='word_1_464' title='bbox 1211 3445 1261 3506; x_wconf 88' lang='lat' dir='ltr'><strong>est</strong></span> <span class='ocrx_word' id='word_1_465' title='bbox 1281 3443 1408 3506; x_wconf 87' lang='lat' dir='ltr'><strong>bomini</strong></span> <span class='ocrx_word' id='word_1_466' title='bbox 1423 3445 1513 3506; x_wconf 91' lang='lat' dir='ltr'><strong>certo</strong></span> <span class='ocrx_word' id='word_1_467' title='bbox 1532 3460 1748 3521; x_wconf 77' lang='lat' dir='ltr'><strong>cognoscere,</strong></span> <span class='ocrx_word' id='word_1_468' title='bbox 1772 3434 1890 3519; x_wconf 86' lang='lat' dir='ltr'><strong>quamsi</strong></span> 
     </span>
     <span class='ocr_line' id='line_1_82' title="bbox 1121 3541 1890 3620; baseline -0.013 -15"><span class='ocrx_word' id='word_1_469' title='bbox 1121 3544 1172 3605; x_wconf 86' lang='lat' dir='ltr'><strong>est</strong></span> <span class='ocrx_word' id='word_1_470' title='bbox 1192 3543 1251 3605; x_wconf 87' lang='lat' dir='ltr'><strong>Dei</strong></span> <span class='ocrx_word' id='word_1_471' title='bbox 1265 3557 1393 3616; x_wconf 81' lang='lat' dir='ltr'><strong>servus,</strong></span> <span class='ocrx_word' id='word_1_472' title='bbox 1410 3543 1463 3604; x_wconf 86' lang='lat' dir='ltr'><strong>vel</strong></span> <span class='ocrx_word' id='word_1_473' title='bbox 1478 3544 1617 3604; x_wconf 89' lang='lat' dir='ltr'><strong>amicus.</strong></span> <span class='ocrx_word' id='word_1_474' title='bbox 1640 3546 1712 3620; x_wconf 81' lang='lat' dir='ltr'><strong>Ego</strong></span> <span class='ocrx_word' id='word_1_475' title='bbox 1723 3541 1811 3604; x_wconf 81' lang='lat' dir='ltr'><strong>vobis</strong></span> <span class='ocrx_word' id='word_1_476' title='bbox 1824 3551 1890 3599; x_wconf 90' lang='lat' dir='ltr'><strong>con-</strong></span> 
     </span>
     <span class='ocr_line' id='line_1_83' title="bbox 1122 3629 1889 3719; baseline -0.009 -18"><span class='ocrx_word' id='word_1_477' title='bbox 1122 3640 1227 3714; x_wconf 75' lang='lat' dir='ltr'><strong>fiteor,</strong></span> <span class='ocrx_word' id='word_1_478' title='bbox 1264 3641 1351 3719; x_wconf 86' lang='lat' dir='ltr'><strong>quod</strong></span> <span class='ocrx_word' id='word_1_479' title='bbox 1385 3641 1502 3718; x_wconf 85' lang='lat' dir='ltr'><strong>rogavi</strong></span> <span class='ocrx_word' id='word_1_480' title='bbox 1537 3640 1728 3714; x_wconf 84' lang='lat' dir='ltr'><strong>Dominum,</strong></span> <span class='ocrx_word' id='word_1_481' title='bbox 1762 3638 1797 3700; x_wconf 90' lang='lat' dir='ltr'><strong>ut</strong></span> <span class='ocrx_word' id='word_1_482' title='bbox 1826 3629 1889 3695; x_wconf 84' lang='lat' dir='ltr'><strong>mibi</strong></span> 
     </span>
     <span class='ocr_line' id='line_1_84' title="bbox 1121 3738 1890 3815; baseline -0.007 -17"><span class='ocrx_word' id='word_1_483' title='bbox 1121 3739 1315 3814; x_wconf 81' lang='lat' dir='ltr'><strong>dignaretur</strong></span> <span class='ocrx_word' id='word_1_484' title='bbox 1342 3739 1516 3801; x_wconf 87' lang='lat' dir='ltr'><strong>ostendere</strong></span> <span class='ocrx_word' id='word_1_485' title='bbox 1540 3738 1675 3815; x_wconf 85' lang='lat' dir='ltr'><strong>quando</strong></span> <span class='ocrx_word' id='word_1_486' title='bbox 1708 3752 1778 3798; x_wconf 82' lang='lat' dir='ltr'><strong>sum</strong></span> <span class='ocrx_word' id='word_1_487' title='bbox 1798 3743 1890 3795; x_wconf 80' lang='lat' dir='ltr'><strong>servus</strong></span> 
     </span>
     <span class='ocr_line' id='line_1_85' title="bbox 1121 3830 1890 3913; baseline -0.014 -15"><span class='ocrx_word' id='word_1_488' title='bbox 1121 3837 1192 3908; x_wconf 88' lang='lat' dir='ltr'><strong>Dei,</strong></span> <span class='ocrx_word' id='word_1_489' title='bbox 1215 3838 1248 3898; x_wconf 89' lang='lat' dir='ltr'><strong>et</strong></span> <span class='ocrx_word' id='word_1_490' title='bbox 1271 3836 1402 3913; x_wconf 86' lang='lat' dir='ltr'><strong>quando</strong></span> <span class='ocrx_word' id='word_1_491' title='bbox 1429 3838 1598 3913; x_wconf 88' lang='lat' dir='ltr'><strong>non.1pse</strong></span> <span class='ocrx_word' id='word_1_492' title='bbox 1624 3838 1736 3897; x_wconf 85' lang='lat' dir='ltr'><strong>autem</strong></span> <span class='ocrx_word' id='word_1_493' title='bbox 1757 3830 1890 3894; x_wconf 84' lang='lat' dir='ltr'><strong>Dominus</strong></span> 
     </span>
     <span class='ocr_line' id='line_1_86' title="bbox 1121 3922 1892 4010; baseline -0.009 -16"><span class='ocrx_word' id='word_1_494' title='bbox 1121 3932 1379 4010; x_wconf 90' lang='lat' dir='ltr'><strong>benignissimus</strong></span> <span class='ocrx_word' id='word_1_495' title='bbox 1417 3949 1477 3994; x_wconf 88' lang='lat' dir='ltr'><strong>sua</strong></span> <span class='ocrx_word' id='word_1_496' title='bbox 1519 3933 1715 4008; x_wconf 88' lang='lat' dir='ltr'><strong>dignatione</strong></span> <span class='ocrx_word' id='word_1_497' title='bbox 1748 3922 1892 4005; x_wconf 83' lang='lat' dir='ltr'><strong>respondit</strong></span> 
     </span>
     <span class='ocr_line' id='line_1_87' title="bbox 1121 4030 1892 4095; baseline -0.013 -2"><span class='ocrx_word' id='word_1_498' title='bbox 1121 4031 1203 4093; x_wconf 84' lang='lat' dir='ltr'><strong>milri</strong></span> <span class='ocrx_word' id='word_1_499' title='bbox 1216 4047 1223 4091; x_wconf 91' lang='lat'>:</span> <span class='ocrx_word' id='word_1_500' title='bbox 1237 4032 1376 4092; x_wconf 84' lang='lat' dir='ltr'><strong>Servum</strong></span> <span class='ocrx_word' id='word_1_501' title='bbox 1394 4047 1504 4093; x_wconf 91' lang='lat' dir='ltr'><strong>meum</strong></span> <span class='ocrx_word' id='word_1_502' title='bbox 1519 4030 1688 4092; x_wconf 77' lang='lat' dir='ltr'><strong>veraciter</strong></span> <span class='ocrx_word' id='word_1_503' title='bbox 1701 4031 1734 4092; x_wconf 89' lang='lat' dir='ltr'><strong>te</strong></span> <span class='ocrx_word' id='word_1_504' title='bbox 1748 4041 1816 4089; x_wconf 86' lang='lat' dir='ltr'><strong>esse</strong></span> <span class='ocrx_word' id='word_1_505' title='bbox 1830 4035 1892 4095; x_wconf 88' lang='lat' dir='ltr'><strong>cog·</strong></span> 
     </span>
     <span class='ocr_line' id='line_1_88' title="bbox 1121 4123 1892 4205; baseline -0.01 -15"><span class='ocrx_word' id='word_1_506' title='bbox 1121 4144 1232 4200; x_wconf 88' lang='lat' dir='ltr'><strong>nosce,</strong></span> <span class='ocrx_word' id='word_1_507' title='bbox 1249 4145 1324 4190; x_wconf 87' lang='lat' dir='ltr'><strong>cum</strong></span> <span class='ocrx_word' id='word_1_508' title='bbox 1338 4132 1454 4191; x_wconf 87' lang='lat' dir='ltr'><strong>sancta</strong></span> <span class='ocrx_word' id='word_1_509' title='bbox 1464 4129 1602 4205; x_wconf 90' lang='lat' dir='ltr'><strong>cogitas,</strong></span> <span class='ocrx_word' id='word_1_510' title='bbox 1619 4127 1778 4205; x_wconf 83' lang='lat' dir='ltr'><strong>loqueris,</strong></span> <span class='ocrx_word' id='word_1_511' title='bbox 1794 4123 1892 4197; x_wconf 75' lang='lat' dir='ltr'><strong>etcpe</strong></span> 
     </span>
     <span class='ocr_line' id='line_1_89' title="bbox 1121 4221 1891 4303; baseline -0.017 -15"><span class='ocrx_word' id='word_1_512' title='bbox 1121 4228 1220 4288; x_wconf 88' lang='lat' dir='ltr'><strong>raris.</strong></span> <span class='ocrx_word' id='word_1_513' title='bbox 1237 4226 1314 4287; x_wconf 88' lang='lat' dir='ltr'><strong>ldeo</strong></span> <span class='ocrx_word' id='word_1_514' title='bbox 1328 4226 1422 4288; x_wconf 80' lang='lat' dir='ltr'><strong>vobis</strong></span> <span class='ocrx_word' id='word_1_515' title='bbox 1437 4226 1596 4303; x_wconf 87' lang='lat' dir='ltr'><strong>praedicta</strong></span> <span class='ocrx_word' id='word_1_516' title='bbox 1609 4222 1789 4294; x_wconf 84' lang='lat' dir='ltr'><strong>insinuavi,</strong></span> <span class='ocrx_word' id='word_1_517' title='bbox 1803 4221 1836 4280; x_wconf 90' lang='lat' dir='ltr'><strong>nt</strong></span> <span class='ocrx_word' id='word_1_518' title='bbox 1846 4227 1891 4277; x_wconf 83' lang='lat' dir='ltr'><strong>ros</strong></span> 
     </span>
     <span class='ocr_line' id='line_1_90' title="bbox 1121 4309 1891 4400; baseline -0.017 -14"><span class='ocrx_word' id='word_1_519' title='bbox 1121 4325 1220 4386; x_wconf 91' lang='lat' dir='ltr'><strong>etlam</strong></span> <span class='ocrx_word' id='word_1_520' title='bbox 1247 4323 1361 4384; x_wconf 89' lang='lat' dir='ltr'><strong>solatis</strong></span> <span class='ocrx_word' id='word_1_521' title='bbox 1380 4323 1512 4400; x_wconf 81' lang='lat' dir='ltr'><strong>quando</strong></span> <span class='ocrx_word' id='word_1_522' title='bbox 1534 4323 1593 4384; x_wconf 89' lang='lat' dir='ltr'><strong>Dei</strong></span> <span class='ocrx_word' id='word_1_523' title='bbox 1609 4323 1703 4384; x_wconf 82' lang='lat' dir='ltr'><strong>servi</strong></span> <span class='ocrx_word' id='word_1_524' title='bbox 1726 4321 1812 4390; x_wconf 86' lang='lat' dir='ltr'><strong>estis,</strong></span> <span class='ocrx_word' id='word_1_525' title='bbox 1830 4309 1891 4377; x_wconf 88' lang='lat' dir='ltr'><strong>etei</strong></span> 
     </span>
     <span class='ocr_line' id='line_1_91' title="bbox 1120 4416 1893 4498; baseline -0.014 -18"><span class='ocrx_word' id='word_1_526' title='bbox 1120 4420 1259 4498; x_wconf 88' lang='lat' dir='ltr'><strong>placetis</strong></span> <span class='ocrx_word' id='word_1_527' title='bbox 1274 4441 1283 4480; x_wconf 78' lang='lat' dir='ltr'><strong>t</strong></span> <span class='ocrx_word' id='word_1_528' title='bbox 1297 4424 1330 4484; x_wconf 89' lang='lat' dir='ltr'><strong>et</strong></span> <span class='ocrx_word' id='word_1_529' title='bbox 1353 4421 1389 4482; x_wconf 90' lang='lat' dir='ltr'><strong>ut</strong></span> <span class='ocrx_word' id='word_1_530' title='bbox 1403 4435 1466 4496; x_wconf 82' lang='lat' dir='ltr'><strong>ego</strong></span> <span class='ocrx_word' id='word_1_531' title='bbox 1478 4435 1590 4482; x_wconf 88' lang='lat' dir='ltr'><strong>coram</strong></span> <span class='ocrx_word' id='word_1_532' title='bbox 1605 4419 1702 4483; x_wconf 87' lang='lat' dir='ltr'><strong>vobls</strong></span> <span class='ocrx_word' id='word_1_533' title='bbox 1714 4416 1829 4496; x_wconf 90' lang='lat' dir='ltr'><strong>possim</strong></span> <span class='ocrx_word' id='word_1_534' title='bbox 1845 4424 1893 4472; x_wconf 81' lang='lat' dir='ltr'><strong>re·</strong></span> 
     </span>
     <span class='ocr_line' id='line_1_92' title="bbox 1120 4506 1893 4596; baseline -0.016 -17"><span class='ocrx_word' id='word_1_535' title='bbox 1120 4517 1309 4590; x_wconf 80' lang='lat' dir='ltr'><strong>recordari,</strong></span> <span class='ocrx_word' id='word_1_536' title='bbox 1330 4518 1464 4596; x_wconf 85' lang='lat' dir='ltr'><strong>quando</strong></span> <span class='ocrx_word' id='word_1_537' title='bbox 1481 4516 1637 4580; x_wconf 79' lang='lat' dir='ltr'><strong>videbitis</strong></span> <span class='ocrx_word' id='word_1_538' title='bbox 1652 4532 1708 4578; x_wconf 91' lang='lat' dir='ltr'><strong>me</strong></span> <span class='ocrx_word' id='word_1_539' title='bbox 1727 4506 1893 4576; x_wconf 79' lang='lat' dir='ltr'><strong>deficereiu</strong></span> 
     </span>
     <span class='ocr_line' id='line_1_93' title="bbox 1120 4614 1807 4694; baseline -0.006 -17"><span class='ocrx_word' id='word_1_540' title='bbox 1120 4616 1173 4679; x_wconf 91' lang='lat' dir='ltr'><strong>bis</strong></span> <span class='ocrx_word' id='word_1_541' title='bbox 1188 4615 1351 4688; x_wconf 89' lang='lat' dir='ltr'><strong>omnibus,</strong></span> <span class='ocrx_word' id='word_1_542' title='bbox 1364 4615 1416 4676; x_wconf 87' lang='lat' dir='ltr'><strong>vel</strong></span> <span class='ocrx_word' id='word_1_543' title='bbox 1432 4615 1545 4694; x_wconf 84' lang='lat' dir='ltr'><strong>aliquo</strong></span> <span class='ocrx_word' id='word_1_544' title='bbox 1559 4614 1807 4692; x_wconf 80' lang='lat' dir='ltr'><strong>praedictorum.</strong></span> 
     </span>
    </p>
   </div>
   <div class='ocr_carea' id='block_1_14' title="bbox 1357 4830 1672 4890">
    <p class='ocr_par' dir='ltr' id='par_1_14' title="bbox 1357 4830 1672 4890">
     <span class='ocr_line' id='line_1_94' title="bbox 1357 4830 1672 4890; baseline -0.003 -1"><span class='ocrx_word' id='word_1_545' title='bbox 1357 4830 1558 4890; x_wconf 79' lang='lat' dir='ltr'>COLLATIO</span> <span class='ocrx_word' id='word_1_546' title='bbox 1585 4830 1672 4889; x_wconf 79' lang='lat' dir='ltr'><strong>xlv.</strong></span> 
     </span>
    </p>
   </div>
   <div class='ocr_carea' id='block_1_15' title="bbox 1161 4975 1864 5151">
    <p class='ocr_par' dir='ltr' id='par_1_15' title="bbox 1161 4975 1864 5151">
     <span class='ocr_line' id='line_1_95' title="bbox 1161 4975 1864 5056; baseline 0 -12"><span class='ocrx_word' id='word_1_547' title='bbox 1161 4981 1246 5045; x_wconf 81' lang='lat' dir='ltr'><strong>Ouid</strong></span> <span class='ocrx_word' id='word_1_548' title='bbox 1272 4984 1343 5040; x_wconf 81' lang='lat' dir='ltr'><strong>Deo</strong></span> <span class='ocrx_word' id='word_1_549' title='bbox 1371 4983 1483 5056; x_wconf 75' lang='lat' dir='ltr'><strong>atrapis</strong></span> <span class='ocrx_word' id='word_1_550' title='bbox 1510 4979 1657 5053; x_wconf 75' lang='lat' dir='ltr'><strong>praeeat,</strong></span> <span class='ocrx_word' id='word_1_551' title='bbox 1688 4991 1793 5043; x_wconf 74' lang='lat' dir='ltr'><strong>orare</strong></span> <span class='ocrx_word' id='word_1_552' title='bbox 1819 4975 1864 5034; x_wconf 67' lang='lat' dir='ltr'><strong>vt!</strong></span> 
     </span>
     <span class='ocr_line' id='line_1_96' title="bbox 1401 5079 1616 5151; baseline -0.005 -14"><span class='ocrx_word' id='word_1_553' title='bbox 1401 5079 1616 5151; x_wconf 69' lang='lat' dir='ltr'><strong>procrearet</strong></span> 
     </span>
    </p>
   </div>
   <div class='ocr_carea' id='block_1_16' title="bbox 1118 5193 1892 5666">
    <p class='ocr_par' dir='ltr' id='par_1_16' title="bbox 1118 5193 1892 5666">
     <span class='ocr_line' id='line_1_97' title="bbox 1158 5193 1892 5275; baseline -0.01 -15"><span class='ocrx_word' id='word_1_554' title='bbox 1158 5202 1314 5275; x_wconf 87' lang='lat' dir='ltr'><strong>Magnum</strong></span> <span class='ocrx_word' id='word_1_555' title='bbox 1343 5200 1426 5260; x_wconf 90' lang='lat' dir='ltr'><strong>mihi</strong></span> <span class='ocrx_word' id='word_1_556' title='bbox 1455 5200 1590 5261; x_wconf 89' lang='lat' dir='ltr'><strong>dubium</strong></span> <span class='ocrx_word' id='word_1_557' title='bbox 1617 5197 1768 5275; x_wconf 81' lang='lat' dir='ltr'><strong>contigit,</strong></span> <span class='ocrx_word' id='word_1_558' title='bbox 1791 5193 1892 5258; x_wconf 82' lang='lat' dir='ltr'><strong>fratre</strong></span> 
     </span>
     <span class='ocr_line' id='line_1_98' title="bbox 1119 5286 1892 5374; baseline -0.017 -16"><span class='ocrx_word' id='word_1_559' title='bbox 1119 5296 1295 5368; x_wconf 88' lang='lat' dir='ltr'><strong>carissimi,</strong></span> <span class='ocrx_word' id='word_1_560' title='bbox 1315 5296 1410 5359; x_wconf 78' lang='lat' dir='ltr'><strong>vobis</strong></span> <span class='ocrx_word' id='word_1_561' title='bbox 1437 5297 1698 5374; x_wconf 88' lang='lat' dir='ltr'><strong>proponendum,</strong></span> <span class='ocrx_word' id='word_1_562' title='bbox 1720 5297 1754 5358; x_wconf 91' lang='lat' dir='ltr'><strong>et</strong></span> <span class='ocrx_word' id='word_1_563' title='bbox 1773 5310 1793 5356; x_wconf 92' lang='lat' dir='ltr'><strong>a</strong></span> <span class='ocrx_word' id='word_1_564' title='bbox 1815 5286 1892 5352; x_wconf 79' lang='lat' dir='ltr'><strong>robis</strong></span> 
     </span>
     <span class='ocr_line' id='line_1_99' title="bbox 1118 5390 1891 5471; baseline -0.01 -16"><span class='ocrx_word' id='word_1_565' title='bbox 1118 5395 1178 5456; x_wconf 88' lang='lat' dir='ltr'><strong>Dei</strong></span> <span class='ocrx_word' id='word_1_566' title='bbox 1206 5393 1372 5471; x_wconf 88' lang='lat' dir='ltr'><strong>adjutorio</strong></span> <span class='ocrx_word' id='word_1_567' title='bbox 1392 5394 1652 5457; x_wconf 82' lang='lat' dir='ltr'><strong>dissolvendum.</strong></span> <span class='ocrx_word' id='word_1_568' title='bbox 1683 5394 1768 5467; x_wconf 87' lang='lat' dir='ltr'><strong>Quid</strong></span> <span class='ocrx_word' id='word_1_569' title='bbox 1789 5390 1891 5451; x_wconf 65' lang='lat' dir='ltr'><strong>matre</strong></span> 
     </span>
     <span class='ocr_line' id='line_1_100' title="bbox 1118 5479 1891 5570; baseline -0.009 -19"><span class='ocrx_word' id='word_1_570' title='bbox 1118 5490 1310 5554; x_wconf 89' lang='lat' dir='ltr'><strong>consulitisl</strong></span> <span class='ocrx_word' id='word_1_571' title='bbox 1324 5492 1403 5569; x_wconf 89' lang='lat' dir='ltr'><strong>quid</strong></span> <span class='ocrx_word' id='word_1_572' title='bbox 1427 5492 1590 5554; x_wconf 86' lang='lat' dir='ltr'><strong>laudatist</strong></span> <span class='ocrx_word' id='word_1_573' title='bbox 1604 5508 1649 5554; x_wconf 89' lang='lat' dir='ltr'><strong>an</strong></span> <span class='ocrx_word' id='word_1_574' title='bbox 1661 5489 1751 5570; x_wconf 88' lang='lat' dir='ltr'><strong>quod</strong></span> <span class='ocrx_word' id='word_1_575' title='bbox 1765 5479 1891 5551; x_wconf 82' lang='lat' dir='ltr'><strong>orationi</strong></span> 
     </span>
     <span class='ocr_line' id='line_1_101' title="bbox 1118 5577 1891 5666; baseline -0.01 -18"><span class='ocrx_word' id='word_1_576' title='bbox 1118 5604 1242 5660; x_wconf 88' lang='lat' dir='ltr'><strong>vacem,</strong></span> <span class='ocrx_word' id='word_1_577' title='bbox 1261 5604 1302 5649; x_wconf 89' lang='lat' dir='ltr'><strong>an</strong></span> <span class='ocrx_word' id='word_1_578' title='bbox 1313 5590 1400 5665; x_wconf 85' lang='lat' dir='ltr'><strong>quod</strong></span> <span class='ocrx_word' id='word_1_579' title='bbox 1413 5584 1833 5666; x_wconf 72' lang='lat' dir='ltr'><strong>preadicandcdiscnrramt</strong></span> <span class='ocrx_word' id='word_1_580' title='bbox 1845 5577 1891 5640; x_wconf 89' lang='lat' dir='ltr'><strong>Si·</strong></span> 
     </span>
    </p>
   </div>
   <div class='ocr_carea' id='block_1_17' title="bbox 0 0 1985 6196">
    <p class='ocr_par' dir='ltr' id='par_1_17' title="bbox 0 0 1985 6196">
     <span class='ocr_line' id='line_1_102' title="bbox 0 0 1985 6196; baseline 0 0"><span class='ocrx_word' id='word_1_581' title='bbox 0 0 1985 6196; x_wconf 95' lang='lat' dir='ltr'><strong> </strong></span> 
     </span>
    </p>
   </div>
  </div>
 </body>
</html>
