3950 6200
1657 320 1717 381 466

109 324 159 386 466
593 319 917 400 PROLEGOMENA.
935 348 976 365 ·-
992 320 1196 381 LEGENDA.
1282 341 1284 345 ’

109 480 197 546 13161.
220 478 291 557 qnid
317 479 468 541 cerneret
499 479 765 556 interrogasset:
792 496 869 543 res·
924 480 1052 542 tantum
1067 480 1236 543 eontracta
1249 479 1377 542 luerat:
1394 477 1481 557 quod
1494 478 1661 541 desiccato
1677 481 1719 542 si-

108 579 211 657 pondit
227 577 325 637 Uideo
341 579 443 637 Deum
458 591 578 638 meum.
925 578 1030 639 nistro
1047 593 1144 640 crure
1161 621 1169 638 .
1188 594 1229 639 ac
1251 578 1365 639 neruis
1386 576 1585 638 contractis.
1602 577 1719 654 pedem

138 676 245 736 Lectio.
270 676 342 737 VII.
366 674 523 736 Uidentes
545 674 657 735 autem
673 675 794 737 iratres
813 675 869 752 qui
923 675 958 735 in
986 675 1078 737 terra
1104 675 1207 751 ligere
1233 690 1443 752 nequaquam
1469 672 1624 736 ualebat.
1654 674 1718 737 Sed

107 773 236 834 aderant.
270 769 399 832 felicem
429 771 502 832 eius
534 772 661 833 exitum
689 772 871 850 appropin-
924 788 1000 834 666
1015 773 1225 835 necessitatis
1250 788 1351 835 causa
1373 787 1409 833 se
1429 787 1560 848 quoqne
1582 788 1719 835 mouere

108 884 210 947 quare:
231 867 394 929 unctionis
417 883 512 931 sacre
536 869 610 931 oleo
636 872 788 931 sanctum
810 870 869 931 Dei
924 870 1084 947 cuperet.
1101 868 1718 947 666663366616661366636316616-

108 966 266 1028 statuerunt
298 981 493 1042 perungere.
528 967 577 1027 Ad
604 982 701 1044 quem
725 984 800 1028 cnm
826 983 870 1029 ex
923 968 1015 1029 tione
1039 982 1115 1028 666
1139 966 1333 1028 difficultate
1354 965 1530 1028 trahebat.
1547 968 1651 1038 Quam
1664 967 1720 1028 uir

107 1079 178 1125 nore
207 1061 305 1124 trater
330 1064 464 1140 quidam
495 1065 686 1127 unctionem
719 1066 869 1127 sanctam
924 1065 997 1126 eius
1012 1064 1247 1125 Marchoaldus
1262 1063 1396 1126 nomine
1411 1078 1495 1140 equo
1506 1063 1716 1140 impositam.

106 1161 870 1237 1666366366613361316166636666631616·
924 1160 1165 1223 66666163166
1193 1163 1308 1223 sancte
1327 1161 1385 1222 Dei
1411 1161 1584 1236 genitricis
1611 1161 1719 1222 Maria

106 1259 192 1319 tonius
211 1257 265 1319 311.
287 1259 362 1318 Non
385 1273 525 1321 necesse
549 1260 600 1321 est
621 1259 725 1321 irater
746 1260 783 1322 61
805 1259 869 1321 hoc
923 1259 1065 1320 festinus
1093 1259 1189 1321 duxit
1213 1302 1222 1318 .
1247 1259 1282 1321 et
1307 1258 1536 1336 recuperande
1561 1259 1717 1320 sanitatis

105 1354 184 1416 michi
201 1354 316 1416 iacias.
339 1354 427 1417 hanc
443 1357 533 1417 enim
553 1358 743 1419 unctionem
761 1356 867 1418 liabeo
923 1358 1053 1434 gratia.
1082 1372 1195 1418 coram
1217 1356 1320 1418 archa
1341 1355 1429 1417 beati
1450 1356 1587 1418 Antonii
1607 1356 1717 1418 intro-

105 1453 172 1513 intra
194 1466 251 1511 me.
280 1453 519 1515 Uerumtamen
543 1453 666 1514 bonum
690 1454 793 1516 michi
817 1456 869 1517 631

105 1553 129 1610 31
147 1548 219 1610 bene
244 1549 362 1625 placet.
394 1551 614 1628 Extensisqne
644 1551 798 1613 manibus
828 1568 868 1614 66

61 1730 62 1735 ¹
105 1646 201 1706 iunctis
224 1645 340 1722 palmis
362 1647 510 1725 psalmos
536 1649 770 1724 penitentiales
792 1665 867 1711 oum

105 1742 234 1804 tratribus
250 1744 449 1806 decantans.
471 1745 513 1806 ad
533 1746 632 1807 tinem
648 1761 754 1824 nsque
771 1763 866 1808 com·

104 1840 192 1915 pleuit
215 1842 358 1917 Cumque
390 1841 527 1903 dimidia
558 1842 629 1905 lere
654 1842 738 1905 hora
762 1844 867 1906 susti-

105 1937 218 1998 nuisset.
232 1938 445 2000 sanctissima
456 1938 514 1999 1116
528 1939 638 2000 66166
650 1940 762 2001 carnis
774 1956 868 2016 erga·

106 2030 168 2093 stolo
180 2034 297 2095 soluta.
319 2034 355 2095 in
377 2035 535 2112 abyssum
551 2035 715 2098 claritatis
732 2035 866 2098 absorta

105 2131 147 2190 est
167 2132 280 2207 Corpus
303 2147 388 2193 uero
408 2133 604 2195 dormientis
626 2134 763 2196 omnino
784 2150 865 2211 spe-

105 2225 165 2286 ciem
188 2228 382 2303 preferebat.
417 2231 502 2291 Nam
535 2231 569 2293 61
593 2246 712 2292 63663
735 2232 807 2293 6163
830 2231 866 2293 16

61 2372 62 2379 ,
105 2323 248 2385 eandorem
265 2341 430 2388 conuerso
445 2348 452 2386 :
470 2328 602 2404 pristini
617 2328 740 2389 coloris
753 2328 865 2405 pleni-

104 2420 218 2481 tudinem
231 2423 354 2484 nicere.
371 2424 490 2486 Cetera
502 2440 585 2485 nero
598 2425 749 2502 corporis
761 2438 882 2486 mem-⁸

61 2506 62 2513 ’
104 2514 146 2576 16
155 2535 161 2577 :
170 2534 221 2594 pro
231 2520 516 2582 contrectancinm
529 2521 624 2584 libito
637 2537 673 2583 36
683 2521 867 2598 prebebant

104 2611 259 2677 ductiliao
280 2632 363 2679 uere
389 2619 523 2679 sanctus
547 2618 705 2679 altissimi
727 2634 864 2681 seruus.

105 2711 143 2784 qni
154 2728 209 2773 uno
228 2716 378 2791 tempore
400 2715 518 2776 uiuere
541 2715 684 2778 meruit:
701 2716 734 2777 61
752 2716 867 2793 Domi-

60 2893 62 2901 *
103 2821 159 2867 num
179 2809 294 2871 nidere.
323 2813 349 2871 0
386 2813 600 2875 sanctissima
624 2814 737 2875 anima
765 2829 863 2891 qnam

105 2904 147 2963 6131
160 2907 326 2970 cmdelitas
353 2911 579 2985 persecutoris
611 2926 678 2971 non
704 2909 863 2973 abstulit:

61 3032 62 3051 2
106 2999 270 3065 desiderium
293 3008 409 3068 tamen
444 3008 615 3083 martyrii.
650 3010 683 3069 et
709 3024 865 3085 compas-

61 3113 62 3170 3
106 3097 182 3160 sionis
194 3102 319 3177 gladius
340 3103 453 3165 milles
476 3105 703 3180 pertransiuit.
724 3108 770 3167 Te
784 3122 864 3182 ergo

61 3249 62 3252 ,
105 3193 176 3270 digne
186 3201 272 3274 pater
283 3201 482 3262 deuocionis
495 3202 613 3263 hostiis
624 3206 864 3280 prosequentes

61 3293 62 3308 ¹
103 3289 231 3368 benignus
244 3314 399 3359 assume.
417 3300 450 3360 et
464 3299 583 3376 quibus
596 3315 656 3376 per
668 3315 704 3361 36
719 3300 865 3361 666666

61 3403 62 3466 l
104 3386 161 3452 licet
178 3395 327 3456 accedere
350 3395 461 3457 uultui
483 3397 559 3457 Dei.
584 3413 644 3473 pro
667 3397 762 3460 nobis
783 3414 864 3475 pre-

61 3483 62 3568 f
104 3489 172 3548 rator
181 3493 302 3555 assiste.
317 3497 436 3555 Amen.

245 3712 317 3770 6116
333 3710 433 3782 intro
449 3711 682 3770 ebdomadem.

131 3882 232 3944 Lectio
246 3889 274 3946 1.
296 3886 358 3947 Die
372 3900 513 3963 namque
527 3901 591 3963 quo
604 3885 788 3947 beatissimi
802 3889 865 3947 ltn-

61 3999 62 4062 3
103 3971 163 4035 lonii
178 3993 287 4056 corpus
311 3984 348 4043 in
374 3982 517 4044 66616313
541 3984 657 4045 336616
681 3984 863 4059 1)θί3661-

61 4099 62 4154 3
103 4068 171 4133 tricis
188 4079 285 4140 Maria
302 4080 489 4141 honorilice
508 4080 677 4142 conditum
702 4082 863 4152 est-Mn-

61 4161 62 4248 ᾗ
104 4163 283 4247 lierquedam
300 4176 436 4237 nomine
451 4177 573 4238 (166163
589 4176 637 4254 (1)
660 4192 862 4253 perannum

61 4293 62 4322 ;
103 4269 218 4335 enarer
253 4274 441 4334 infirmata.
478 4274 709 4336 instrumentis
741 4274 864 4349 ligneis

61 4419 62 4424 ,
104 4365 655 4433 16316161336666613631661313
683 4370 725 4432 36
753 4370 863 4432 16666

103 4470 180 4533 usque
196 4468 363 4539 peruenit.
384 4467 420 4527 in
442 4467 538 4528 66163
553 4469 692 4529 humero
715 4484 758 4529 ex
777 4485 861 4529 con-

104 4557 217 4620 1611666
248 4564 424 4625 humorum
461 4564 579 4639 gibbus
612 4565 768 4626 immanis
802 4581 863 4626 en·

922 1452 1054 1514 ductam
1070 1452 1208 1515 devotus
1221 1452 1409 1514 collocauit.

961 1550 1098 1612 Lectio.
1127 1553 1203 1611 111.
1240 1550 1282 1613 At
1304 1549 1364 1611 illa
1388 1550 1531 1612 orationi
1561 1564 1718 1626 procum-

921 1646 1028 1709 bens.
1054 1661 1133 1708 mox
1155 1648 1249 1709 tanto
1269 1646 1383 1709 dolore
1407 1647 1519 1724 urgeri
1544 1647 1653 1723 cepit:
1680 1647 1716 1708 nt

921 1760 981 1821 pro
998 1744 1152 1820 angustia
1167 1744 1292 1806 sudans
1305 1746 1450 1808 calorem
1463 1745 1551 1806 serre
1563 1759 1631 1804 non
1644 1759 1720 1804 sus-

920 1842 1043 1903 tineret
1054 1862 1061 1901 :
1074 1842 1133 1903 sed
1150 1841 1423 1918 supportantibus
1439 1857 1512 1903 eam
1525 1841 1608 1902 viris
1623 1842 1718 1902 extra

922 1939 1043 2000 ostium
1059 1937 1201 2001 ecclesie
1213 1940 1336 2001 haustu
1351 1954 1433 2000 aure
1445 1938 1628 2014 frigidioris
1644 1938 1719 2014 spi-x

920 2036 1022 2097 ritum
1035 2035 1269 2098 refocillabat.
1292 2038 1438 2113 Cumque
1459 2036 1534 2112 post
1552 2035 1718 2096 modicum

920 2133 1058 2195 reducta
1082 2150 1195 2196 coram
1207 2133 1335 2195 tumulo
1361 2133 1486 2194 clausis
1501 2132 1607 2193 666113
1623 2148 1719 2195 oras-

922 2231 992 2292 set.
1016 2246 1152 2292 mannm
1171 2230 1340 2306 tangentIs
1364 2230 1516 2292 uentrem
1537 2245 1577 2291 36
1595 2244 1717 2306 corpus

921 2343 1019 2388 sunm
1034 2328 1150 2389 leuare
1163 2327 1316 2389 conantis
1336 2327 1463 2389 sensit:
1486 2328 1528 2388 At
1552 2326 1611 2386 illa
1627 2326 1716 2387 seire

921 2425 1059 2501 cupiens
1074 2425 1227 2501 quisnam
1250 2425 1340 2485 esset
1362 2424 1419 2500 qui
1445 2438 1518 2484 666
1538 2423 1714 2497 tangeret.

920 2520 1060 2582 eleuatis
1076 2520 1182 2582 oculis
1197 2521 1365 2581 neminem
1377 2518 1440 2580 sibi
1449 2519 1715 2597 appropinquare

920 2617 1059 2680 uidebat
1074 2661 1082 2678 .
1099 2617 1293 2693 Intelligens
1307 2617 1410 2693 igitur
1423 2617 1546 2678 mulier
1565 2602 1717 2677 diuinum

921 2715 992 2777 iore
1001 2715 1165 2777 auxilium
1172 2716 1259 2793 quod
1270 2718 1440 2777 senserat.
1453 2714 1543 2775 illico
1552 2714 1714 2775 surrexit.

920 2812 1134 2890 dimissisque
1149 2812 1266 2874 ferulis
1288 2828 1363 2874 cum
1387 2813 1462 2874 uiro
1481 2828 1542 2873 sno
1566 2810 1716 2888 gaudens

920 2909 962 2971 66
973 2908 1109 2987 propria
1121 2910 1296 2972 remeauit.

958 3009 1098 3070 Lectio.
1126 3012 1212 3069 1111.
1233 3007 1309 3069 Alia
1326 3023 1408 3069 uero
1422 3006 1543 3069 mulier
1556 3006 1714 3069 richarda

919 3107 1054 3168 nomine
1070 3150 1078 3166 .
1095 3122 1170 3168 cum
1195 3121 1256 3183 per
1270 3107 1342 3166 XX.
1359 3122 1465 3167 annos
1481 3121 1580 3166 crura
1594 3117 1715 3182 gerens

919 3203 1016 3286 arida
1037 3205 1247 3265 monstruose
1267 3203 1353 3266 toret
1373 3204 1543 3265 contracta
1559 3245 1567 3262 .
1583 3201 1619 3263 in
1633 3202 1714 3262 tan-

920 3301 989 3361 tum
1017 3303 1053 3361 nt
1080 3316 1189 3377 genua
1211 3300 1366 3377 pectori.
1395 3302 1429 3362 et
1452 3299 1552 3375 pedes
1579 3297 1714 3359 natibus

919 3397 1140 3460 adherentes.
1158 3397 1283 3459 callosa
1296 3397 1439 3474 quadam
1450 3395 1661 3473 copulatione
1676 3410 1713 3457 se

918 3494 1096 3571 iungerent
1108 3493 1187 3574 :die
1202 3493 1344 3571 quadam
1366 3492 1714 3568 mendicationisgra-

918 3592 966 3654 116
979 3608 1055 3653 666
1075 3591 1276 3669 pauperibus
1301 3591 1422 3652 ceteris
1444 3591 1480 3653 ut
1497 3590 1714 3676 elemosinam

919 3688 1210 3752 atransountibns
1236 3688 1404 3765 acciperet
1428 3688 1470 3749 ad
1493 3687 1602 3748 166616
1626 3685 1716 3748 beati

833 3785 837 3793 '
919 3786 1024 3863 patris
1039 3785 1175 3848 Antonii
1195 3785 1353 3850 scamellis
1375 3800 1435 3863 pro
1460 3781 1598 3862 pedibus
1618 3783 1716 3845 utens

918 3883 1074 3945 aduenit.
1091 3885 1238 3961 Cumque
1262 3898 1381 3959 sopore
1402 3882 1559 3960 depressa
1586 3881 1713 3943 dormi-

917 3982 1010 4042 tans.
1020 3982 1120 4057 caput
1132 3982 1376 4058 aliquantulum
1385 3981 1583 4042 reclinasset
1595 3979 1637 4041 ad
1649 3979 1715 4041 ter·

917 4094 1004 4142 ram.
1017 4079 1148 4140 audiuit
1161 4093 1276 4140 uocem
1294 4078 1470 4141 61666166.
1491 4080 1559 4139 Deo
1569 4076 1713 4153 gratias:

918 4177 998 4252 quia
1020 4175 1162 4237 liberata
1177 4178 1238 4237 esl.

957 4274 1088 4334 Lectio.
1113 4277 1145 4334 V.
1168 4276 1210 4334 at
1233 4273 1291 4334 illa
1318 4271 1443 4348 apertis
1472 4269 1600 4334 oculis.
1630 4269 1746 4358 61611ι

917 4369 1150 4447 puellamque
1173 4368 1313 4445 gibbosa
1340 4367 1450 4429 fuerat
1472 4389 1480 4427 ε
1503 4368 1559 4428 366
1586 4367 1715 4429 meritis

918 4466 1122 4530 sanctissimi
1147 4466 1252 4542 patris
1280 4464 1417 4526 sanitati
1443 4464 1573 4526 reddita
1602 4464 1716 4527 multis

917 4563 1152 4626 comitantibus
1167 4562 1363 4646 recedebat.
1382 4561 1536 4624 Surrexit
1550 4579 1628 4639 ergo
1644 4580 1714 4624 mu-

104 4661 236 4718 31636663.
251 4677 322 4722 666
339 4661 577 4723 miserabiliter
589 4663 809 4724 curuauerat.
826 4664 864 4724 61
916 4662 981 4721 liar
997 4703 1004 4720 .
1022 4661 1059 4721 ut
1078 4663 1111 4723 et
1128 4661 1201 4736 ipsa
1217 4660 1402 4722 curationis
1420 4660 1530 4736 gratia
1548 4661 1590 4721 ad
1605 4664 1717 4723 tumu-

61 4793 62 4796 ,
104 4756 150 4806 non
165 4752 222 4814 nisi
235 4756 416 4819 ferularum
431 4758 673 4820 sustentatione
695 4758 861 4821 ullatenus
916 4757 984 4818 lum
1001 4757 1175 4820 introiret.
1197 4760 1279 4818 Dum
1304 4758 1416 4820 autem
1436 4757 1520 4820 iret.
1537 4774 1615 4819 ecoe
1631 4773 1714 4834 puer

104 4840 224 4911 medere
246 4857 384 4916 ualeret.
407 4858 476 4926 Quo
500 4870 574 4916 cum
599 4871 711 4917 coram
734 4856 862 4917 beatis·
916 4854 1052 4932 quidam
1071 4855 1241 4932 septennis
1261 4856 1438 4932 apparuit:
1456 4856 1489 4917 61
1503 4855 1632 4916 clausis
1641 4869 1717 4915 rna-³

61 5005 62 5008 ,
105 4937 292 5011 6611616611
315 4952 443 5013 166616
465 4953 500 5013 16
520 4953 674 5015 oratione
694 4954 861 5030 prostrata
915 4951 1015 5014 nibus
1028 4952 1209 5029 precedens
1223 4952 1264 5012 ad
1280 4952 1517 5014 introeundum
1536 4951 1712 5012 inuitauit.

105 5040 240 5106 launlum
274 5050 489 5111 sustinnisset
506 5070 531 5108 :·
548 5050 759 5126 complanato
783 5066 862 5111 mox
916 5049 1053 5112 dicens.
1070 5050 1155 5110 Ueni
1167 5050 1202 5110 in
1214 5049 1349 5110 nomine
1360 5049 1491 5110 Domini
1508 5069 1515 5107 :
1533 5048 1611 5124 quia
1626 5045 1713 5108 libe-

105 5127 225 5200 hunero.
241 5143 357 5218 gibbus
371 5146 525 5208 euanuit.
539 5147 573 5207 61
586 5147 734 5208 61613313
745 5146 861 5208 lernlis
915 5146 1004 5209 rabit
1018 5148 1070 5208 te.
1087 5146 1149 5207 illa
1164 5162 1245 5207 uero
1260 5145 1470 5223 precedentis
1485 5144 1628 5219 uestigia
1651 5159 1709 5205 se-

106 5237 313 5302 escendune
328 5243 460 5303 domum
476 5244 652 5305 remeauit.
915 5260 1021 5321 quens
1036 5243 1076 5304 ad
1093 5244 1214 5304 ostium
1229 5243 1371 5304 ecclesie
1386 5240 1542 5302 scamellis
1563 5256 1606 5301 ex
1618 5255 1711 5302 more

132 5331 232 5395 tectio.
275 5342 323 5399 11.
369 5339 490 5401 Mulier
538 5341 679 5416 quedam
725 5342 860 5402 nomine
915 5356 952 5402 se
972 5341 1100 5403 traxit.
1123 5340 1181 5400 366
1210 5339 1344 5400 666-16
1364 5339 1450 5400 63116
1476 5337 1617 5398 66616316
1641 5338 1710 5400 136
1768 5347 1772 5354 ·

105 5432 270 5511 1633312).
290 5435 331 5496 ab
346 5437 444 5497 annis
464 5441 537 5499 octo
559 5439 592 5499 et
615 5452 655 5500 eo
671 5437 814 5514 amplius
827 5439 861 5499 in
916 5438 1095 5500 constituta
1108 5437 1246 5498 luisset.
1263 5450 1346 5513 puer
1361 5436 1419 5497 illa
1434 5434 1609 5512 disparuit.

131 5624 163 5696 tlt
180 5633 225 5703 lp.
242 5636 381 5694 bolland:
398 5639 513 5696 Cuniza.
951 5639 992 5712 (2)
1008 5641 1060 5712 Ap.
1078 5637 1205 5697 Bolland.
1220 5654 1228 5693 :
1246 5637 1326 5694 Gillo.
