<?xml version="1.0" encoding="UTF-8"?>
<!DOCTYPE html PUBLIC "-//W3C//DTD XHTML 1.0 Transitional//EN"
    "http://www.w3.org/TR/xhtml1/DTD/xhtml1-transitional.dtd">
<html xmlns="http://www.w3.org/1999/xhtml" xml:lang="en" lang="en">
 <head>
  <title>
</title>
<meta http-equiv="Content-Type" content="text/html;charset=utf-8" />
  <meta name='ocr-system' content='tesseract 3.04.00' />
  <meta name='ocr-capabilities' content='ocr_page ocr_carea ocr_par ocr_line ocrx_word'/>
</head>
<body>
  <div class='ocr_page' id='page_1' title='image "./mediiaevibiblio09bottgoog/mediiaevibiblio09bottgoog_0242.png"; bbox 0 0 3950 6200; ppageno 0'>
   <div class='ocr_carea' id='block_1_1' title="bbox 194 278 1908 393">
    <p class='ocr_par' dir='ltr' id='par_1_1' title="bbox 194 278 1908 393">
     <span class='ocr_line' id='line_1_1' title="bbox 194 278 1908 393; baseline 0.005 -10"><span class='ocrx_word' id='word_1_1' title='bbox 194 278 204 285; x_wconf 47' lang='lat'>⁴</span> <span class='ocrx_word' id='word_1_2' title='bbox 301 323 363 384; x_wconf 79' lang='lat' dir='ltr'>aro</span> <span class='ocrx_word' id='word_1_3' title='bbox 570 318 784 383; x_wconf 78' lang='lat' dir='ltr'>auersas</span> <span class='ocrx_word' id='word_1_4' title='bbox 806 320 839 383; x_wconf 91' lang='lat' dir='ltr'>s.</span> <span class='ocrx_word' id='word_1_5' title='bbox 863 319 1673 388; x_wconf 77' lang='lat' dir='ltr'>rmnmscrass1sur1sraonaeonsm.</span> <span class='ocrx_word' id='word_1_6' title='bbox 1865 331 1908 393; x_wconf 79' lang='lat' dir='ltr'>an</span> 
     </span>
    </p>
   </div>
   <div class='ocr_carea' id='block_1_2' title="bbox 282 468 1909 2787">
    <p class='ocr_par' dir='ltr' id='par_1_2' title="bbox 300 468 1909 854">
     <span class='ocr_line' id='line_1_2' title="bbox 300 468 1909 565; baseline 0.002 -22"><span class='ocrx_word' id='word_1_7' title='bbox 300 478 530 543; x_wconf 90' lang='lat' dir='ltr'>contradicere</span> <span class='ocrx_word' id='word_1_8' title='bbox 542 493 608 539; x_wconf 92' lang='lat' dir='ltr'>non</span> <span class='ocrx_word' id='word_1_9' title='bbox 631 468 812 553; x_wconf 76' lang='lat' dir='ltr'>audebant3</span> <span class='ocrx_word' id='word_1_10' title='bbox 828 495 871 540; x_wconf 85' lang='lat' dir='ltr'>ex</span> <span class='ocrx_word' id='word_1_11' title='bbox 888 479 1096 561; x_wconf 81' lang='lat' dir='ltr'>alterarero,</span> <span class='ocrx_word' id='word_1_12' title='bbox 1152 480 1200 543; x_wconf 92' lang='lat' dir='ltr'>uti</span> <span class='ocrx_word' id='word_1_13' title='bbox 1228 482 1362 543; x_wconf 89' lang='lat' dir='ltr'>cautum</span> <span class='ocrx_word' id='word_1_14' title='bbox 1390 481 1510 555; x_wconf 88' lang='lat' dir='ltr'>fuerat,</span> <span class='ocrx_word' id='word_1_15' title='bbox 1533 483 1623 544; x_wconf 89' lang='lat' dir='ltr'>illico</span> <span class='ocrx_word' id='word_1_16' title='bbox 1645 482 1818 553; x_wconf 85' lang='lat' dir='ltr'>obstructo,</span> <span class='ocrx_word' id='word_1_17' title='bbox 1832 502 1909 565; x_wconf 84' lang='lat' dir='ltr'>reque</span> 
     </span>
     <span class='ocr_line' id='line_1_3' title="bbox 301 576 1908 659; baseline 0.003 -18"><span class='ocrx_word' id='word_1_18' title='bbox 301 576 508 641; x_wconf 85' lang='lat' dir='ltr'>verebantur</span> <span class='ocrx_word' id='word_1_19' title='bbox 532 591 574 635; x_wconf 90' lang='lat' dir='ltr'>ne</span> <span class='ocrx_word' id='word_1_20' title='bbox 595 578 662 637; x_wconf 86' lang='lat' dir='ltr'>tam</span> <span class='ocrx_word' id='word_1_21' title='bbox 686 591 830 648; x_wconf 88' lang='lat' dir='ltr'>sacrum,</span> <span class='ocrx_word' id='word_1_22' title='bbox 856 577 889 638; x_wconf 93' lang='lat' dir='ltr'>et</span> <span class='ocrx_word' id='word_1_23' title='bbox 916 577 1098 653; x_wconf 89' lang='lat' dir='ltr'>pretiosum</span> <span class='ocrx_word' id='word_1_24' title='bbox 1151 576 1193 639; x_wconf 91' lang='lat' dir='ltr'>ad</span> <span class='ocrx_word' id='word_1_25' title='bbox 1209 578 1401 640; x_wconf 87' lang='lat' dir='ltr'>Pontificem</span> <span class='ocrx_word' id='word_1_26' title='bbox 1415 577 1535 650; x_wconf 88' lang='lat' dir='ltr'>delata,</span> <span class='ocrx_word' id='word_1_27' title='bbox 1553 580 1695 655; x_wconf 90' lang='lat' dir='ltr'>primum</span> <span class='ocrx_word' id='word_1_28' title='bbox 1710 581 1908 659; x_wconf 69' lang='lat' dir='ltr'>episcopuss-</span> 
     </span>
     <span class='ocr_line' id='line_1_4' title="bbox 300 671 1908 757; baseline 0.005 -22"><span class='ocrx_word' id='word_1_29' title='bbox 300 676 422 752; x_wconf 90' lang='lat' dir='ltr'>pignus</span> <span class='ocrx_word' id='word_1_30' title='bbox 435 673 624 734; x_wconf 80' lang='lat' dir='ltr'>auferretur</span> <span class='ocrx_word' id='word_1_31' title='bbox 633 671 675 734; x_wconf 94' lang='lat' dir='ltr'>ab</span> <span class='ocrx_word' id='word_1_32' title='bbox 686 673 820 745; x_wconf 91' lang='lat' dir='ltr'>Ordine,</span> <span class='ocrx_word' id='word_1_33' title='bbox 829 673 932 735; x_wconf 83' lang='lat' dir='ltr'>veluti</span> <span class='ocrx_word' id='word_1_34' title='bbox 942 689 1004 752; x_wconf 91' lang='lat' dir='ltr'>per</span> <span class='ocrx_word' id='word_1_35' title='bbox 1013 675 1097 735; x_wconf 90' lang='lat' dir='ltr'>alios</span> <span class='ocrx_word' id='word_1_36' title='bbox 1152 675 1286 737; x_wconf 89' lang='lat' dir='ltr'>sisieusi</span> <span class='ocrx_word' id='word_1_37' title='bbox 1299 675 1490 737; x_wconf 89' lang='lat' dir='ltr'>mandatum</span> <span class='ocrx_word' id='word_1_38' title='bbox 1505 675 1578 746; x_wconf 87' lang='lat' dir='ltr'>fuit,</span> <span class='ocrx_word' id='word_1_39' title='bbox 1590 679 1676 737; x_wconf 87' lang='lat' dir='ltr'>utea</span> <span class='ocrx_word' id='word_1_40' title='bbox 1686 678 1846 751; x_wconf 80' lang='lat' dir='ltr'>duntaxat,</span> <span class='ocrx_word' id='word_1_41' title='bbox 1856 699 1908 757; x_wconf 86' lang='lat' dir='ltr'>qua</span> 
     </span>
     <span class='ocr_line' id='line_1_5' title="bbox 301 770 1907 854; baseline 0.004 -22"><span class='ocrx_word' id='word_1_42' title='bbox 301 772 396 848; x_wconf 89' lang='lat' dir='ltr'>prius</span> <span class='ocrx_word' id='word_1_43' title='bbox 412 770 522 831; x_wconf 84' lang='lat' dir='ltr'>fuerat</span> <span class='ocrx_word' id='word_1_44' title='bbox 533 771 779 831; x_wconf 85' lang='lat' dir='ltr'>attentatum.»</span> <span class='ocrx_word' id='word_1_45' title='bbox 1152 788 1256 848; x_wconf 92' lang='lat' dir='ltr'>usque</span> <span class='ocrx_word' id='word_1_46' title='bbox 1281 776 1359 833; x_wconf 90' lang='lat' dir='ltr'>tunc</span> <span class='ocrx_word' id='word_1_47' title='bbox 1383 773 1456 833; x_wconf 90' lang='lat' dir='ltr'>acta</span> <span class='ocrx_word' id='word_1_48' title='bbox 1478 772 1741 849; x_wconf 89' lang='lat' dir='ltr'>proferebantur,</span> <span class='ocrx_word' id='word_1_49' title='bbox 1770 776 1828 837; x_wconf 90' lang='lat' dir='ltr'>rite</span> <span class='ocrx_word' id='word_1_50' title='bbox 1856 779 1907 854; x_wconf 89' lang='lat' dir='ltr'>ipse</span> 
     </span>
    </p>

    <p class='ocr_par' dir='ltr' id='par_1_3' title="bbox 295 865 1908 1528">
     <span class='ocr_line' id='line_1_6' title="bbox 340 865 1908 949; baseline 0.004 -21"><span class='ocrx_word' id='word_1_51' title='bbox 340 867 380 928; x_wconf 88' lang='lat' dir='ltr'>Et</span> <span class='ocrx_word' id='word_1_52' title='bbox 404 867 452 928; x_wconf 88' lang='lat' dir='ltr'>ita</span> <span class='ocrx_word' id='word_1_53' title='bbox 476 867 587 928; x_wconf 82' lang='lat' dir='ltr'>euenit</span> <span class='ocrx_word' id='word_1_54' title='bbox 609 869 645 928; x_wconf 90' lang='lat' dir='ltr'>ut</span> <span class='ocrx_word' id='word_1_55' title='bbox 668 869 795 943; x_wconf 91' lang='lat' dir='ltr'>postea,</span> <span class='ocrx_word' id='word_1_56' title='bbox 822 865 957 927; x_wconf 86' lang='lat' dir='ltr'>saeculis</span> <span class='ocrx_word' id='word_1_57' title='bbox 974 866 1097 943; x_wconf 89' lang='lat' dir='ltr'>elapsis</span> <span class='ocrx_word' id='word_1_58' title='bbox 1152 870 1376 943; x_wconf 89' lang='lat' dir='ltr'>cognosceret,</span> <span class='ocrx_word' id='word_1_59' title='bbox 1394 869 1472 946; x_wconf 92' lang='lat' dir='ltr'>quin</span> <span class='ocrx_word' id='word_1_60' title='bbox 1487 872 1598 930; x_wconf 87' lang='lat' dir='ltr'>tamen</span> <span class='ocrx_word' id='word_1_61' title='bbox 1613 870 1654 930; x_wconf 91' lang='lat' dir='ltr'>de</span> <span class='ocrx_word' id='word_1_62' title='bbox 1675 872 1908 949; x_wconf 86' lang='lat' dir='ltr'>sacrisreliquiis</span> 
     </span>
     <span class='ocr_line' id='line_1_7' title="bbox 300 961 1908 1044; baseline 0.005 -20"><span class='ocrx_word' id='word_1_63' title='bbox 300 964 466 1041; x_wconf 86' lang='lat' dir='ltr'>plurimis,</span> <span class='ocrx_word' id='word_1_64' title='bbox 489 962 700 1026; x_wconf 83' lang='lat' dir='ltr'>nesciebatur</span> <span class='ocrx_word' id='word_1_65' title='bbox 728 961 786 1024; x_wconf 91' lang='lat' dir='ltr'>ubi</span> <span class='ocrx_word' id='word_1_66' title='bbox 812 964 951 1042; x_wconf 87' lang='lat' dir='ltr'>praecise</span> <span class='ocrx_word' id='word_1_67' title='bbox 977 979 1097 1040; x_wconf 88' lang='lat' dir='ltr'>corpus</span> <span class='ocrx_word' id='word_1_68' title='bbox 1152 966 1368 1042; x_wconf 70' lang='lat' dir='ltr'>questionem</span> <span class='ocrx_word' id='word_1_69' title='bbox 1394 966 1595 1028; x_wconf 89' lang='lat' dir='ltr'>institueret.</span> <span class='ocrx_word' id='word_1_70' title='bbox 1625 969 1705 1028; x_wconf 83' lang='lat' dir='ltr'>Mox</span> <span class='ocrx_word' id='word_1_71' title='bbox 1730 983 1786 1044; x_wconf 88' lang='lat' dir='ltr'>per</span> <span class='ocrx_word' id='word_1_72' title='bbox 1810 968 1908 1031; x_wconf 82' lang='lat' dir='ltr'>litteras</span> 
     </span>
     <span class='ocr_line' id='line_1_8' title="bbox 295 1060 1907 1148; baseline 0.002 -26"><span class='ocrx_word' id='word_1_73' title='bbox 295 1063 435 1139; x_wconf 88' lang='lat' dir='ltr'>jaceret.</span> <span class='ocrx_word' id='word_1_74' title='bbox 452 1062 544 1148; x_wconf 86' lang='lat' dir='ltr'>Quod</span> <span class='ocrx_word' id='word_1_75' title='bbox 562 1062 731 1122; x_wconf 88' lang='lat' dir='ltr'>inventum</span> <span class='ocrx_word' id='word_1_76' title='bbox 747 1061 963 1123; x_wconf 88' lang='lat' dir='ltr'>fuitinannis</span> <span class='ocrx_word' id='word_1_77' title='bbox 978 1075 1099 1122; x_wconf 90' lang='lat' dir='ltr'>recen·</span> <span class='ocrx_word' id='word_1_78' title='bbox 1152 1061 1186 1121; x_wconf 91' lang='lat' dir='ltr'>in</span> <span class='ocrx_word' id='word_1_79' title='bbox 1213 1060 1319 1123; x_wconf 86' lang='lat' dir='ltr'>forma</span> <span class='ocrx_word' id='word_1_80' title='bbox 1345 1062 1468 1132; x_wconf 75' lang='lat' dir='ltr'>brevis</span> <span class='ocrx_word' id='word_1_81' title='bbox 1490 1062 1548 1123; x_wconf 88' lang='lat' dir='ltr'>alii</span> <span class='ocrx_word' id='word_1_82' title='bbox 1573 1063 1733 1141; x_wconf 85' lang='lat' dir='ltr'>episcopi,</span> <span class='ocrx_word' id='word_1_83' title='bbox 1755 1067 1907 1126; x_wconf 83' lang='lat' dir='ltr'>Nucerinus</span> 
     </span>
     <span class='ocr_line' id='line_1_9' title="bbox 299 1157 1908 1237; baseline 0.002 -18"><span class='ocrx_word' id='word_1_84' title='bbox 299 1157 454 1229; x_wconf 88' lang='lat' dir='ltr'>tioribus,</span> <span class='ocrx_word' id='word_1_85' title='bbox 469 1160 503 1219; x_wconf 93' lang='lat' dir='ltr'>et</span> <span class='ocrx_word' id='word_1_86' title='bbox 514 1158 708 1219; x_wconf 88' lang='lat' dir='ltr'>solemnitas</span> <span class='ocrx_word' id='word_1_87' title='bbox 719 1173 878 1219; x_wconf 89' lang='lat' dir='ltr'>concessa</span> <span class='ocrx_word' id='word_1_88' title='bbox 889 1160 1096 1219; x_wconf 86' lang='lat' dir='ltr'>estasencta</span> <span class='ocrx_word' id='word_1_89' title='bbox 1151 1173 1279 1235; x_wconf 86' lang='lat' dir='ltr'>nempe,</span> <span class='ocrx_word' id='word_1_90' title='bbox 1304 1160 1513 1235; x_wconf 85' lang='lat' dir='ltr'>spoletanus,</span> <span class='ocrx_word' id='word_1_91' title='bbox 1535 1160 1719 1221; x_wconf 89' lang='lat' dir='ltr'>Perusinus</span> <span class='ocrx_word' id='word_1_92' title='bbox 1740 1162 1772 1222; x_wconf 95' lang='lat' dir='ltr'>et</span> <span class='ocrx_word' id='word_1_93' title='bbox 1782 1161 1908 1237; x_wconf 86' lang='lat' dir='ltr'>Fulgina-</span> 
     </span>
     <span class='ocr_line' id='line_1_10' title="bbox 300 1254 1908 1333; baseline 0.004 -19"><span class='ocrx_word' id='word_1_94' title='bbox 300 1254 379 1316; x_wconf 91' lang='lat' dir='ltr'>sede</span> <span class='ocrx_word' id='word_1_95' title='bbox 394 1258 435 1317; x_wconf 84' lang='lat' dir='ltr'>de</span> <span class='ocrx_word' id='word_1_96' title='bbox 449 1256 654 1317; x_wconf 78' lang='lat' dir='ltr'>Inventione</span> <span class='ocrx_word' id='word_1_97' title='bbox 675 1259 831 1329; x_wconf 79' lang='lat' dir='ltr'>corporis</span> <span class='ocrx_word' id='word_1_98' title='bbox 844 1254 879 1317; x_wconf 85' lang='lat' dir='ltr'>S.</span> <span class='ocrx_word' id='word_1_99' title='bbox 902 1257 1094 1326; x_wconf 79' lang='lat' dir='ltr'>Frunotsct,</span> <span class='ocrx_word' id='word_1_100' title='bbox 1150 1256 1267 1324; x_wconf 87' lang='lat' dir='ltr'>tensis,</span> <span class='ocrx_word' id='word_1_101' title='bbox 1283 1256 1403 1333; x_wconf 87' lang='lat' dir='ltr'>adjecti</span> <span class='ocrx_word' id='word_1_102' title='bbox 1416 1256 1560 1327; x_wconf 90' lang='lat' dir='ltr'>fuerunt,</span> <span class='ocrx_word' id='word_1_103' title='bbox 1573 1259 1609 1318; x_wconf 93' lang='lat' dir='ltr'>ut</span> <span class='ocrx_word' id='word_1_104' title='bbox 1623 1256 1759 1317; x_wconf 89' lang='lat' dir='ltr'>insimul</span> <span class='ocrx_word' id='word_1_105' title='bbox 1768 1258 1801 1317; x_wconf 91' lang='lat' dir='ltr'>in</span> <span class='ocrx_word' id='word_1_106' title='bbox 1814 1274 1908 1320; x_wconf 88' lang='lat' dir='ltr'>meno-</span> 
     </span>
     <span class='ocr_line' id='line_1_11' title="bbox 300 1351 1907 1430; baseline 0.002 -17"><span class='ocrx_word' id='word_1_107' title='bbox 300 1351 344 1413; x_wconf 91' lang='lat' dir='ltr'>ah</span> <span class='ocrx_word' id='word_1_108' title='bbox 368 1352 458 1412; x_wconf 89' lang='lat' dir='ltr'>omni</span> <span class='ocrx_word' id='word_1_109' title='bbox 474 1351 596 1411; x_wconf 89' lang='lat' dir='ltr'>Ordine</span> <span class='ocrx_word' id='word_1_110' title='bbox 611 1351 820 1413; x_wconf 86' lang='lat' dir='ltr'>celebranda.</span> <span class='ocrx_word' id='word_1_111' title='bbox 843 1354 922 1413; x_wconf 85' lang='lat' dir='ltr'>Haeo</span> <span class='ocrx_word' id='word_1_112' title='bbox 941 1351 1097 1428; x_wconf 90' lang='lat' dir='ltr'>leguntur</span> <span class='ocrx_word' id='word_1_113' title='bbox 1151 1354 1258 1413; x_wconf 88' lang='lat' dir='ltr'>ratum</span> <span class='ocrx_word' id='word_1_114' title='bbox 1282 1352 1390 1414; x_wconf 88' lang='lat' dir='ltr'>locum</span> <span class='ocrx_word' id='word_1_115' title='bbox 1414 1353 1643 1425; x_wconf 83' lang='lat' dir='ltr'>convenirent,</span> <span class='ocrx_word' id='word_1_116' title='bbox 1660 1369 1762 1430; x_wconf 90' lang='lat' dir='ltr'>reque</span> <span class='ocrx_word' id='word_1_117' title='bbox 1786 1353 1907 1415; x_wconf 76' lang='lat' dir='ltr'>universa</span> 
     </span>
     <span class='ocr_line' id='line_1_12' title="bbox 300 1448 1907 1528; baseline 0.001 -19"><span class='ocrx_word' id='word_1_118' title='bbox 300 1448 336 1509; x_wconf 92' lang='lat' dir='ltr'>in</span> <span class='ocrx_word' id='word_1_119' title='bbox 351 1448 519 1509; x_wconf 77' lang='lat' dir='ltr'>breviario</span> <span class='ocrx_word' id='word_1_120' title='bbox 535 1448 759 1510; x_wconf 82' lang='lat' dir='ltr'>Franciseano</span> <span class='ocrx_word' id='word_1_121' title='bbox 775 1469 783 1508; x_wconf 74' lang='grc' dir='ltr'><em>ι</em></span> <span class='ocrx_word' id='word_1_122' title='bbox 1150 1449 1402 1510; x_wconf 85' lang='lat' dir='ltr'>accuratissime</span> <span class='ocrx_word' id='word_1_123' title='bbox 1424 1452 1612 1528; x_wconf 91' lang='lat' dir='ltr'>conspecta,</span> <span class='ocrx_word' id='word_1_124' title='bbox 1639 1451 1724 1511; x_wconf 78' lang='lat' dir='ltr'>viris</span> <span class='ocrx_word' id='word_1_125' title='bbox 1745 1451 1853 1512; x_wconf 87' lang='lat' dir='ltr'>artium</span> <span class='ocrx_word' id='word_1_126' title='bbox 1867 1468 1907 1527; x_wconf 92' lang='lat' dir='ltr'>pe-</span> 
     </span>
    </p>

    <p class='ocr_par' dir='ltr' id='par_1_4' title="bbox 282 1544 1907 2787">
     <span class='ocr_line' id='line_1_13' title="bbox 338 1544 1905 1622; baseline 0.001 -16"><span class='ocrx_word' id='word_1_127' title='bbox 338 1546 536 1611; x_wconf 82' lang='lat' dir='ltr'>hssisiensis</span> <span class='ocrx_word' id='word_1_128' title='bbox 558 1544 710 1613; x_wconf 89' lang='lat' dir='ltr'>basilica,</span> <span class='ocrx_word' id='word_1_129' title='bbox 724 1560 824 1622; x_wconf 89' lang='lat' dir='ltr'>quam</span> <span class='ocrx_word' id='word_1_130' title='bbox 842 1546 1023 1621; x_wconf 80' lang='lat' dir='ltr'>Gregorius</span> <span class='ocrx_word' id='word_1_131' title='bbox 1036 1546 1093 1617; x_wconf 86' lang='lat' dir='ltr'>IX,</span> <span class='ocrx_word' id='word_1_132' title='bbox 1150 1546 1225 1608; x_wconf 88' lang='lat' dir='ltr'>ritis</span> <span class='ocrx_word' id='word_1_133' title='bbox 1250 1550 1284 1608; x_wconf 93' lang='lat' dir='ltr'>et</span> <span class='ocrx_word' id='word_1_134' title='bbox 1310 1547 1346 1608; x_wconf 91' lang='lat' dir='ltr'>in</span> <span class='ocrx_word' id='word_1_135' title='bbox 1368 1562 1509 1608; x_wconf 84' lang='lat' dir='ltr'>examen</span> <span class='ocrx_word' id='word_1_136' title='bbox 1533 1548 1679 1619; x_wconf 83' lang='lat' dir='ltr'>vocatis,</span> <span class='ocrx_word' id='word_1_137' title='bbox 1708 1563 1748 1609; x_wconf 90' lang='lat' dir='ltr'>ea</span> <span class='ocrx_word' id='word_1_138' title='bbox 1770 1549 1905 1609; x_wconf 88' lang='lat' dir='ltr'>omniair</span> 
     </span>
     <span class='ocr_line' id='line_1_14' title="bbox 297 1641 1905 1721; baseline 0 -18"><span class='ocrx_word' id='word_1_139' title='bbox 297 1641 340 1704; x_wconf 94' lang='lat' dir='ltr'>ob</span> <span class='ocrx_word' id='word_1_140' title='bbox 356 1644 388 1703; x_wconf 90' lang='lat' dir='ltr'>S.</span> <span class='ocrx_word' id='word_1_141' title='bbox 405 1642 586 1714; x_wconf 87' lang='lat' dir='ltr'>Francisci,</span> <span class='ocrx_word' id='word_1_142' title='bbox 602 1643 833 1705; x_wconf 88' lang='lat' dir='ltr'>Minoritarum</span> <span class='ocrx_word' id='word_1_143' title='bbox 852 1643 1010 1720; x_wconf 85' lang='lat' dir='ltr'>parentis,</span> <span class='ocrx_word' id='word_1_144' title='bbox 1028 1642 1094 1703; x_wconf 91' lang='lat' dir='ltr'>ho·</span> <span class='ocrx_word' id='word_1_145' title='bbox 1149 1645 1223 1705; x_wconf 89' lang='lat' dir='ltr'>aeta</span> <span class='ocrx_word' id='word_1_146' title='bbox 1238 1643 1400 1705; x_wconf 88' lang='lat' dir='ltr'>solemnia</span> <span class='ocrx_word' id='word_1_147' title='bbox 1416 1644 1589 1715; x_wconf 78' lang='lat' dir='ltr'>referrent,</span> <span class='ocrx_word' id='word_1_148' title='bbox 1600 1660 1639 1705; x_wconf 89' lang='lat' dir='ltr'>ae</span> <span class='ocrx_word' id='word_1_149' title='bbox 1645 1644 1822 1721; x_wconf 88' lang='lat' dir='ltr'>juridicum</span> <span class='ocrx_word' id='word_1_150' title='bbox 1835 1660 1905 1720; x_wconf 87' lang='lat' dir='ltr'>super</span> 
     </span>
     <span class='ocr_line' id='line_1_15' title="bbox 298 1738 1906 1817; baseline 0 -17"><span class='ocrx_word' id='word_1_151' title='bbox 298 1754 426 1811; x_wconf 87' lang='lat' dir='ltr'>norem,</span> <span class='ocrx_word' id='word_1_152' title='bbox 442 1741 541 1817; x_wconf 91' lang='lat' dir='ltr'>atque</span> <span class='ocrx_word' id='word_1_153' title='bbox 556 1741 744 1802; x_wconf 86' lang='lat' dir='ltr'>adsacrum</span> <span class='ocrx_word' id='word_1_154' title='bbox 763 1741 870 1817; x_wconf 90' lang='lat' dir='ltr'>ipsius</span> <span class='ocrx_word' id='word_1_155' title='bbox 885 1755 1006 1816; x_wconf 90' lang='lat' dir='ltr'>corpus</span> <span class='ocrx_word' id='word_1_156' title='bbox 1021 1738 1094 1799; x_wconf 91' lang='lat' dir='ltr'>loco</span> <span class='ocrx_word' id='word_1_157' title='bbox 1149 1739 1323 1802; x_wconf 89' lang='lat' dir='ltr'>identitate</span> <span class='ocrx_word' id='word_1_158' title='bbox 1345 1742 1433 1802; x_wconf 87' lang='lat' dir='ltr'>sacri</span> <span class='ocrx_word' id='word_1_159' title='bbox 1452 1741 1602 1817; x_wconf 89' lang='lat' dir='ltr'>eorporis</span> <span class='ocrx_word' id='word_1_160' title='bbox 1628 1756 1816 1816; x_wconf 86' lang='lat' dir='ltr'>processum</span> <span class='ocrx_word' id='word_1_161' title='bbox 1836 1756 1906 1816; x_wconf 85' lang='lat' dir='ltr'>pera·</span> 
     </span>
     <span class='ocr_line' id='line_1_16' title="bbox 298 1835 1905 1913; baseline 0 -16"><span class='ocrx_word' id='word_1_162' title='bbox 298 1835 534 1898; x_wconf 87' lang='lat' dir='ltr'>honestissimo</span> <span class='ocrx_word' id='word_1_163' title='bbox 560 1838 778 1909; x_wconf 89' lang='lat' dir='ltr'>condendum,</span> <span class='ocrx_word' id='word_1_164' title='bbox 795 1837 967 1899; x_wconf 89' lang='lat' dir='ltr'>molitione</span> <span class='ocrx_word' id='word_1_165' title='bbox 982 1835 1093 1897; x_wconf 93' lang='lat' dir='ltr'>admi·</span> <span class='ocrx_word' id='word_1_166' title='bbox 1148 1840 1276 1913; x_wconf 82' lang='lat' dir='ltr'>gerent,</span> <span class='ocrx_word' id='word_1_167' title='bbox 1287 1837 1512 1913; x_wconf 79' lang='lat' dir='ltr'>obsignarent,</span> <span class='ocrx_word' id='word_1_168' title='bbox 1529 1838 1614 1899; x_wconf 88' lang='lat' dir='ltr'>etad</span> <span class='ocrx_word' id='word_1_169' title='bbox 1630 1839 1754 1900; x_wconf 89' lang='lat' dir='ltr'>Urbem</span> <span class='ocrx_word' id='word_1_170' title='bbox 1764 1839 1905 1905; x_wconf 85' lang='lat' dir='ltr'>mitterent,</span> 
     </span>
     <span class='ocr_line' id='line_1_17' title="bbox 296 1933 1907 2012; baseline -0.001 -17"><span class='ocrx_word' id='word_1_171' title='bbox 296 1933 396 1995; x_wconf 88' lang='lat' dir='ltr'>rabili</span> <span class='ocrx_word' id='word_1_172' title='bbox 407 1936 627 1996; x_wconf 82' lang='lat' dir='ltr'>extruendam</span> <span class='ocrx_word' id='word_1_173' title='bbox 642 1934 684 1996; x_wconf 89' lang='lat' dir='ltr'>ab</span> <span class='ocrx_word' id='word_1_174' title='bbox 695 1934 852 1996; x_wconf 88' lang='lat' dir='ltr'>inchoata</span> <span class='ocrx_word' id='word_1_175' title='bbox 868 1933 1010 2005; x_wconf 88' lang='lat' dir='ltr'>curavit,</span> <span class='ocrx_word' id='word_1_176' title='bbox 1023 1933 1096 1993; x_wconf 90' lang='lat' dir='ltr'>sin·</span> <span class='ocrx_word' id='word_1_177' title='bbox 1149 1934 1311 2012; x_wconf 91' lang='lat' dir='ltr'>simulque</span> <span class='ocrx_word' id='word_1_178' title='bbox 1326 1935 1555 2011; x_wconf 86' lang='lat' dir='ltr'>significarent</span> <span class='ocrx_word' id='word_1_179' title='bbox 1578 1935 1658 2012; x_wconf 92' lang='lat' dir='ltr'>quid</span> <span class='ocrx_word' id='word_1_180' title='bbox 1673 1935 1714 1996; x_wconf 90' lang='lat' dir='ltr'>de</span> <span class='ocrx_word' id='word_1_181' title='bbox 1729 1951 1764 1997; x_wconf 91' lang='lat' dir='ltr'>re</span> <span class='ocrx_word' id='word_1_182' title='bbox 1777 1936 1840 2012; x_wconf 86' lang='lat' dir='ltr'>ipsa</span> <span class='ocrx_word' id='word_1_183' title='bbox 1852 1951 1907 1995; x_wconf 87' lang='lat' dir='ltr'>ser·</span> 
     </span>
     <span class='ocr_line' id='line_1_18' title="bbox 298 2029 1903 2110; baseline -0.001 -19"><span class='ocrx_word' id='word_1_184' title='bbox 298 2032 407 2107; x_wconf 87' lang='lat' dir='ltr'>gulari</span> <span class='ocrx_word' id='word_1_185' title='bbox 430 2033 572 2110; x_wconf 88' lang='lat' dir='ltr'>quadam</span> <span class='ocrx_word' id='word_1_186' title='bbox 596 2032 719 2094; x_wconf 85' lang='lat' dir='ltr'>divinae</span> <span class='ocrx_word' id='word_1_187' title='bbox 735 2032 958 2093; x_wconf 78' lang='lat' dir='ltr'>Prouidentiae</span> <span class='ocrx_word' id='word_1_188' title='bbox 975 2029 1093 2106; x_wconf 90' lang='lat' dir='ltr'>dispo·</span> <span class='ocrx_word' id='word_1_189' title='bbox 1148 2031 1259 2093; x_wconf 91' lang='lat' dir='ltr'>tirent.</span> <span class='ocrx_word' id='word_1_190' title='bbox 1288 2032 1347 2092; x_wconf 86' lang='lat' dir='ltr'>His</span> <span class='ocrx_word' id='word_1_191' title='bbox 1369 2031 1523 2092; x_wconf 90' lang='lat' dir='ltr'>omnibus</span> <span class='ocrx_word' id='word_1_192' title='bbox 1547 2029 1723 2103; x_wconf 88' lang='lat' dir='ltr'>absolutis,</span> <span class='ocrx_word' id='word_1_193' title='bbox 1752 2032 1859 2092; x_wconf 82' lang='lat' dir='ltr'>Christi</span> <span class='ocrx_word' id='word_1_194' title='bbox 1880 2033 1903 2090; x_wconf 87' lang='lat' dir='ltr'>iu</span> 
     </span>
     <span class='ocr_line' id='line_1_19' title="bbox 297 2126 1906 2205; baseline -0.001 -16"><span class='ocrx_word' id='word_1_195' title='bbox 297 2128 434 2201; x_wconf 90' lang='lat' dir='ltr'>sitione,</span> <span class='ocrx_word' id='word_1_196' title='bbox 454 2129 512 2190; x_wconf 94' lang='lat' dir='ltr'>illo</span> <span class='ocrx_word' id='word_1_197' title='bbox 536 2129 708 2204; x_wconf 83' lang='lat' dir='ltr'>dignitatis</span> <span class='ocrx_word' id='word_1_198' title='bbox 723 2145 762 2190; x_wconf 88' lang='lat' dir='ltr'>ac</span> <span class='ocrx_word' id='word_1_199' title='bbox 783 2129 900 2205; x_wconf 86' lang='lat' dir='ltr'>gloriae</span> <span class='ocrx_word' id='word_1_200' title='bbox 916 2126 1093 2203; x_wconf 85' lang='lat' dir='ltr'>splendore</span> <span class='ocrx_word' id='word_1_201' title='bbox 1149 2129 1246 2190; x_wconf 90' lang='lat' dir='ltr'>terris</span> <span class='ocrx_word' id='word_1_202' title='bbox 1268 2129 1422 2190; x_wconf 82' lang='lat' dir='ltr'>vicarius</span> <span class='ocrx_word' id='word_1_203' title='bbox 1445 2131 1519 2190; x_wconf 89' lang='lat' dir='ltr'>acta</span> <span class='ocrx_word' id='word_1_204' title='bbox 1543 2130 1658 2190; x_wconf 91' lang='lat' dir='ltr'>omnia</span> <span class='ocrx_word' id='word_1_205' title='bbox 1685 2128 1870 2190; x_wconf 88' lang='lat' dir='ltr'>discutienda</span> <span class='ocrx_word' id='word_1_206' title='bbox 1884 2131 1906 2188; x_wconf 88' lang='lat' dir='ltr'>et</span> 
     </span>
     <span class='ocr_line' id='line_1_20' title="bbox 282 2223 1905 2304; baseline -0.003 -17"><span class='ocrx_word' id='word_1_207' title='bbox 282 2227 464 2287; x_wconf 83' lang='lat' dir='ltr'>cumulata</span> <span class='ocrx_word' id='word_1_208' title='bbox 481 2226 553 2298; x_wconf 90' lang='lat' dir='ltr'>fuit,</span> <span class='ocrx_word' id='word_1_209' title='bbox 570 2227 626 2304; x_wconf 91' lang='lat' dir='ltr'>qui</span> <span class='ocrx_word' id='word_1_210' title='bbox 641 2227 682 2287; x_wconf 89' lang='lat' dir='ltr'>ad</span> <span class='ocrx_word' id='word_1_211' title='bbox 694 2225 875 2303; x_wconf 88' lang='lat' dir='ltr'>perfectum</span> <span class='ocrx_word' id='word_1_212' title='bbox 891 2223 1095 2303; x_wconf 87' lang='lat' dir='ltr'>absolutum·</span> <span class='ocrx_word' id='word_1_213' title='bbox 1148 2225 1381 2302; x_wconf 88' lang='lat' dir='ltr'>perpendenda</span> <span class='ocrx_word' id='word_1_214' title='bbox 1408 2226 1621 2288; x_wconf 80' lang='lat' dir='ltr'>demandauit</span> <span class='ocrx_word' id='word_1_215' title='bbox 1648 2226 1779 2288; x_wconf 77' lang='lat' dir='ltr'>selecta</span> <span class='ocrx_word' id='word_1_216' title='bbox 1807 2225 1905 2286; x_wconf 84' lang='lat' dir='ltr'>ouidm</span> 
     </span>
     <span class='ocr_line' id='line_1_21' title="bbox 296 2320 1905 2402; baseline -0.003 -18"><span class='ocrx_word' id='word_1_217' title='bbox 296 2340 361 2402; x_wconf 90' lang='lat' dir='ltr'>que</span> <span class='ocrx_word' id='word_1_218' title='bbox 376 2324 525 2400; x_wconf 90' lang='lat' dir='ltr'>ejusdem</span> <span class='ocrx_word' id='word_1_219' title='bbox 539 2323 639 2384; x_wconf 90' lang='lat' dir='ltr'>decus</span> <span class='ocrx_word' id='word_1_220' title='bbox 649 2323 834 2384; x_wconf 87' lang='lat' dir='ltr'>desiderari</span> <span class='ocrx_word' id='word_1_221' title='bbox 846 2322 944 2383; x_wconf 89' lang='lat' dir='ltr'>unice</span> <span class='ocrx_word' id='word_1_222' title='bbox 955 2320 1095 2382; x_wconf 85' lang='lat' dir='ltr'>rideba—</span> <span class='ocrx_word' id='word_1_223' title='bbox 1148 2324 1414 2398; x_wconf 76' lang='lat' dir='ltr'>congregationi.</span> <span class='ocrx_word' id='word_1_224' title='bbox 1444 2324 1569 2385; x_wconf 86' lang='lat' dir='ltr'>Deinde</span> <span class='ocrx_word' id='word_1_225' title='bbox 1593 2339 1688 2395; x_wconf 84' lang='lat' dir='ltr'>vero,</span> <span class='ocrx_word' id='word_1_226' title='bbox 1710 2338 1834 2385; x_wconf 79' lang='lat' dir='ltr'>causmr</span> <span class='ocrx_word' id='word_1_227' title='bbox 1852 2320 1905 2380; x_wconf 92' lang='lat' dir='ltr'>uni-</span> 
     </span>
     <span class='ocr_line' id='line_1_22' title="bbox 296 2418 1904 2499; baseline -0.004 -16"><span class='ocrx_word' id='word_1_228' title='bbox 296 2421 362 2483; x_wconf 87' lang='lat' dir='ltr'>tur.</span> <span class='ocrx_word' id='word_1_229' title='bbox 380 2422 551 2482; x_wconf 85' lang='lat' dir='ltr'>Communi</span> <span class='ocrx_word' id='word_1_230' title='bbox 568 2420 690 2499; x_wconf 90' lang='lat' dir='ltr'>quippe</span> <span class='ocrx_word' id='word_1_231' title='bbox 709 2420 929 2483; x_wconf 88' lang='lat' dir='ltr'>consensione</span> <span class='ocrx_word' id='word_1_232' title='bbox 953 2432 1092 2494; x_wconf 89' lang='lat' dir='ltr'>perere·</span> <span class='ocrx_word' id='word_1_233' title='bbox 1147 2436 1279 2480; x_wconf 83' lang='lat' dir='ltr'>versam</span> <span class='ocrx_word' id='word_1_234' title='bbox 1301 2421 1389 2481; x_wconf 89' lang='lat' dir='ltr'>serio</span> <span class='ocrx_word' id='word_1_235' title='bbox 1410 2421 1655 2499; x_wconf 87' lang='lat' dir='ltr'>diligenterque</span> <span class='ocrx_word' id='word_1_236' title='bbox 1671 2418 1904 2482; x_wconf 85' lang='lat' dir='ltr'>considerandam</span> 
     </span>
     <span class='ocr_line' id='line_1_23' title="bbox 296 2515 1905 2595; baseline -0.004 -16"><span class='ocrx_word' id='word_1_237' title='bbox 296 2517 425 2591; x_wconf 88' lang='lat' dir='ltr'>buerat,</span> <span class='ocrx_word' id='word_1_238' title='bbox 449 2518 510 2579; x_wconf 90' lang='lat' dir='ltr'>suh</span> <span class='ocrx_word' id='word_1_239' title='bbox 532 2534 592 2579; x_wconf 87' lang='lat' dir='ltr'>ara</span> <span class='ocrx_word' id='word_1_240' title='bbox 607 2518 758 2595; x_wconf 89' lang='lat' dir='ltr'>principe</span> <span class='ocrx_word' id='word_1_241' title='bbox 773 2518 922 2594; x_wconf 74' lang='lat' dir='ltr'>eiusdem</span> <span class='ocrx_word' id='word_1_242' title='bbox 943 2515 1092 2577; x_wconf 87' lang='lat' dir='ltr'>basilicae</span> <span class='ocrx_word' id='word_1_243' title='bbox 1146 2517 1219 2593; x_wconf 88' lang='lat' dir='ltr'>ipse</span> <span class='ocrx_word' id='word_1_244' title='bbox 1229 2518 1385 2594; x_wconf 89' lang='lat' dir='ltr'>suscepit,</span> <span class='ocrx_word' id='word_1_245' title='bbox 1398 2519 1497 2593; x_wconf 91' lang='lat' dir='ltr'>atque</span> <span class='ocrx_word' id='word_1_246' title='bbox 1508 2517 1672 2595; x_wconf 89' lang='lat' dir='ltr'>peculiari</span> <span class='ocrx_word' id='word_1_247' title='bbox 1685 2518 1802 2579; x_wconf 83' lang='lat' dir='ltr'>dirinae</span> <span class='ocrx_word' id='word_1_248' title='bbox 1810 2515 1905 2591; x_wconf 90' lang='lat' dir='ltr'>sapien·</span> 
     </span>
     <span class='ocr_line' id='line_1_24' title="bbox 297 2613 1905 2693; baseline -0.003 -18"><span class='ocrx_word' id='word_1_249' title='bbox 297 2613 409 2676; x_wconf 89' lang='lat' dir='ltr'>locum</span> <span class='ocrx_word' id='word_1_250' title='bbox 432 2631 506 2676; x_wconf 88' lang='lat' dir='ltr'>esse</span> <span class='ocrx_word' id='word_1_251' title='bbox 529 2617 564 2676; x_wconf 92' lang='lat' dir='ltr'>in</span> <span class='ocrx_word' id='word_1_252' title='bbox 585 2631 649 2693; x_wconf 92' lang='lat' dir='ltr'>quo</span> <span class='ocrx_word' id='word_1_253' title='bbox 664 2614 730 2675; x_wconf 83' lang='lat' dir='ltr'>viri</span> <span class='ocrx_word' id='word_1_254' title='bbox 753 2613 955 2676; x_wconf 89' lang='lat' dir='ltr'>sanctissimi</span> <span class='ocrx_word' id='word_1_255' title='bbox 971 2628 1091 2689; x_wconf 89' lang='lat' dir='ltr'>corpus</span> <span class='ocrx_word' id='word_1_256' title='bbox 1148 2615 1202 2675; x_wconf 88' lang='lat' dir='ltr'>tiae</span> <span class='ocrx_word' id='word_1_257' title='bbox 1222 2614 1378 2692; x_wconf 82' lang='lat' dir='ltr'>praesidio</span> <span class='ocrx_word' id='word_1_258' title='bbox 1399 2614 1504 2675; x_wconf 91' lang='lat' dir='ltr'>multa</span> <span class='ocrx_word' id='word_1_259' title='bbox 1528 2615 1716 2692; x_wconf 86' lang='lat' dir='ltr'>humilique</span> <span class='ocrx_word' id='word_1_260' title='bbox 1741 2628 1830 2691; x_wconf 87' lang='lat' dir='ltr'>prece</span> <span class='ocrx_word' id='word_1_261' title='bbox 1848 2627 1905 2671; x_wconf 79' lang='lat' dir='ltr'>ero</span> 
     </span>
     <span class='ocr_line' id='line_1_25' title="bbox 296 2709 1904 2787; baseline -0.004 -15"><span class='ocrx_word' id='word_1_262' title='bbox 296 2712 455 2774; x_wconf 80' lang='lat' dir='ltr'>exstaret.</span> <span class='ocrx_word' id='word_1_263' title='bbox 475 2714 598 2773; x_wconf 79' lang='lat' dir='ltr'>Verum</span> <span class='ocrx_word' id='word_1_264' title='bbox 616 2711 763 2773; x_wconf 90' lang='lat' dir='ltr'>nondum</span> <span class='ocrx_word' id='word_1_265' title='bbox 778 2710 967 2772; x_wconf 87' lang='lat' dir='ltr'>adinveniri</span> <span class='ocrx_word' id='word_1_266' title='bbox 982 2724 1091 2786; x_wconf 88' lang='lat' dir='ltr'>posse,</span> <span class='ocrx_word' id='word_1_267' title='bbox 1147 2713 1231 2783; x_wconf 90' lang='lat' dir='ltr'>rato,</span> <span class='ocrx_word' id='word_1_268' title='bbox 1258 2712 1357 2772; x_wconf 91' lang='lat' dir='ltr'>nonis</span> <span class='ocrx_word' id='word_1_269' title='bbox 1378 2711 1576 2787; x_wconf 90' lang='lat' dir='ltr'>septembris</span> <span class='ocrx_word' id='word_1_270' title='bbox 1590 2727 1681 2773; x_wconf 87' lang='lat' dir='ltr'>anno</span> <span class='ocrx_word' id='word_1_271' title='bbox 1698 2712 1774 2772; x_wconf 81' lang='lat'>1820</span> <span class='ocrx_word' id='word_1_272' title='bbox 1790 2709 1904 2770; x_wconf 82' lang='lat' dir='ltr'>edixitet</span> 
     </span>
    </p>
   </div>
   <div class='ocr_carea' id='block_1_3' title="bbox 167 2794 1903 2885">
    <p class='ocr_par' dir='ltr' id='par_1_5' title="bbox 167 2794 1903 2885">
     <span class='ocr_line' id='line_1_26' title="bbox 167 2794 1903 2885; baseline -0.005 -15"><span class='ocrx_word' id='word_1_273' title='bbox 167 2794 170 2801; x_wconf 69' lang='grc'><strong>’</strong></span> <span class='ocrx_word' id='word_1_274' title='bbox 297 2809 397 2884; x_wconf 88' lang='lat' dir='ltr'>atque</span> <span class='ocrx_word' id='word_1_275' title='bbox 434 2808 467 2868; x_wconf 91' lang='lat' dir='ltr'>in</span> <span class='ocrx_word' id='word_1_276' title='bbox 503 2808 627 2880; x_wconf 89' lang='lat' dir='ltr'>lucem,</span> <span class='ocrx_word' id='word_1_277' title='bbox 657 2810 892 2885; x_wconf 87' lang='lat' dir='ltr'>aspectumque</span> <span class='ocrx_word' id='word_1_278' title='bbox 920 2807 1092 2868; x_wconf 91' lang='lat' dir='ltr'>hominum</span> <span class='ocrx_word' id='word_1_279' title='bbox 1148 2808 1599 2870; x_wconf 81' lang='lat' dir='ltr'>declaravit:‹constarede</span> <span class='ocrx_word' id='word_1_280' title='bbox 1609 2808 1781 2870; x_wconf 91' lang='lat' dir='ltr'>identitate</span> <span class='ocrx_word' id='word_1_281' title='bbox 1790 2804 1903 2881; x_wconf 88' lang='lat' dir='ltr'>corporis</span> 
     </span>
    </p>
   </div>
   <div class='ocr_carea' id='block_1_4' title="bbox 293 2900 1905 4928">
    <p class='ocr_par' dir='ltr' id='par_1_6' title="bbox 293 2900 1905 4831">
     <span class='ocr_line' id='line_1_27' title="bbox 295 2900 1904 2982; baseline -0.007 -15"><span class='ocrx_word' id='word_1_282' title='bbox 295 2905 450 2982; x_wconf 88' lang='lat' dir='ltr'>proferri,</span> <span class='ocrx_word' id='word_1_283' title='bbox 475 2905 656 2967; x_wconf 85' lang='lat' dir='ltr'>lectissima</span> <span class='ocrx_word' id='word_1_284' title='bbox 681 2906 766 2966; x_wconf 88' lang='lat' dir='ltr'>tanti</span> <span class='ocrx_word' id='word_1_285' title='bbox 788 2904 892 2981; x_wconf 90' lang='lat' dir='ltr'>patris</span> <span class='ocrx_word' id='word_1_286' title='bbox 907 2904 1034 2964; x_wconf 89' lang='lat' dir='ltr'>familia</span> <span class='ocrx_word' id='word_1_287' title='bbox 1061 2904 1093 2965; x_wconf 91' lang='lat' dir='ltr'>et</span> <span class='ocrx_word' id='word_1_288' title='bbox 1147 2919 1255 2979; x_wconf 89' lang='lat' dir='ltr'>nuper</span> <span class='ocrx_word' id='word_1_289' title='bbox 1269 2903 1330 2964; x_wconf 90' lang='lat' dir='ltr'>suh</span> <span class='ocrx_word' id='word_1_290' title='bbox 1355 2919 1415 2965; x_wconf 88' lang='lat' dir='ltr'>ara</span> <span class='ocrx_word' id='word_1_291' title='bbox 1435 2904 1581 2964; x_wconf 82' lang='lat' dir='ltr'>maxima</span> <span class='ocrx_word' id='word_1_292' title='bbox 1603 2903 1774 2965; x_wconf 89' lang='lat' dir='ltr'>inferioris</span> <span class='ocrx_word' id='word_1_293' title='bbox 1791 2900 1904 2963; x_wconf 81' lang='lat' dir='ltr'>basilica</span> 
     </span>
     <span class='ocr_line' id='line_1_28' title="bbox 295 3000 1904 3077; baseline -0.007 -14"><span class='ocrx_word' id='word_1_294' title='bbox 295 3017 351 3063; x_wconf 90' lang='lat' dir='ltr'>res</span> <span class='ocrx_word' id='word_1_295' title='bbox 373 3002 556 3064; x_wconf 87' lang='lat' dir='ltr'>christiana</span> <span class='ocrx_word' id='word_1_296' title='bbox 587 3002 793 3064; x_wconf 85' lang='lat' dir='ltr'>condolebat.</span> <span class='ocrx_word' id='word_1_297' title='bbox 822 3003 890 3062; x_wconf 91' lang='lat' dir='ltr'>lmo</span> <span class='ocrx_word' id='word_1_298' title='bbox 915 3000 1040 3061; x_wconf 91' lang='lat' dir='ltr'>Paulus</span> <span class='ocrx_word' id='word_1_299' title='bbox 1064 3003 1093 3062; x_wconf 86' lang='lat' dir='ltr'>V</span> <span class='ocrx_word' id='word_1_300' title='bbox 1146 3001 1346 3061; x_wconf 70' lang='lat' dir='ltr'>assisiensis</span> <span class='ocrx_word' id='word_1_301' title='bbox 1366 3000 1509 3073; x_wconf 87' lang='lat' dir='ltr'>inventi,</span> <span class='ocrx_word' id='word_1_302' title='bbox 1525 3001 1678 3077; x_wconf 89' lang='lat' dir='ltr'>illudque</span> <span class='ocrx_word' id='word_1_303' title='bbox 1693 3010 1904 3072; x_wconf 86' lang='lat' dir='ltr'>reveracorpus</span> 
     </span>
     <span class='ocr_line' id='line_1_29' title="bbox 296 3092 1905 3177; baseline -0.006 -16"><span class='ocrx_word' id='word_1_304' title='bbox 296 3100 421 3161; x_wconf 87' lang='lat' dir='ltr'>diserte</span> <span class='ocrx_word' id='word_1_305' title='bbox 434 3100 534 3168; x_wconf 86' lang='lat' dir='ltr'>cavit,</span> <span class='ocrx_word' id='word_1_306' title='bbox 550 3100 587 3162; x_wconf 91' lang='lat' dir='ltr'>ut</span> <span class='ocrx_word' id='word_1_307' title='bbox 601 3115 733 3161; x_wconf 89' lang='lat' dir='ltr'>sacrum</span> <span class='ocrx_word' id='word_1_308' title='bbox 749 3115 868 3177; x_wconf 88' lang='lat' dir='ltr'>corpus</span> <span class='ocrx_word' id='word_1_309' title='bbox 885 3100 1090 3176; x_wconf 89' lang='lat' dir='ltr'>perquirere,</span> <span class='ocrx_word' id='word_1_310' title='bbox 1146 3114 1221 3160; x_wconf 91' lang='lat' dir='ltr'>esse</span> <span class='ocrx_word' id='word_1_311' title='bbox 1242 3101 1275 3160; x_wconf 89' lang='lat' dir='ltr'>S.</span> <span class='ocrx_word' id='word_1_312' title='bbox 1294 3099 1477 3170; x_wconf 84' lang='lat' dir='ltr'>Francisci,</span> <span class='ocrx_word' id='word_1_313' title='bbox 1494 3099 1627 3161; x_wconf 91' lang='lat' dir='ltr'>Ordinis</span> <span class='ocrx_word' id='word_1_314' title='bbox 1640 3100 1803 3160; x_wconf 79' lang='lat' dir='ltr'>Minorem</span> <span class='ocrx_word' id='word_1_315' title='bbox 1815 3092 1905 3156; x_wconf 88' lang='lat' dir='ltr'>funda·</span> 
     </span>
     <span class='ocr_line' id='line_1_30' title="bbox 296 3195 1905 3275; baseline -0.006 -17"><span class='ocrx_word' id='word_1_316' title='bbox 296 3196 528 3275; x_wconf 91' lang='lat' dir='ltr'>fossionesque</span> <span class='ocrx_word' id='word_1_317' title='bbox 558 3199 616 3258; x_wconf 91' lang='lat' dir='ltr'>aut</span> <span class='ocrx_word' id='word_1_318' title='bbox 639 3197 729 3257; x_wconf 91' lang='lat' dir='ltr'>aliud</span> <span class='ocrx_word' id='word_1_319' title='bbox 759 3196 928 3274; x_wconf 88' lang='lat' dir='ltr'>quidpiam</span> <span class='ocrx_word' id='word_1_320' title='bbox 955 3196 989 3256; x_wconf 93' lang='lat' dir='ltr'>in</span> <span class='ocrx_word' id='word_1_321' title='bbox 1016 3211 1092 3256; x_wconf 90' lang='lat' dir='ltr'>eum</span> <span class='ocrx_word' id='word_1_322' title='bbox 1146 3196 1241 3257; x_wconf 88' lang='lat' dir='ltr'>toris.</span> <span class='ocrx_word' id='word_1_323' title='bbox 1256 3213 1275 3255; x_wconf 76' lang='lat' dir='ltr'>s</span> <span class='ocrx_word' id='word_1_324' title='bbox 1289 3195 1403 3257; x_wconf 88' lang='lat' dir='ltr'>Voluit</span> <span class='ocrx_word' id='word_1_325' title='bbox 1417 3198 1545 3268; x_wconf 91' lang='lat' dir='ltr'>tamen,</span> <span class='ocrx_word' id='word_1_326' title='bbox 1562 3195 1905 3266; x_wconf 89' lang='lat' dir='ltr'>nevenerahilecorpus</span> 
     </span>
     <span class='ocr_line' id='line_1_31' title="bbox 295 3286 1905 3372; baseline -0.007 -17"><span class='ocrx_word' id='word_1_327' title='bbox 295 3295 396 3356; x_wconf 86' lang='lat' dir='ltr'>finem</span> <span class='ocrx_word' id='word_1_328' title='bbox 418 3295 607 3372; x_wconf 88' lang='lat' dir='ltr'>pertentare</span> <span class='ocrx_word' id='word_1_329' title='bbox 631 3294 682 3355; x_wconf 89' lang='lat' dir='ltr'>fas</span> <span class='ocrx_word' id='word_1_330' title='bbox 707 3296 796 3355; x_wconf 90' lang='lat' dir='ltr'>esset</span> <span class='ocrx_word' id='word_1_331' title='bbox 815 3292 953 3354; x_wconf 87' lang='lat' dir='ltr'>nemini.</span> <span class='ocrx_word' id='word_1_332' title='bbox 977 3292 1093 3354; x_wconf 85' lang='lat' dir='ltr'>illuxit</span> <span class='ocrx_word' id='word_1_333' title='bbox 1147 3308 1191 3354; x_wconf 84' lang='lat' dir='ltr'>ex</span> <span class='ocrx_word' id='word_1_334' title='bbox 1204 3292 1421 3354; x_wconf 88' lang='lat' dir='ltr'>subterraneo</span> <span class='ocrx_word' id='word_1_335' title='bbox 1432 3292 1517 3365; x_wconf 93' lang='lat' dir='ltr'>loco,</span> <span class='ocrx_word' id='word_1_336' title='bbox 1529 3294 1565 3353; x_wconf 94' lang='lat' dir='ltr'>in</span> <span class='ocrx_word' id='word_1_337' title='bbox 1577 3309 1642 3371; x_wconf 89' lang='lat' dir='ltr'>quo</span> <span class='ocrx_word' id='word_1_338' title='bbox 1654 3293 1724 3355; x_wconf 88' lang='lat' dir='ltr'>fere</span> <span class='ocrx_word' id='word_1_339' title='bbox 1737 3309 1793 3353; x_wconf 86' lang='lat' dir='ltr'>sex</span> <span class='ocrx_word' id='word_1_340' title='bbox 1804 3286 1905 3351; x_wconf 85' lang='lat' dir='ltr'>saeculis</span> 
     </span>
     <span class='ocr_line' id='line_1_32' title="bbox 293 3388 1903 3469; baseline -0.008 -14"><span class='ocrx_word' id='word_1_341' title='bbox 293 3395 405 3455; x_wconf 82' lang='lat' dir='ltr'>tamen</span> <span class='ocrx_word' id='word_1_342' title='bbox 420 3394 551 3469; x_wconf 90' lang='lat' dir='ltr'>tempus</span> <span class='ocrx_word' id='word_1_343' title='bbox 571 3408 591 3453; x_wconf 89' lang='lat' dir='ltr'>a</span> <span class='ocrx_word' id='word_1_344' title='bbox 618 3394 686 3454; x_wconf 88' lang='lat' dir='ltr'>Deo</span> <span class='ocrx_word' id='word_1_345' title='bbox 703 3391 915 3468; x_wconf 88' lang='lat' dir='ltr'>praefinitum,</span> <span class='ocrx_word' id='word_1_346' title='bbox 934 3406 1000 3467; x_wconf 90' lang='lat' dir='ltr'>quo</span> <span class='ocrx_word' id='word_1_347' title='bbox 1016 3405 1093 3466; x_wconf 90' lang='lat' dir='ltr'>pre-</span> <span class='ocrx_word' id='word_1_348' title='bbox 1146 3390 1330 3467; x_wconf 84' lang='lat' dir='ltr'>quiererat,</span> <span class='ocrx_word' id='word_1_349' title='bbox 1343 3390 1607 3464; x_wconf 88' lang='lat' dir='ltr'>aliodeferatur;</span> <span class='ocrx_word' id='word_1_350' title='bbox 1623 3391 1704 3453; x_wconf 91' lang='lat' dir='ltr'>item</span> <span class='ocrx_word' id='word_1_351' title='bbox 1716 3406 1757 3452; x_wconf 92' lang='lat' dir='ltr'>ne</span> <span class='ocrx_word' id='word_1_352' title='bbox 1768 3388 1903 3450; x_wconf 84' lang='lat' dir='ltr'>mmimau</span> 
     </span>
     <span class='ocr_line' id='line_1_33' title="bbox 294 3479 1904 3566; baseline -0.009 -15"><span class='ocrx_word' id='word_1_353' title='bbox 294 3489 401 3552; x_wconf 90' lang='lat' dir='ltr'>tiosus</span> <span class='ocrx_word' id='word_1_354' title='bbox 422 3489 480 3550; x_wconf 91' lang='lat' dir='ltr'>ille</span> <span class='ocrx_word' id='word_1_355' title='bbox 502 3490 681 3551; x_wconf 88' lang='lat' dir='ltr'>thesaurus</span> <span class='ocrx_word' id='word_1_356' title='bbox 693 3488 939 3566; x_wconf 85' lang='lat' dir='ltr'>protrahendus</span> <span class='ocrx_word' id='word_1_357' title='bbox 954 3487 1042 3548; x_wconf 90' lang='lat' dir='ltr'>foret</span> <span class='ocrx_word' id='word_1_358' title='bbox 1055 3488 1092 3547; x_wconf 92' lang='lat' dir='ltr'>in</span> <span class='ocrx_word' id='word_1_359' title='bbox 1147 3488 1279 3565; x_wconf 90' lang='lat' dir='ltr'>quidem</span> <span class='ocrx_word' id='word_1_360' title='bbox 1290 3502 1461 3548; x_wconf 87' lang='lat' dir='ltr'>sacrorum</span> <span class='ocrx_word' id='word_1_361' title='bbox 1472 3488 1598 3549; x_wconf 90' lang='lat' dir='ltr'>ossium</span> <span class='ocrx_word' id='word_1_362' title='bbox 1611 3490 1740 3565; x_wconf 86' lang='lat' dir='ltr'>partem</span> <span class='ocrx_word' id='word_1_363' title='bbox 1754 3487 1842 3547; x_wconf 87' lang='lat' dir='ltr'>liceat</span> <span class='ocrx_word' id='word_1_364' title='bbox 1848 3479 1904 3542; x_wconf 88' lang='lat' dir='ltr'>iude</span> 
     </span>
     <span class='ocr_line' id='line_1_34' title="bbox 294 3584 1902 3663; baseline -0.002 -16"><span class='ocrx_word' id='word_1_365' title='bbox 294 3586 413 3658; x_wconf 89' lang='lat' dir='ltr'>lucem,</span> <span class='ocrx_word' id='word_1_366' title='bbox 430 3588 463 3648; x_wconf 91' lang='lat' dir='ltr'>et</span> <span class='ocrx_word' id='word_1_367' title='bbox 476 3587 555 3647; x_wconf 92' lang='lat' dir='ltr'>Pius</span> <span class='ocrx_word' id='word_1_368' title='bbox 571 3602 656 3663; x_wconf 90' lang='lat' dir='ltr'>papa</span> <span class='ocrx_word' id='word_1_369' title='bbox 669 3586 841 3662; x_wconf 90' lang='lat' dir='ltr'>septimus,</span> <span class='ocrx_word' id='word_1_370' title='bbox 859 3584 1015 3661; x_wconf 88' lang='lat' dir='ltr'>precibus</span> <span class='ocrx_word' id='word_1_371' title='bbox 1028 3600 1092 3645; x_wconf 87' lang='lat' dir='ltr'>an·</span> <span class='ocrx_word' id='word_1_372' title='bbox 1146 3584 1279 3645; x_wconf 83' lang='lat' dir='ltr'>extrahi</span> <span class='ocrx_word' id='word_1_373' title='bbox 1305 3584 1517 3663; x_wconf 89' lang='lat' dir='ltr'>auferrique;</span> <span class='ocrx_word' id='word_1_374' title='bbox 1547 3600 1587 3646; x_wconf 90' lang='lat' dir='ltr'>ee</span> <span class='ocrx_word' id='word_1_375' title='bbox 1613 3585 1745 3647; x_wconf 89' lang='lat' dir='ltr'>demum</span> <span class='ocrx_word' id='word_1_376' title='bbox 1771 3599 1810 3644; x_wconf 90' lang='lat' dir='ltr'>ne</span> <span class='ocrx_word' id='word_1_377' title='bbox 1837 3592 1902 3643; x_wconf 74' lang='lat' dir='ltr'>arce,</span> 
     </span>
     <span class='ocr_line' id='line_1_35' title="bbox 295 3672 1903 3760; baseline -0.007 -15"><span class='ocrx_word' id='word_1_378' title='bbox 295 3699 401 3745; x_wconf 90' lang='lat' dir='ltr'>nuens</span> <span class='ocrx_word' id='word_1_379' title='bbox 415 3683 583 3760; x_wconf 88' lang='lat' dir='ltr'>generalis</span> <span class='ocrx_word' id='word_1_380' title='bbox 597 3682 744 3744; x_wconf 87' lang='lat' dir='ltr'>ministri</span> <span class='ocrx_word' id='word_1_381' title='bbox 759 3683 926 3743; x_wconf 81' lang='lat' dir='ltr'>Minorem</span> <span class='ocrx_word' id='word_1_382' title='bbox 939 3697 1090 3743; x_wconf 87' lang='lat' dir='ltr'>conven-</span> <span class='ocrx_word' id='word_1_383' title='bbox 1147 3682 1319 3757; x_wconf 89' lang='lat' dir='ltr'>postquam</span> <span class='ocrx_word' id='word_1_384' title='bbox 1340 3682 1454 3742; x_wconf 87' lang='lat' dir='ltr'>clausa</span> <span class='ocrx_word' id='word_1_385' title='bbox 1478 3681 1579 3743; x_wconf 91' lang='lat' dir='ltr'>fuerit</span> <span class='ocrx_word' id='word_1_386' title='bbox 1603 3683 1636 3744; x_wconf 89' lang='lat' dir='ltr'>et</span> <span class='ocrx_word' id='word_1_387' title='bbox 1662 3682 1835 3757; x_wconf 87' lang='lat' dir='ltr'>obsignata,</span> <span class='ocrx_word' id='word_1_388' title='bbox 1856 3672 1903 3734; x_wconf 88' lang='lat' dir='ltr'>ullu</span> 
     </span>
     <span class='ocr_line' id='line_1_36' title="bbox 295 3769 1903 3856; baseline -0.011 -13"><span class='ocrx_word' id='word_1_389' title='bbox 295 3780 447 3851; x_wconf 91' lang='lat' dir='ltr'>tualium,</span> <span class='ocrx_word' id='word_1_390' title='bbox 479 3781 637 3856; x_wconf 88' lang='lat' dir='ltr'>derogato</span> <span class='ocrx_word' id='word_1_391' title='bbox 667 3778 842 3841; x_wconf 89' lang='lat' dir='ltr'>interdicto</span> <span class='ocrx_word' id='word_1_392' title='bbox 869 3779 967 3840; x_wconf 89' lang='lat' dir='ltr'>Pauli</span> <span class='ocrx_word' id='word_1_393' title='bbox 992 3781 1032 3851; x_wconf 89' lang='lat' dir='ltr'>V,</span> <span class='ocrx_word' id='word_1_394' title='bbox 1057 3780 1093 3840; x_wconf 93' lang='lat' dir='ltr'>ut</span> <span class='ocrx_word' id='word_1_395' title='bbox 1147 3793 1292 3855; x_wconf 89' lang='lat' dir='ltr'>uuquam</span> <span class='ocrx_word' id='word_1_396' title='bbox 1303 3781 1453 3856; x_wconf 89' lang='lat' dir='ltr'>tempore</span> <span class='ocrx_word' id='word_1_397' title='bbox 1468 3777 1593 3856; x_wconf 90' lang='lat' dir='ltr'>absque</span> <span class='ocrx_word' id='word_1_398' title='bbox 1613 3779 1754 3842; x_wconf 86' lang='lat' dir='ltr'>Romani</span> <span class='ocrx_word' id='word_1_399' title='bbox 1768 3769 1903 3838; x_wconf 86' lang='lat' dir='ltr'>Pontidcis</span> 
     </span>
     <span class='ocr_line' id='line_1_37' title="bbox 295 3864 1902 3954; baseline -0.008 -17"><span class='ocrx_word' id='word_1_400' title='bbox 295 3892 383 3939; x_wconf 81' lang='lat' dir='ltr'>nora</span> <span class='ocrx_word' id='word_1_401' title='bbox 395 3877 577 3954; x_wconf 90' lang='lat' dir='ltr'>prudenter</span> <span class='ocrx_word' id='word_1_402' title='bbox 596 3877 792 3938; x_wconf 87' lang='lat' dir='ltr'>fleretsacri</span> <span class='ocrx_word' id='word_1_403' title='bbox 813 3876 963 3953; x_wconf 88' lang='lat' dir='ltr'>corporis</span> <span class='ocrx_word' id='word_1_404' title='bbox 978 3875 1093 3954; x_wconf 90' lang='lat' dir='ltr'>inqui·</span> <span class='ocrx_word' id='word_1_405' title='bbox 1146 3875 1311 3953; x_wconf 89' lang='lat' dir='ltr'>permissu</span> <span class='ocrx_word' id='word_1_406' title='bbox 1341 3878 1520 3937; x_wconf 87' lang='lat' dir='ltr'>reseretur.</span> <span class='ocrx_word' id='word_1_407' title='bbox 1558 3877 1663 3948; x_wconf 89' lang='lat' dir='ltr'>Quod,</span> <span class='ocrx_word' id='word_1_408' title='bbox 1690 3879 1726 3938; x_wconf 92' lang='lat' dir='ltr'>ut</span> <span class='ocrx_word' id='word_1_409' title='bbox 1751 3864 1902 3936; x_wconf 85' lang='lat' dir='ltr'>executioni</span> 
     </span>
     <span class='ocr_line' id='line_1_38' title="bbox 295 3973 1904 4050; baseline -0.005 -15"><span class='ocrx_word' id='word_1_410' title='bbox 295 3973 386 4046; x_wconf 85' lang='lat' dir='ltr'>sitin,</span> <span class='ocrx_word' id='word_1_411' title='bbox 402 3974 544 4050; x_wconf 91' lang='lat' dir='ltr'>benigne</span> <span class='ocrx_word' id='word_1_412' title='bbox 566 3975 741 4036; x_wconf 90' lang='lat' dir='ltr'>concessit.</span> <span class='ocrx_word' id='word_1_413' title='bbox 758 3976 871 4050; x_wconf 85' lang='lat' dir='ltr'>Longo</span> <span class='ocrx_word' id='word_1_414' title='bbox 886 3974 989 4049; x_wconf 90' lang='lat' dir='ltr'>igitur</span> <span class='ocrx_word' id='word_1_415' title='bbox 1003 3973 1091 4035; x_wconf 86' lang='lat' dir='ltr'>dua·</span> <span class='ocrx_word' id='word_1_416' title='bbox 1148 3973 1373 4046; x_wconf 86' lang='lat' dir='ltr'>mandaretur,</span> <span class='ocrx_word' id='word_1_417' title='bbox 1391 3975 1521 4050; x_wconf 87' lang='lat' dir='ltr'>magnis</span> <span class='ocrx_word' id='word_1_418' title='bbox 1537 3974 1722 4050; x_wconf 89' lang='lat' dir='ltr'>sumptibus</span> <span class='ocrx_word' id='word_1_419' title='bbox 1737 3987 1822 4033; x_wconf 88' lang='lat' dir='ltr'>mous</span> <span class='ocrx_word' id='word_1_420' title='bbox 1834 3978 1904 4027; x_wconf 83' lang='lat' dir='ltr'>seru·</span> 
     </span>
     <span class='ocr_line' id='line_1_39' title="bbox 295 4058 1902 4150; baseline -0.006 -16"><span class='ocrx_word' id='word_1_421' title='bbox 295 4087 370 4134; x_wconf 87' lang='lat' dir='ltr'>rum</span> <span class='ocrx_word' id='word_1_422' title='bbox 396 4073 429 4135; x_wconf 90' lang='lat' dir='ltr'>et</span> <span class='ocrx_word' id='word_1_423' title='bbox 452 4072 694 4150; x_wconf 86' lang='lat' dir='ltr'>quinquaginta</span> <span class='ocrx_word' id='word_1_424' title='bbox 722 4072 884 4144; x_wconf 88' lang='lat' dir='ltr'>noctium,</span> <span class='ocrx_word' id='word_1_425' title='bbox 913 4074 1012 4149; x_wconf 91' lang='lat' dir='ltr'>atque</span> <span class='ocrx_word' id='word_1_426' title='bbox 1032 4072 1090 4131; x_wconf 90' lang='lat' dir='ltr'>iu·</span> <span class='ocrx_word' id='word_1_427' title='bbox 1147 4086 1229 4146; x_wconf 89' lang='lat' dir='ltr'>peus</span> <span class='ocrx_word' id='word_1_428' title='bbox 1244 4069 1402 4131; x_wconf 85' lang='lat' dir='ltr'>effractus</span> <span class='ocrx_word' id='word_1_429' title='bbox 1426 4073 1486 4142; x_wconf 86' lang='lat' dir='ltr'>est,</span> <span class='ocrx_word' id='word_1_430' title='bbox 1511 4071 1640 4149; x_wconf 89' lang='lat' dir='ltr'>lapides</span> <span class='ocrx_word' id='word_1_431' title='bbox 1660 4070 1771 4141; x_wconf 87' lang='lat' dir='ltr'>amoti,</span> <span class='ocrx_word' id='word_1_432' title='bbox 1792 4058 1902 4128; x_wconf 76' lang='lat' dir='ltr'>ettertit</span> 
     </span>
     <span class='ocr_line' id='line_1_40' title="bbox 293 4159 1903 4244; baseline -0.007 -12"><span class='ocrx_word' id='word_1_433' title='bbox 293 4170 446 4232; x_wconf 86' lang='lat' dir='ltr'>credibili</span> <span class='ocrx_word' id='word_1_434' title='bbox 461 4169 586 4238; x_wconf 88' lang='lat' dir='ltr'>labore,</span> <span class='ocrx_word' id='word_1_435' title='bbox 612 4169 697 4231; x_wconf 90' lang='lat' dir='ltr'>olam</span> <span class='ocrx_word' id='word_1_436' title='bbox 712 4171 745 4231; x_wconf 91' lang='lat' dir='ltr'>et</span> <span class='ocrx_word' id='word_1_437' title='bbox 766 4169 893 4231; x_wconf 89' lang='lat' dir='ltr'>occulte</span> <span class='ocrx_word' id='word_1_438' title='bbox 910 4170 1090 4244; x_wconf 91' lang='lat' dir='ltr'>insumpto,</span> <span class='ocrx_word' id='word_1_439' title='bbox 1146 4167 1290 4229; x_wconf 88' lang='lat' dir='ltr'>ecclesia</span> <span class='ocrx_word' id='word_1_440' title='bbox 1305 4168 1396 4229; x_wconf 86' lang='lat' dir='ltr'>cirea</span> <span class='ocrx_word' id='word_1_441' title='bbox 1411 4167 1521 4230; x_wconf 89' lang='lat' dir='ltr'>locum</span> <span class='ocrx_word' id='word_1_442' title='bbox 1536 4169 1727 4230; x_wconf 87' lang='lat' dir='ltr'>constructa</span> <span class='ocrx_word' id='word_1_443' title='bbox 1741 4166 1797 4237; x_wconf 86' lang='lat' dir='ltr'>est,</span> <span class='ocrx_word' id='word_1_444' title='bbox 1810 4159 1903 4221; x_wconf 76' lang='lat' dir='ltr'>uhise</span> 
     </span>
     <span class='ocr_line' id='line_1_41' title="bbox 295 4256 1900 4344; baseline -0.009 -16"><span class='ocrx_word' id='word_1_445' title='bbox 295 4268 406 4331; x_wconf 88' lang='lat' dir='ltr'>locum</span> <span class='ocrx_word' id='word_1_446' title='bbox 426 4268 557 4330; x_wconf 91' lang='lat' dir='ltr'>demum</span> <span class='ocrx_word' id='word_1_447' title='bbox 572 4268 792 4344; x_wconf 90' lang='lat' dir='ltr'>introspicere</span> <span class='ocrx_word' id='word_1_448' title='bbox 805 4266 918 4329; x_wconf 88' lang='lat' dir='ltr'>datum</span> <span class='ocrx_word' id='word_1_449' title='bbox 932 4265 1006 4337; x_wconf 88' lang='lat' dir='ltr'>fuit,</span> <span class='ocrx_word' id='word_1_450' title='bbox 1023 4280 1091 4327; x_wconf 88' lang='lat' dir='ltr'>arae</span> <span class='ocrx_word' id='word_1_451' title='bbox 1146 4263 1277 4341; x_wconf 90' lang='lat' dir='ltr'>raphici</span> <span class='ocrx_word' id='word_1_452' title='bbox 1289 4264 1353 4325; x_wconf 87' lang='lat' dir='ltr'>viri</span> <span class='ocrx_word' id='word_1_453' title='bbox 1373 4280 1494 4341; x_wconf 88' lang='lat' dir='ltr'>eorpus</span> <span class='ocrx_word' id='word_1_454' title='bbox 1514 4263 1556 4326; x_wconf 94' lang='lat' dir='ltr'>ab</span> <span class='ocrx_word' id='word_1_455' title='bbox 1575 4265 1673 4326; x_wconf 87' lang='lat' dir='ltr'>initio</span> <span class='ocrx_word' id='word_1_456' title='bbox 1685 4264 1747 4326; x_wconf 94' lang='lat' dir='ltr'>fuit</span> <span class='ocrx_word' id='word_1_457' title='bbox 1759 4256 1900 4323; x_wconf 83' lang='lat' dir='ltr'>conditum·</span> 
     </span>
     <span class='ocr_line' id='line_1_42' title="bbox 293 4348 1900 4444; baseline -0.009 -16"><span class='ocrx_word' id='word_1_458' title='bbox 293 4367 450 4429; x_wconf 82' lang='lat' dir='ltr'>maximae</span> <span class='ocrx_word' id='word_1_459' title='bbox 461 4368 551 4429; x_wconf 91' lang='lat' dir='ltr'>recte</span> <span class='ocrx_word' id='word_1_460' title='bbox 566 4365 787 4444; x_wconf 89' lang='lat' dir='ltr'>suppositum,</span> <span class='ocrx_word' id='word_1_461' title='bbox 803 4365 838 4425; x_wconf 89' lang='lat' dir='ltr'>in</span> <span class='ocrx_word' id='word_1_462' title='bbox 856 4380 920 4441; x_wconf 94' lang='lat' dir='ltr'>quo</span> <span class='ocrx_word' id='word_1_463' title='bbox 941 4379 1020 4425; x_wconf 87' lang='lat' dir='ltr'>arca</span> <span class='ocrx_word' id='word_1_464' title='bbox 1034 4363 1090 4423; x_wconf 92' lang='lat' dir='ltr'>la·</span> <span class='ocrx_word' id='word_1_465' title='bbox 1148 4364 1190 4422; x_wconf 91' lang='lat' dir='ltr'>Ut</span> <span class='ocrx_word' id='word_1_466' title='bbox 1211 4363 1320 4423; x_wconf 91' lang='lat' dir='ltr'>autem</span> <span class='ocrx_word' id='word_1_467' title='bbox 1343 4364 1502 4438; x_wconf 86' lang='lat' dir='ltr'>perpetua</span> <span class='ocrx_word' id='word_1_468' title='bbox 1515 4361 1555 4423; x_wconf 95' lang='lat' dir='ltr'>de</span> <span class='ocrx_word' id='word_1_469' title='bbox 1572 4362 1636 4423; x_wconf 90' lang='lat' dir='ltr'>hoc</span> <span class='ocrx_word' id='word_1_470' title='bbox 1650 4362 1756 4424; x_wconf 81' lang='lat' dir='ltr'>exstet</span> <span class='ocrx_word' id='word_1_471' title='bbox 1766 4348 1900 4418; x_wconf 77' lang='lat' dir='ltr'>memoria.</span> 
     </span>
     <span class='ocr_line' id='line_1_43' title="bbox 293 4456 1901 4542; baseline -0.008 -17"><span class='ocrx_word' id='word_1_472' title='bbox 293 4464 391 4541; x_wconf 93' lang='lat' dir='ltr'>pidea</span> <span class='ocrx_word' id='word_1_473' title='bbox 413 4464 558 4542; x_wconf 89' lang='lat' dir='ltr'>jacebat,</span> <span class='ocrx_word' id='word_1_474' title='bbox 577 4480 677 4541; x_wconf 90' lang='lat' dir='ltr'>quam</span> <span class='ocrx_word' id='word_1_475' title='bbox 692 4462 793 4525; x_wconf 91' lang='lat' dir='ltr'>ferrei</span> <span class='ocrx_word' id='word_1_476' title='bbox 822 4461 945 4524; x_wconf 89' lang='lat' dir='ltr'>clethri</span> <span class='ocrx_word' id='word_1_477' title='bbox 968 4459 1090 4522; x_wconf 84' lang='lat' dir='ltr'>validis</span> <span class='ocrx_word' id='word_1_478' title='bbox 1145 4460 1211 4519; x_wconf 85' lang='lat' dir='ltr'>Leo</span> <span class='ocrx_word' id='word_1_479' title='bbox 1237 4460 1299 4520; x_wconf 87' lang='lat' dir='ltr'>Xll</span> <span class='ocrx_word' id='word_1_480' title='bbox 1328 4458 1484 4520; x_wconf 78' lang='lat' dir='ltr'>Pontifex</span> <span class='ocrx_word' id='word_1_481' title='bbox 1511 4460 1679 4520; x_wconf 79' lang='lat' dir='ltr'>maximus</span> <span class='ocrx_word' id='word_1_482' title='bbox 1704 4458 1828 4519; x_wconf 89' lang='lat' dir='ltr'>missam</span> <span class='ocrx_word' id='word_1_483' title='bbox 1848 4456 1901 4507; x_wconf 74' lang='lat' dir='ltr'>cum</span> 
     </span>
     <span class='ocr_line' id='line_1_44' title="bbox 293 4540 1901 4639; baseline -0.009 -17"><span class='ocrx_word' id='word_1_484' title='bbox 293 4560 410 4636; x_wconf 80' lang='lat' dir='ltr'>virgis,</span> <span class='ocrx_word' id='word_1_485' title='bbox 449 4562 654 4639; x_wconf 91' lang='lat' dir='ltr'>inferiusque</span> <span class='ocrx_word' id='word_1_486' title='bbox 688 4577 727 4622; x_wconf 90' lang='lat' dir='ltr'>ac</span> <span class='ocrx_word' id='word_1_487' title='bbox 762 4560 916 4635; x_wconf 89' lang='lat' dir='ltr'>superius</span> <span class='ocrx_word' id='word_1_488' title='bbox 950 4557 1091 4618; x_wconf 88' lang='lat' dir='ltr'>mirifice</span> <span class='ocrx_word' id='word_1_489' title='bbox 1145 4554 1530 4618; x_wconf 83' lang='lat' dir='ltr'>officiodelnoenttone</span> <span class='ocrx_word' id='word_1_490' title='bbox 1542 4560 1700 4631; x_wconf 80' lang='lat' dir='ltr'>corporis</span> <span class='ocrx_word' id='word_1_491' title='bbox 1713 4558 1746 4618; x_wconf 85' lang='lat' dir='ltr'>S.</span> <span class='ocrx_word' id='word_1_492' title='bbox 1758 4540 1901 4614; x_wconf 64' lang='lat' dir='ltr'>Francus</span> 
     </span>
     <span class='ocr_line' id='line_1_45' title="bbox 294 4638 1899 4733; baseline -0.009 -15"><span class='ocrx_word' id='word_1_493' title='bbox 294 4658 407 4718; x_wconf 89' lang='lat' dir='ltr'>densis</span> <span class='ocrx_word' id='word_1_494' title='bbox 435 4656 751 4725; x_wconf 86' lang='lat' dir='ltr'>circumcludebant,</span> <span class='ocrx_word' id='word_1_495' title='bbox 775 4655 856 4733; x_wconf 89' lang='lat' dir='ltr'>quin</span> <span class='ocrx_word' id='word_1_496' title='bbox 880 4670 995 4716; x_wconf 88' lang='lat' dir='ltr'>sacras</span> <span class='ocrx_word' id='word_1_497' title='bbox 1014 4653 1092 4715; x_wconf 87' lang='lat' dir='ltr'>reli·</span> <span class='ocrx_word' id='word_1_498' title='bbox 1146 4650 1352 4729; x_wconf 86' lang='lat' dir='ltr'>approbavit,</span> <span class='ocrx_word' id='word_1_499' title='bbox 1367 4652 1451 4713; x_wconf 89' lang='lat' dir='ltr'>etab</span> <span class='ocrx_word' id='word_1_500' title='bbox 1464 4653 1622 4715; x_wconf 85' lang='lat' dir='ltr'>universo</span> <span class='ocrx_word' id='word_1_501' title='bbox 1637 4638 1899 4715; x_wconf 78' lang='lat' dir='ltr'>Minorunorliue</span> 
     </span>
     <span class='ocr_line' id='line_1_46' title="bbox 295 4748 1491 4831; baseline -0.004 -17"><span class='ocrx_word' id='word_1_502' title='bbox 295 4754 392 4831; x_wconf 90' lang='lat' dir='ltr'>quias</span> <span class='ocrx_word' id='word_1_503' title='bbox 411 4752 533 4815; x_wconf 90' lang='lat' dir='ltr'>ibidem</span> <span class='ocrx_word' id='word_1_504' title='bbox 558 4753 751 4815; x_wconf 83' lang='lat' dir='ltr'>observatas</span> <span class='ocrx_word' id='word_1_505' title='bbox 765 4753 911 4814; x_wconf 88' lang='lat' dir='ltr'>invisere</span> <span class='ocrx_word' id='word_1_506' title='bbox 933 4750 1092 4828; x_wconf 87' lang='lat' dir='ltr'>prohibe·</span> <span class='ocrx_word' id='word_1_507' title='bbox 1147 4748 1309 4811; x_wconf 88' lang='lat' dir='ltr'>celebrari</span> <span class='ocrx_word' id='word_1_508' title='bbox 1323 4750 1491 4827; x_wconf 86' lang='lat' dir='ltr'>praecepit.</span> 
     </span>
    </p>

    <p class='ocr_par' dir='ltr' id='par_1_7' title="bbox 293 4849 1090 4928">
     <span class='ocr_line' id='line_1_47' title="bbox 293 4849 1090 4928; baseline -0.009 -14"><span class='ocrx_word' id='word_1_509' title='bbox 293 4852 379 4915; x_wconf 90' lang='lat' dir='ltr'>rent.</span> <span class='ocrx_word' id='word_1_510' title='bbox 400 4850 500 4913; x_wconf 83' lang='lat' dir='ltr'>hditu</span> <span class='ocrx_word' id='word_1_511' title='bbox 522 4850 662 4928; x_wconf 90' lang='lat' dir='ltr'>proinde</span> <span class='ocrx_word' id='word_1_512' title='bbox 680 4850 716 4911; x_wconf 91' lang='lat' dir='ltr'>in</span> <span class='ocrx_word' id='word_1_513' title='bbox 739 4864 948 4913; x_wconf 73' lang='lat' dir='ltr'>catumeum</span> <span class='ocrx_word' id='word_1_514' title='bbox 968 4849 1090 4921; x_wconf 88' lang='lat' dir='ltr'>sinum,</span> 
     </span>
    </p>
   </div>
   <div class='ocr_carea' id='block_1_5' title="bbox 0 0 1980 6199">
    <p class='ocr_par' dir='ltr' id='par_1_8' title="bbox 0 0 1980 6199">
     <span class='ocr_line' id='line_1_48' title="bbox 0 0 1980 6199; baseline 0 0"><span class='ocrx_word' id='word_1_515' title='bbox 0 0 1980 6199; x_wconf 95' lang='lat' dir='ltr'> </span> 
     </span>
    </p>
   </div>
  </div>
 </body>
</html>
