3950 6200
175 373 182 385 ι
279 298 341 360 935
720 299 754 360 S.
780 298 958 361 ANTONII
987 297 1175 359 Paonllll
1205 299 1343 361 OPERA
1370 298 1517 361 onnia.
1842 297 1889 358 ne

280 459 335 522 tis.
348 460 452 521 Terra
462 456 622 535 argillosa
633 456 837 520 debentesse
846 456 988 534 prelata,
1001 472 1075 535 quae
1130 459 1290 536 quosdam
1304 458 1382 535 igne
1398 457 1562 529 avaritia,
1575 455 1662 518 alios
1676 455 1753 533 igne
1765 454 1898 528 luxurie,

281 558 403 634 recipit
417 555 598 626 formellas,
614 555 648 617 et
660 555 712 617 est
727 555 828 617 rubra
843 556 877 617 et
890 556 1004 618 tenax.
1021 554 1076 615 Sic
1131 561 1165 620 et
1175 555 1365 634 hujusmodi
1376 570 1457 617 vasa
1469 554 1593 616 diaboli
1608 554 1697 615 sunt.

280 654 411 732 praelati
426 652 547 715 debent
567 668 641 714 esse
661 654 820 730 tanquam
835 651 997 714 tormellae
1016 666 1076 728 per
1170 658 1242 730 Epo
1265 649 1668 726 confimncescotumoaa
1685 653 1770 723 citas.
1790 652 1831 712 Da
1849 651 1901 711 hu·

279 750 562 829 praedicationem,
588 750 621 812 et
643 749 764 811 bonam
785 749 1027 827 operationem,
1043 758 1076 819 et
1125 750 1273 828 jusmodi
1308 750 1473 812 columnis
1508 749 1634 825 legitur
1667 747 1765 810 tertio
1794 750 1898 823 Regum

280 848 411 912 animas
425 846 631 908 subditorum
646 846 682 907 in
708 861 745 906 se
768 845 939 923 recipere,
965 843 1076 906 infor·
1131 847 1175 927 (7,
1193 849 1231 909 15
1243 847 1283 910 ad
1299 846 1351 926 la)
1366 863 1374 908 :
1391 847 1506 908 Finxit
1524 846 1641 908 Hiram
1656 846 1739 907 duas
1756 846 1898 906 columnas

279 943 400 1007 mando
418 944 554 1007 renatos
571 946 729 1005 :tenaces
752 943 888 1020 propter
910 941 1076 1018 glutinum
1129 960 1247 1017 aereas,
1263 947 1298 1007 et
1311 944 1553 1022 duocapitella,
1566 959 1639 1021 quae
1654 944 1898 1020 ponerentursu-

280 1042 443 1109 caritatis,
457 1041 550 1102 rubri
566 1041 701 1118 propter
716 1039 918 1102 desiderium
937 1039 1075 1115 passio·
1130 1057 1189 1119 per
1201 1043 1312 1120 capita
1326 1042 1569 1115 columnarum,
1585 1043 1618 1102 et
1631 1041 1667 1100 in
1681 1040 1837 1117 capitellis
1849 1055 1898 1099 ma-

279 1140 345 1215 nis,
361 1140 394 1202 et
408 1138 541 1199 solidati
557 1137 634 1213 igne
647 1135 886 1199 tribulationis.
901 1136 941 1197 Et
955 1135 997 1197 ad
1011 1135 1076 1198 boc
1131 1141 1318 1215 logranata,
1344 1140 1378 1202 et
1402 1138 1578 1212 retiacula,
1604 1138 1638 1199 et
1662 1137 1736 1198 lilia
1752 1154 1760 1191 ε
1776 1138 1807 1197 et
1829 1137 1897 1197 linea

281 1238 367 1316 quod
392 1236 526 1307 dicitur,
552 1234 646 1296 trater
666 1234 828 1306 Sententia,
845 1234 880 1295 ct
897 1233 1073 1299 sertitem.
1129 1235 1304 1300 duodecim
1337 1237 1524 1298 cubitorum
1557 1234 1726 1298 ambiebat
1754 1237 1899 1311 utramque

281 1333 427 1397 Socbotb
442 1332 685 1410 interpretatur
701 1329 969 1405 tabernaculum
993 1332 1075 1390 Sar·
1130 1336 1328 1398 columnam.
1342 1337 1409 1396 Por
1426 1334 1599 1396 columnas
1611 1333 1744 1410 praelati
1758 1332 1898 1402 Ecclesia,

280 1433 383 1504 tham,
396 1429 810 1508 princepsdaemoniorum.
830 1427 983 1504 liquefit,
998 1427 1076 1488 dum
1130 1432 1312 1495 Ecclesiam
1327 1433 1572 1504 sustentantes;
1588 1446 1685 1492 aereae
1699 1431 1901 1507 propterpra·

281 1546 324 1593 ex
339 1545 405 1590 una
421 1530 515 1607 parte
531 1525 721 1588 considerat
735 1525 987 1587 tabernaculum
1001 1539 1077 1586 cor·-
1130 1530 1308 1592 dicationis
1324 1529 1553 1591 sonoritatem.
1571 1527 1741 1589 Columnae
1755 1528 1846 1588 etiam
1858 1525 1897 1586 di·

280 1628 371 1706 poris
387 1625 525 1704 proprii,
546 1624 675 1686 scilicet
693 1622 921 1699 fragilitatem,
945 1625 978 1685 et
997 1637 1076 1699 pro-
1130 1630 1251 1690 cuntur
1272 1627 1409 1704 propter
1431 1625 1678 1699 rectitudinem,
1694 1626 1728 1686 et
1748 1623 1901 1700 longitudi

281 1725 432 1795 nitatem,
453 1726 486 1785 et
509 1738 553 1784 ex
576 1722 644 1782 alia
663 1720 858 1782 instantiam
875 1719 1073 1790 adversarii,
1131 1741 1218 1796 nem,
1235 1727 1269 1787 ot
1282 1723 1523 1795 tortitudinem,
1537 1738 1636 1800 quam
1650 1721 1771 1784 debent
1782 1721 1898 1794 babere

280 1823 410 1884 scilicet
424 1820 561 1892 diaboli,
575 1833 756 1880 recurrens
777 1817 819 1878 ad
844 1817 1009 1878 auxilium
1017 1817 1077 1878 Dei
1130 1822 1218 1901 quod
1233 1822 1333 1884 etiam
1348 1836 1392 1883 ex
1403 1819 1680 1898 interpretatione
1695 1820 1856 1880 nominum
1867 1818 1901 1878 il·

280 1919 398 1992 nostri,
413 1917 542 1996 liquefit
557 1917 688 1977 scilicet
702 1930 763 1993 per
775 1929 934 1976 amorem.
1131 1921 1240 1981 larum
1260 1918 1487 1996 perpenditur,
1504 1933 1644 1995 quarum
1666 1933 1734 1978 una
1747 1916 1902 1978 vocabatur

318 2019 366 2078 Do
386 2015 460 2076 istis
479 2012 607 2075 dnobus
627 2011 707 2074 dicit
730 2010 793 2073 Job
815 2009 881 2089 (30,
899 2011 935 2071 17
951 2012 984 2072 nt
999 2007 1051 2089 18)
1067 2031 1075 2071 =
1129 2016 1262 2084 iachin,
1277 2017 1311 2077 et
1329 2016 1566 2093 interpretatur
1579 2013 1753 2086 tortitudo,
1770 2017 1802 2076 et
1820 2014 1902 2074 altera

279 2114 384 2177 Nocte
398 2112 588 2191 perforatur
601 2125 639 2172 os
657 2125 767 2171 meum
791 2107 981 2183 doloribus;
999 2123 1076 2169 ecce
1130 2117 1232 2186 Booz,
1246 2112 1332 2191 quod
1357 2112 1598 2190 interpretatur
1617 2112 1653 2173 in
1675 2111 1805 2173 robore.
1823 2110 1903 2172 babet

278 2212 467 2278 infirmitas,
482 2211 515 2271 et
526 2208 622 2270 dolor
631 2207 744 2269 carnis
759 2227 766 2267 :
783 2207 823 2268 nt
834 2206 891 2284 qui
905 2220 959 2267 me
970 2221 1077 2267 come
1130 2211 1220 2272 enim
1232 2211 1356 2273 habere
1371 2210 1535 2288 duplicem
1546 2209 1787 2281 tortitudinem,
1800 2209 1904 2270 scilice

279 2310 370 2382 dunt,
392 2324 458 2370 non
478 2305 656 2378 dormiunt,
674 2305 711 2366 ut
731 2319 784 2365 me
801 2304 981 2375 devorent;
998 2317 1076 2365 ecce
1131 2308 1336 2386 patientiam,
1359 2309 1393 2371 et
1412 2307 1711 2384 longanimitatem.
1734 2307 1838 2368 Fortis
1856 2320 1902 2382 per

278 2406 438 2470 instantia
463 2403 637 2465 diabolicae
663 2400 871 2463 tentationis.
900 2400 1074 2478 Sequitur:
1130 2405 1344 2468 tolerantiam
1363 2406 1593 2475 adversorum,
1610 2406 1644 2467 ot
1664 2407 1789 2475 rectus,
1803 2405 1832 2465 er
1843 2403 1901 2463 1011-

278 2508 348 2568 ‹ln
372 2501 585 2566 multitudine
609 2514 724 2562 eorum
747 2498 955 2561 eonsumitur
972 2498 1077 2560 vesti·
1130 2503 1275 2580 ganimis
1310 2518 1370 2580 per
1396 2503 1662 2580 expectationem
1698 2501 1896 2577 praemiomm.

276 2604 425 2666 mentum
438 2615 560 2678 meum,
575 2598 609 2660 et
621 2597 716 2675 quasi
732 2596 855 2673 capitio
867 2595 990 2657 tunicae
1005 2610 1078 2657 suo·
1131 2606 1205 2663 Dae
1219 2602 1376 2676 capitana
1389 2601 1468 2661 suut
1481 2599 1547 2660 duo
1557 2600 1786 2674 Testamenta;
1796 2596 1899 2659 etbeue

279 2699 386 2763 cinxit
398 2696 446 2778 (1)
459 2712 511 2758 me
526 2713 555 2756 r.
572 2697 610 2756 ln
622 2693 835 2756 multitudine
850 2708 967 2755 eorum
990 2707 1074 2754 cora-
1131 2696 1287 2760 dicuntur
1299 2713 1374 2759 esse
1392 2711 1494 2773 super
1508 2696 1693 2767 columnas,
1711 2696 1788 2773 quia
1802 2693 1904 2772 prela·

277 2796 431 2860 sumitur
458 2792 704 2856 vestimentum
737 2804 866 2864 ewam,
891 2790 969 2866 (luia
997 2789 1075 2850 dnm
1130 2797 1184 2858 tus
1215 2811 1347 2873 semper
1367 2794 1464 2857 debet
1489 2794 1669 2856 observare
1696 2794 1804 2854 omnia
1825 2807 1900 2869 prae·

148 2904 155 2913 ·
278 2891 507 2971 multipliciter
518 2891 655 2963 instant,
669 2886 866 2966 quandoque
880 2886 938 2966 qui
958 2888 1076 2949 adbae-
1131 2895 1238 2972 cepta,
1254 2894 1288 2956 et
1307 2892 1404 2971 quasi
1419 2907 1502 2954 onus
1521 2907 1624 2967 super
1640 2906 1678 2952 se
1693 2892 1829 2968 portare.
1843 2892 1905 2950 bac

278 2990 397 3054 rebant
424 2987 601 3057 Ecclesiae,
627 2985 680 3048 vel
708 2985 838 3047 Christo
864 3000 923 3062 per
951 2986 1076 3047 amoris
1130 2991 1298 3069 capitella,
1325 2990 1391 3052 duo
1417 2989 1645 3060 Testamenta,
1670 3005 1745 3066 quae
1764 2987 1840 3049 bene
1860 2985 1906 3045 di·

278 3088 531 3159 connexionem,
546 3084 783 3163 disjunguntur
803 3082 846 3145 nd
860 3099 976 3145 eornm
991 3100 1075 3160 sng-
1130 3089 1253 3152 cuntur
1265 3104 1340 3150 esse
1356 3088 1465 3165 capita
1485 3086 1728 3157 columnarum,
1743 3085 1815 3163 quia
1828 3097 1904 3144 sem·

278 3188 474 3267 gestionem.
500 3185 540 3246 nt
564 3186 664 3258 quast
688 3183 814 3256 capitio
838 3184 964 3243 tranen
991 3197 1075 3243 suc·
1130 3203 1190 3266 per
1217 3186 1348 3265 praelati
1382 3185 1432 3245 eis
1466 3185 1634 3246 inhaerere
1672 3182 1800 3254 debent,
1825 3180 1907 3242 aliter

277 3286 390 3349 ctnoett
404 3298 470 3344 me.
487 3280 614 3342 Tunica
625 3280 676 3342 est
690 3279 880 3342 sollicitudo
895 3279 973 3340 vitae
988 3293 1077 3356 prae·
1129 3286 1244 3347 vivero
1265 3283 1339 3344 sine
1359 3282 1442 3360 ipsis
1475 3297 1542 3343 non
1563 3283 1730 3358 poterunt,
1753 3280 1834 3341 sicut
1856 3290 1907 3337 uec

280 3382 395 3453 sentis,
423 3380 464 3441 de
494 3394 558 3457 qua
591 3377 672 3439 alibi
695 3375 742 3457 (2)
760 3393 768 3437 :
785 3392 804 3437 ‹
819 3375 995 3452 expoliavi
1023 3390 1076 3436 me
1129 3380 1253 3460 aliquis
1275 3382 1348 3442 sine
1372 3379 1481 3458 capite
1500 3379 1617 3441 vivere
1644 3379 1761 3455 potest.
1789 3372 1907 3438 inistis

184 3482 190 3494 ’
276 3480 391 3544 tunica
413 3493 497 3548 mea,
528 3474 691 3554 quomodo
721 3474 843 3534 induar
868 3473 949 3534 illel
977 3473 1076 3550 Capi·
1130 3478 1296 3556 capitellis
1328 3478 1426 3539 erant
1461 3476 1710 3551 malogranata,
1738 3474 1772 3534 in
1801 3471 1907 3550 quibus

276 3579 361 3640 tium
381 3578 432 3638 est
457 3574 593 3637 miseria
621 3572 746 3634 nostrae
770 3571 975 3647 fragilitatis,
996 3570 1075 3648 quia
1130 3574 1329 3651 intelligitur
1361 3572 1537 3650 multiplex
1562 3571 1713 3649 operatio
1742 3570 1908 3632 orntum:

278 3676 414 3738 miseria
426 3673 542 3734 nestra
554 3669 651 3732 debet
662 3685 724 3731 nos
739 3669 944 3744 succingere,
962 3668 996 3730 et
1007 3684 1076 3729 res·
1130 3674 1165 3734 in
1198 3671 1388 3742 retiaculis,
1416 3684 1524 3731 nexus
1561 3668 1727 3740 caritatis,
1757 3666 1795 3729 ad
1824 3677 1907 3743 quam

279 3773 439 3847 tringere,
456 3772 572 3832 utnon
590 3767 775 3828 defluamus
790 3781 849 3845 per
868 3781 974 3826 ranas
990 3782 1074 3827 con·
1129 3771 1312 3832 invitamur
1339 3790 1347 3828 :
1378 3768 1412 3829 in
1446 3765 1547 3836 liliis,
1582 3766 1769 3842 expectatio
1805 3763 1909 3825 roura

279 3868 503 3947 cupiscentias
542 3865 759 3942 voluptatum,
794 3862 874 3940 quia
909 3863 1076 3925 daemones
1130 3866 1416 3945 repromissionis,
1433 3864 1562 3926 scilicet
1588 3861 1803 3924 beatitudinis
1829 3861 1909 3920 aeter·

278 3980 349 4029 oon
380 3963 568 4035 dormiunt,
585 3962 735 4024 volentes
759 3976 820 4022 nos
844 3960 1016 4035 demolire,
1043 3963 1077 4024 et
1129 3982 1193 4030 nae,
1222 3981 1296 4043 quae
1328 3962 1425 4025 nobis
1457 3960 1671 4040 promittitur.
1709 3963 1773 4021 Per
1802 3959 1909 4018 bream

279 4066 451 4128 devorare.
470 4060 614 4139 Liquetlt
635 4058 833 4137 quandoque
851 4058 941 4121 terra
961 4059 998 4120 in
1015 4059 1077 4121 bo·
1129 4061 1304 4124 duodecim
1326 4060 1526 4129 cubitorum,
1543 4073 1617 4135 quae
1638 4055 1791 4133 cingebat
1804 4056 1911 4115 utram·

278 4163 332 4226 nis
355 4160 496 4223 solidata
518 4173 577 4236 per
600 4157 712 4233 ignem
734 4155 868 4227 diaboli,
884 4156 970 4217 idest
997 4171 1077 4234 pec·
1129 4174 1193 4237 qne
1224 4158 1424 4228 columnam,
1449 4155 1601 4217 doctrina
1625 4153 1796 4215 duodecim
1818 4155 1912 4227 Apos-

278 4252 946 4336 cati3undelsaiae(54,16):‹Ecceego
962 4254 1075 4315 creavi
1129 4256 1272 4321 tolonum
1296 4253 1508 4329 intelligitur,
1533 4266 1599 4329 qua
1620 4250 1721 4312 debet
1733 4266 1767 4312 se
1790 4248 1911 4322 cingere

280 4357 410 4420 fabrum
432 4354 621 4416 sufflantem
643 4351 678 4412 in
701 4351 779 4426 igne
797 4366 932 4428 prunae,
947 4352 980 4412 et
996 4366 1076 4428 pro·
1128 4354 1304 4431 praelatus,
1328 4367 1370 4413 ne
1392 4350 1492 4411 nimis
1515 4350 1561 4411 sit
1583 4348 1722 4425 gracilis
1748 4362 1807 4425 per
1829 4346 1913 4406 iner-

280 4456 441 4517 terentem
453 4468 512 4515 vas
524 4452 559 4512 in
574 4465 658 4528 opus
673 4450 769 4509 suum
784 4465 813 4508 a.
824 4447 931 4509 Faber
948 4447 1010 4510 iste
1025 4449 1076 4510 est
1128 4452 1228 4522 tiam,
1256 4450 1309 4512 vel
1335 4447 1475 4509 nimium
1499 4462 1652 4524 grossus,
1677 4446 1746 4506 sive
1774 4440 1914 4517 turgidus

281 4551 444 4623 diabolus
469 4565 489 4610 a
513 4551 580 4610 Deo
610 4547 742 4609 creatus
765 4544 947 4607 secundum
973 4545 1075 4607 subs·
1129 4565 1189 4627 per
1215 4547 1405 4609 elationem.
1431 4547 1498 4607 Ista
1524 4544 1675 4605 doctrina
1699 4541 1819 4603 debent
1839 4554 1915 4617 praa·

279 4650 431 4720 tantiam,
456 4663 522 4708 non
547 4643 730 4707 secundum
754 4641 931 4717 malitiam
950 4643 983 4704 et
1003 4643 1075 4719 ipse
1129 4645 1189 4707 lati
1213 4642 1408 4720 constringi,
1439 4658 1482 4703 ne
1508 4640 1663 4702 diffluant
1692 4640 1727 4700 in
1755 4634 1912 4700 vitia.Si-

280 4747 392 4812 sufflat
406 4740 577 4827 peccatum
591 4740 726 4821 migne,
744 4739 875 4801 idestin
889 4740 1075 4802 incentoria
1129 4743 1186 4805 cut
1224 4739 1334 4803 autem
1361 4739 1530 4817 cingulum
1557 4753 1626 4800 non
1663 4736 1745 4798 bene
1771 4732 1914 4797 convenit

279 4846 449 4916 vitiorum,
478 4839 512 4902 in
543 4837 758 4915 suggestione
786 4852 865 4905 sua,
891 4839 923 4899 et
950 4837 1076 4915 proteri
1129 4840 1268 4911 bomini,
1286 4839 1317 4899 si
1333 4838 1434 4899 nimis
1453 4838 1496 4897 sit
1511 4835 1622 4907 exilis,
1635 4834 1689 4896 vel
1710 4833 1813 4894 nimis
1826 4846 1913 4906 gros·

279 4960 338 5006 vas
357 4943 393 5003 in
414 4956 498 5017 opus
513 4952 621 5007 suum,
633 4934 711 5012 quia
727 4934 850 4994 malum
863 4932 967 4996 elficit
976 4936 1075 5011 juxta
1129 4954 1186 4999 sus
1203 4938 1274 4998 :sic
1289 4936 1440 4998 doctrina
1457 4932 1648 5011 Apostolica
1662 4946 1727 4993 non
1740 4930 1830 4991 bene
1843 4943 1914 4989 cen-

278 5038 460 5103 voluntatis
475 5052 545 5097 snae
560 5032 747 5105 arbitrium,
763 5033 800 5091 ut
824 5031 952 5092 scilicet
966 5028 1075 5108 ipsum
1128 5033 1376 5112 venitpraelato,
1389 5032 1418 5093 si
1434 5032 1534 5093 luerit
1543 5029 1644 5091 nimis
1656 5027 1753 5090 exilis
1769 5042 1831 5103 per
1842 5026 1915 5085 iner-

281 5139 383 5200 laciat
407 5148 556 5204 avarum,
584 5129 744 5202 invidum,
766 5128 820 5191 vel
844 5127 1073 5205 luxuriosum3
1130 5133 1221 5203 tiam,
1237 5132 1290 5193 vel
1306 5130 1569 5206 nimisgrossus,
1585 5128 1619 5190 et
1641 5125 1778 5188 indatus
1792 5140 1852 5201 per
1864 5138 1913 5181 su·

281 5236 360 5314 quia
397 5230 556 5310 quosdam
593 5227 704 5305 coquit
739 5225 816 5301 igne
844 5225 1018 5303 superbiae,
1043 5228 1076 5289 et
1130 5229 1291 5307 perbiam.

318 5434 359 5508 (l)
377 5435 452 5491 Text.
464 5431 546 5489 llebr.
559 5431 656 5488 cinxit.
678 5428 763 5502 vulg.
782 5426 1015 5485 :succinxerunt
1166 5430 1207 5503 (t)
1223 5429 1330 5487 contio.
1349 5388 1379 5496 e,
1391 5428 1417 5485 3.
