3950 6200
451 790 454 795 ⁹
504 810 751 936 LIBER
815 814 1304 943 UNDEGIMUS

472 1339 492 1426 I

105 1452 119 1472 '
190 1476 240 1537 Ad
265 1479 453 1541 Nicolaum
479 1482 759 1569 archidiaconum

331 1577 622 1639 Iballauaensem.

345 1696 364 1754 3
378 1695 512 1753 novemb.
530 1697 620 1754 lino:

210 1805 316 1871 [langa
328 1807 469 1874 Diplomat.
480 1809 629 1874 Norwegic„
641 1810 661 1869 1,
674 1810 742 1877 1,8.]

102 1916 242 1978 limandal
253 1929 285 1979 ut
298 1922 471 1981 vicesimam
483 1924 740 1993 ecclesiasticorum
751 1941 874 1999 proven·

127 2012 194 2063 lnam
208 2023 257 2080 per
276 2012 357 2068 Petri
378 2011 585 2086 archicpiscopi
600 2012 719 2086 ejusque
733 2013 875 2089 suifraga-

127 2097 487 2157 neorumdioecescsTerrae
502 2101 747 2159 Sanctesubsidio
759 2101 876 2175 deputa-

126 2188 175 2238 un
184 2192 209 2240 st
218 2184 352 2256 skulani,
363 2186 428 2244 duci
442 2188 616 2260 Norwegiae,
624 2190 761 2261 aspiranti
776 2190 812 2248 ad
822 2190 877 2249 hoc

124 2269 265 2330 subsidium
280 2288 458 2332 concessam
472 2276 599 2350 colligat,
613 2279 696 2349 eique
710 2279 848 2352 assignet.

128 2396 281 2458 Honorius
296 2401 491 2477 episcopus,
508 2403 584 2474 etc,
596 2403 746 2475 Nicoma,
764 2404 877 2465 archi-

101 2488 471 2569 diaconolhatlandensi,
489 2500 551 2560 etc.

130 2589 197 2649 Cum
210 2590 358 2654 dilectus
374 2594 463 2654 tilius
478 2594 601 2656 nobilis
616 2596 668 2657 vir
684 2596 798 2669 Skulo,
809 2597 877 2659 dux

100 2682 280 2763 Narvegiae,
310 2689 475 2750 divinitus
505 2691 687 2768 inspiratus
721 2694 876 2756 ardenter

101 2781 229 2856 aspirans
243 2786 285 2846 ad
301 2785 490 2847 subsidium
505 2789 615 2849 Terrae
630 2791 770 2861 Sanctae,
787 2791 828 2851 ad
842 2791 875 2851 id

101 2879 252 2953 magnilica
267 2898 308 2943 se
325 2883 489 2958 accingat,
502 2884 638 2946 daturus
654 2886 808 2948 omnibus
819 2888 875 2965 qui

101 2987 190 3036 smum
203 2978 429 3041 transfretare
439 2979 605 3042 voluerint
618 2983 789 3059 navigium
804 2985 876 3047 sine

99 3072 189 3144 muln,
202 3074 287 3146 sicut
304 3077 377 3137 tam
391 3077 463 3154 ipse
476 3093 574 3154 quam
590 3080 798 3142 venerabiles
813 3081 878 3144 sra-

99 3165 153 3228 tres
167 3172 268 3234 nostri
290 3174 426 3245 Petrus,
446 3175 672 3237 Nidrosiensis
691 3179 877 3256 archiepis-

101 3276 193 3340 copus,
211 3270 279 3331 et...
304 3272 381 3347 ejus
396 3269 600 3347 suffraganei
616 3274 686 3334 suis
705 3275 800 3337 nabis
816 3276 876 3339 lit-

99 3361 165 3421 teris
175 3363 387 3438 intimarunt,
403 3383 465 3427 nos
476 3384 622 3445 congruo
636 3371 784 3433 volentes
802 3389 876 3434 eum

99 3459 206 3522 anulio
219 3463 253 3523 in
265 3465 341 3524 tam
356 3463 412 3539 pio
425 3465 594 3541 proposito
610 3467 779 3545 adjuvare,
792 3471 877 3531 vice·

99 3553 196 3617 umam
222 3560 532 3623 ecclesiasticorum
566 3568 785 3639 proventuum
818 3584 877 3643 per

98 3652 316 3724 paucus-um
330 3657 574 3735 archiepiscopi
589 3661 623 3721 et
643 3662 877 3739 suffraganeo-

98 3759 156 3808 mm
172 3750 345 3825 dioeceses,
361 3755 474 3815 Terrae
495 3756 624 3818 Sanctae
645 3758 793 3820 subsidio
817 3775 874 3821 se-

99 3845 219 3909 cundum
238 3850 368 3910 statuta
390 3852 558 3925 generalis
578 3855 717 3916 Consilii
732 3855 874 3932 deputa-

98 3935 167 4009 tam,
189 3943 299 4006 eidem
328 3945 405 4006 duci
432 3946 587 4007 dammas
619 3951 874 4012 concedendam.

25 4097 27 4114 p
100 4033 238 4104 Quocirca
262 4040 475 4108 mandamus,
497 4044 660 4120 quatenus
682 4046 876 4110 vicesimam

99 4128 185 4205 ipsam
199 4139 365 4213 colligens
384 4139 571 4215 diligenter,
594 4142 754 4218 praedicto
772 4145 877 4207 nobili

100 4224 220 4294 lldeliter
249 4235 408 4311 assignes
447 4237 608 4299 eamdem.
647 4240 877 4305 Conuadicto-

100 4335 150 4396 res,
162 4331 218 4391 etc.
231 4333 355 4393 Datum
370 4333 538 4407 Laterani,
556 4336 721 4398 Iunones
736 4353 874 4400 novem-

100 4415 166 4496 bris,
178 4441 266 4489 auno
281 4428 468 4491 undecima.

456 4616 498 4703 H

189 4756 241 4816 Ad
254 4758 448 4818 lluorcram
467 4759 761 4834 archiepiscopum

340 4854 614 4914 Nidrosteusem.

345 4971 511 5029 &novemb
529 4973 609 5031 1226.

215 5083 320 5149 [Lange
330 5084 469 5150 biplomat.
483 5044 629 5150 Narvegic,
640 5086 660 5147 i,
674 5101 691 5147 1,
702 5088 739 5153 8.]

103 5181 242 5249 bnandat
255 5199 287 5249 ut
301 5206 364 5261 eos,
380 5188 428 5264 qui
442 5192 583 5249 voluerint
597 5207 711 5251 crucem
727 5209 875 5252 assumere

129 5272 160 5330 ad
170 5277 256 5337 larse
276 5281 391 5338 Sancus
407 5278 564 5338 subsidium
584 5295 649 5337 cum
664 5281 793 5351 Sisciani,
809 5282 874 5340 duci

129 5360 287 5442 buuegiae,
298 5368 382 5440 iuxta
397 5365 517 5424 formam
530 5368 666 5426 Ecclesia
681 5369 819 5429 absolvat.

26 5537 27 5556 ,
133 5486 302 5564 Honorius,
332 5491 417 5564 eta,
444 5492 653 5555 Nidrosiensi
684 5495 873 5573 archiepis-

26 5607 27 5612 ’
106 5593 181 5657 copo,
198 5590 254 5652 etc.

240 5734 358 5778 ramos.
378 5733 452 5776 raus
472 5721 506 5778 V.

972 1335 1054 1397 Cum
1068 1336 1155 1400 elcut
1168 1351 1210 1399 ex
1223 1337 1343 1401 litteris
1355 1340 1421 1401 tuis
1436 1338 1469 1401 et
1483 1340 1594 1416 utique
1605 1354 1725 1416 accep·

931 1432 1204 1509 tamassanus
1220 1435 1308 1497 iilius
1323 1435 1446 1497 nobilis
1461 1437 1514 1498 vir
1529 1436 1643 1509 Skulo,
1655 1436 1724 1497 dux

883 1543 886 1550 ’
931 1529 1120 1606 Norvegiae,
1136 1532 1386 1609 crucesignatus
1405 1532 1448 1594 ad
1462 1536 1573 1594 Terrae
1594 1534 1723 1594 Sanctae
1796 1556 1809 1567 s

932 1624 1115 1687 subsidium
1130 1638 1204 1689 cum
1219 1644 1396 1690 numerosa
1416 1631 1723 1705 crucesignatorum

931 1722 1142 1785 multitudine
1164 1724 1340 1800 magnifice
1354 1741 1391 1786 se
1400 1727 1563 1802 accingat,
1578 1725 1723 1786 offerens

931 1818 1084 1880 omnibns
1094 1836 1207 1881 secum
1222 1821 1632 1884 mansfretarevolentibus
1644 1837 1724 1898 gra·

931 1915 974 1976 tis
994 1917 1167 1993 navigium
1186 1919 1259 1979 sine
1279 1919 1391 1992 naulo,
1408 1919 1445 1980 ut
1466 1920 1531 1980 tuae
1556 1918 1723 1995 praedica·

930 2011 1033 2073 tionis
1045 2013 1124 2074 tuba
1136 2015 1300 2076 excitatus
1316 2016 1457 2092 populus
1468 2016 1670 2077 christianus
1680 2013 1723 2075 ad

932 2107 1028 2170 dictae
1052 2113 1163 2172 Terrae
1187 2111 1371 2172 subsidium
1398 2112 1517 2173 fortius
1543 2112 1720 2182 animetur,

931 2204 1173 2268 fraternitatem
1193 2211 1283 2270 tuam
1311 2224 1484 2271 monemus
1506 2210 1641 2279 attente,
1663 2222 1723 2284 per

930 2303 1121 2378 apostolica
1132 2304 1191 2364 tibi
1207 2307 1329 2380 scripta
1341 2305 1547 2371 mandantes,
1560 2306 1721 2381 quatenus

930 2397 966 2459 in
991 2401 1163 2475 provincia
1180 2401 1236 2461 tua
1259 2401 1467 2476 evangelizes
1490 2403 1523 2462 et
1548 2400 1722 2477 evangeli-

930 2496 1001 2555 zari
1015 2495 1119 2556 facias
1138 2496 1331 2559 solemniter
1345 2497 1481 2558 verbum
1497 2498 1618 2568 crucis,
1636 2512 1723 2558 com·

930 2591 1181 2654 monefaciendo
1208 2586 1382 2655 universes
1403 2596 1436 2655 et
1459 2594 1608 2670 singulos
1629 2596 1665 2655 nt
1683 2594 1718 2654 in

930 2689 994 2750 hoc
1010 2690 1217 2751 necessitatis
1233 2690 1372 2751 articulo
1384 2692 1580 2753 succurrant
1590 2691 1721 2752 Christo

930 2786 1038 2846 modis
1062 2787 1226 2858 omnibus,
1247 2787 1366 2864 quibus
1389 2789 1542 2865 possunt,
1567 2789 1613 2849 ita
1635 2788 1722 2865 quod

930 2883 998 2944 tam
1018 2883 1078 2944 tibi
1094 2900 1192 2960 quam
1214 2885 1264 2945 eis
1288 2884 1440 2946 meritum
1461 2884 1722 2961 incomparabile

931 2995 1115 3057 compares,
1137 2983 1170 3042 et
1187 2996 1246 3042 nas
1270 2981 1528 3043 sollicitudinem
1548 2983 1638 3042 tuam
1659 2981 1721 3041 de-

929 3076 1067 3140 beamus
1078 3077 1188 3154 dignis
1201 3077 1381 3139 inD0mino
1390 3078 1543 3139 laudibus
1554 3094 1723 3140 commen-

931 3174 1086 3236 dare.'Ad
1114 3175 1186 3236 haec
1210 3176 1316 3252 siqui
1342 3176 1575 3250 crucesignati,
1591 3176 1644 3236 vel
1666 3177 1724 3252 qui

931 3287 1063 3332 crucem
1087 3287 1258 3333 assumere
1283 3272 1460 3343 valuerint,
1490 3287 1550 3349 pru
1576 3273 1722 3334 violenta

930 3384 1089 3429 manuum
1104 3368 1283 3445 injectione
1297 3370 1363 3431 sint
1375 3370 1509 3431 vinculo
1524 3385 1721 3430 excommu-

930 3466 1109 3526 nicationis
1131 3467 1293 3537 adstricti,
1323 3466 1517 3527 absolvendi
1543 3483 1600 3528 eos
1623 3470 1723 3544 juxta

930 3562 1071 3623 formam
1092 3563 1248 3624 Ecclesiae
1269 3562 1331 3623 tibi
1350 3563 1561 3624 concedimus
1581 3563 1724 3625 faculta-

928 3658 1008 3730 tem,
1034 3657 1100 3718 nisi
1127 3658 1211 3719 sorte
1237 3658 1319 3718 adeo
1344 3659 1388 3720 sit
1415 3674 1529 3720 eorum
1554 3660 1723 3734 gravissi

930 3755 1077 3816 enormis
1092 3770 1262 3826 excessus,
1277 3755 1363 3832 quod
1376 3747 1495 3817 merito
1516 3771 1583 3817 non
1599 3757 1665 3818 sint
1679 3757 1721 3817 ad

931 3852 1050 3913 Sedem
1065 3852 1290 3934 apostolicam
1304 3853 1504 3914 remittendi.
1524 3854 1643 3915 Datum
1657 3857 1723 3915 La-

929 3950 1093 4023 tarani,11
1108 3964 1214 4010 nonas
1224 3949 1425 4023 novembris,
1433 3966 1521 4012 anno
1533 3951 1719 4012 undecima.

1298 4190 1361 4276 III

969 4339 1022 4399 Ad
1034 4338 1243 4413 magistram
1262 4340 1464 4400 thletmam
1479 4341 1520 4399 dc
1534 4340 1680 4412 Marcio,

1086 4437 1289 4496 canonicam
1303 4435 1561 4497 carnotensem.

1193 4563 1354 4621 bnovemb.
1373 4565 1451 4622 1226.

971 4684 1093 4750 [Regest.,
1104 4684 1149 4736 lib.
1164 4685 1208 4744 Xl,
1220 4699 1260 4751 ep.
1272 4685 1328 4736 aba.
1341 4687 1398 4738 llss
1411 4689 1448 4739 La
1456 4689 1533 4740 Parte
1542 4688 1576 4739 dn
1588 4689 1681 4755 Thou]

928 4809 998 4868 Cum
1013 4824 1045 4866 se
1059 4807 1215 4883 obligasset
1236 4824 1288 4883 pro
1304 4811 1338 4870 G.
1357 4810 1475 4870 iordaui
1493 4812 1529 4870 de
1545 4814 1677 4883 carnoto,
1694 4821 1723 4871 et

963 4897 1019 4954 ists
1043 4899 1165 4956 mimine
1191 4905 1296 4956 statuto
1321 4900 1461 4958 creditum
1486 4916 1544 4958 non
1574 4902 1721 4971 solvisset,

964 4984 1094 5043 Pontifex
1109 4986 1187 5043 illum
1206 5001 1222 5044 a
1242 5001 1316 5044 noxa
1331 5002 1417 5059 quam
1434 4989 1586 5047 incurrisse
1605 4989 1723 5047 timebat

875 5067 879 5073 '
964 5072 1095 5144 absolvit,
1110 5073 1266 5132 dummodo
1280 5074 1469 5134 creditoribus
1483 5075 1648 5134 satislaciat.

969 5208 1147 5280 Honorius,
1159 5210 1234 5280 eta,
1247 5208 1366 5272 dilecto
1380 5211 1450 5271 dlio
1464 5211 1622 5284 magistro
1635 5211 1723 5272 Wil-

929 5301 1028 5366 lelmo
1065 5304 1116 5377 de¹
1139 5306 1282 5377 Moreto,
1313 5308 1474 5369 canonico
1507 5309 1721 5382 carnotensi,

929 5399 1081 5472 salutem,
1096 5403 1159 5462 eto.

969 5499 1050 5557 Cum
1078 5499 1158 5559 olim
1182 5499 1218 5560 tu
1241 5515 1316 5560 cum
1340 5500 1535 5576 quibusdam
1560 5503 1638 5564 aliis
1662 5520 1722 5582 pro

930 5597 968 5656 G.
983 5594 1122 5657 Jordani
1134 5594 1175 5657 de
1189 5597 1332 5657 carnoto
1345 5597 1467 5661 clerico
1479 5601 1512 5661 ts
1524 5601 1723 5678 quibusdam

1500 5733 1517 5787 ὅ
