3950 6200
93 309 170 377 1033

92 474 167 552 quia
191 473 346 551 peccator
368 475 521 549 vagatur,
546 491 752 553 quocumque
777 490 881 552 pravo

91 588 149 632 suo
163 569 330 632 desiderio
344 571 484 648 rapitur.
539 569 541 574 ’

129 670 251 739 Quarta
262 670 314 730 est
323 668 438 730 ultima
450 670 630 741 damnatio,
645 671 686 732 do
702 686 766 746 qua
779 669 881 731 Joelis

91 764 311 843 (34113311
323 766 575 835 3311113113113,
589 769 708 843 Tyrus,
721 769 754 827 31
767 767 880 833 Sidon,

90 865 122 923 et
140 864 248 922 omnis
268 862 432 923 terminus
455 862 755 925 Palaesthinoruml
772 863 881 921 Num-

91 958 166 1035 quid
178 959 338 1020 ultionem
351 975 411 1020 vos
424 960 569 1021 reddetis
585 961 685 1020 mihil
695 960 734 1020 nt
746 959 775 1020 si
786 960 885 1018 ulcis·

91 1056 202 1116 cimini
218 1058 335 1117 contra
351 1071 414 1128 me,
431 1058 591 1118 velociter
605 1056 740 1117 reddam
755 1055 884 1117 vicissi-

89 1150 236 1213 tudinem
256 1167 356 1228 super
377 1155 478 1230 caput
500 1154 693 1215 vestrum.»
717 1156 754 1214 in
775 1153 882 1214 ultio-

90 1262 162 1309 nem
186 1246 426 1310 beneficiorum
452 1266 588 1311 suorum
612 1250 828 1312 adversamur
851 1249 882 1310 ei

90 1345 283 1421 inpeccatis
298 1346 422 1407 nostris
437 1368 444 1406 :
461 1347 517 1408 sed
534 1348 606 1422 ipse
621 1347 780 1409 ultionem
800 1347 881 1407 red-

90 1441 142 1503 det
165 1441 284 1516 nobis;
316 1443 404 1503 3313
429 1444 585 1506 Jeremlae
609 1441 881 1523 (3331131333

90 1539 277 1626 ‹Bibentes
290 1539 411 1602 bibetis
428 1558 435 1600 :
451 1541 528 1617 quia
544 1556 622 1602 3333
638 1541 672 1604 13
687 1541 833 1612 civitate,
848 1541 882 1601 13

90 1652 151 1714 qua
166 1636 358 1699 invocatum
373 1638 424 1699 est
438 1653 559 1700 nomen
573 1653 695 1711 meum,
716 1654 777 1714 ego
792 1638 882 1700 inci-

89 1733 174 1811 piam
199 1734 351 1810 affligere
376 1756 383 1794 ε
408 1735 448 1797 ut
471 1750 530 1796 vos
554 1736 650 1812 quasi
673 1736 881 1808 innocentes,

88 1831 251 1892 immunes
266 1832 383 1893 eritisl
399 1833 475 1893 Non
490 1833 584 1894 eritis
598 1832 763 1893 immunes
780 1850 787 1888 :
805 1832 883 1908 gla-

88 1928 174 1988 dium
197 1929 289 1989 enim
312 1945 396 1990 voco
417 1945 519 2005 super
537 1945 653 1990 omnes
677 1929 883 1992 habitatores

87 2025 193 2097 terrae,
213 2026 296 2087 dicit
311 2027 469 2087 Dominus
489 2027 708 2088 exercituum.
725 2027 884 2102 »Atiligit

87 2123 246 2183 Dominus
261 2138 352 2194 suos,
370 2126 403 2185 et
418 2124 582 2200 judicium
605 2123 726 2199 incipit
745 2137 765 2184 a
786 2123 882 2185 domo

87 2218 229 2278 Domini.
258 2220 362 2289 Quam
393 2218 555 2280 terribilis
579 2219 623 2279 sit
647 2219 713 2280 1313
739 2219 880 2294 gladius,

21 2305 22 2310 ’
86 2314 168 2376 11331
186 2315 262 2377 dies
281 2316 413 2394 judicii,
436 2315 579 2376 hahetur
596 2316 631 2375 iu
653 2317 814 2377 Zacharia
837 2315 881 2395 (9,

88 2415 123 2473 11
138 2413 171 2474 31
193 2413 248 2491 15)
262 2430 270 2473 ε
285 2412 430 2475 «Exibit
446 2415 482 2475 ut
495 2412 608 2489 lulgur
618 2413 768 2490 jaculum
789 2417 883 2490 ejus:

88 2510 119 2570 31
131 2511 294 2570 Dominus
309 2513 397 2570 Deus
418 2509 453 2569 in
473 2509 552 2572 tuba
567 2511 674 2581 canet,
691 2511 723 2571 et
738 2512 837 2572 13131
848 2511 884 2570 13

88 2606 220 2668 turbine
240 2606 366 2667 Austri.
392 2606 551 2668 Dominus
573 2607 780 2669 exercituum
805 2623 885 2685 pro-

87 2704 171 2778 teget
186 2718 261 2763 eos.
278 2720 297 2763 1
312 2704 354 2764 Ut
375 2702 499 2779 fulgur,
515 2703 548 2764 31
568 2706 665 2765 canet
678 2702 757 2764 tuba
777 2726 785 2764 z
803 2706 883 2765 tunc

87 2802 245 2862 corruent
256 2801 344 2860 muri
353 2800 499 2872 iericho,
511 2800 599 2861 idest
608 2800 734 2861 muudi.
746 2803 783 2864 111
797 2799 882 2862 1333

86 2897 216 2972 gladius
232 2913 339 2973 poenae
358 2899 495 2958 aeternae
508 2896 633 2973 fulguri
651 2902 881 2974 comparatur:

87 2993 196 3070 lulgur
208 2993 300 3054 enim
317 2994 449 3065 scindit,
466 2995 544 3066 urit,
562 2994 883 3070 133331181313113

88 3091 201 3153 malos.
215 3095 260 3153 In
272 3092 408 3153 turbine
420 3093 553 3164 Acutri,
565 3092 621 3171 qui
633 3093 719 3155 tiata
730 3092 881 3166 meridie,

88 3190 156 3265 quia
174 3189 299 3260 malos,
316 3190 403 3250 31331
419 3190 516 3250 turbo
537 3191 663 3266 paleas,
681 3191 884 3266 disperdeta

87 3284 169 3348 facie
179 3289 295 3357 terrae,
308 3286 385 3362 quia
396 3286 431 3346 in
445 3286 652 3361 plenitudine
662 3287 799 3347 luminis
811 3290 884 3364 ejus

86 3399 216 3444 omnem
232 3382 402 3459 pulverem
417 3385 629 3459 peccatorum
643 3400 665 3444 a
680 3386 771 3445 terra
787 3399 885 3445 excu-

87 3479 710 3558 113131313311311333313333333133
726 3482 883 3557 inignem

88 3579 261 3639 aeternum.
278 3579 325 3639 De
338 3577 412 3649 hoo,
429 3578 613 3639 Ezechielis
630 3576 744 3656 (2218
759 3577 882 3658 3120)

87 3677 224 3738 «Versa
239 3677 290 3735 331
304 3673 387 3734 mihi
399 3673 518 3735 domus
533 3676 637 3736 Israel
650 3676 686 3736 in
701 3676 883 3749 scoriam»;

87 3772 118 3833 ot
139 3772 244 3849 paulo
264 3772 341 3847 post
363 3771 536 3847 sequitur:
553 3789 571 3831 c
591 3774 658 3848 Ego
674 3774 884 3849 congregabo

86 3885 143 3930 ros
158 3868 422 3944 congregatione
435 3869 579 3944 argenti,
591 3871 624 3931 31
638 3871 727 3942 serie,
744 3873 777 3932 et
791 3869 883 3943 ferri,

87 3968 118 4027 et
135 3966 262 4037 stanni,
282 3968 315 4026 et
329 3965 454 4041 plumbi
473 3966 509 4026 13
530 3967 640 4028 medio
664 3967 832 4028 fornacis:
849 3969 885 4030 ut

87 4064 288 4125 succendam
308 4063 343 4123 in
363 4078 403 4124 33
426 4064 538 4139 ignem
559 4064 601 4124 ad
627 4065 885 4126 conflandum.»

86 4162 229 4222 Perhoc
251 4159 336 4236 quod
360 4162 535 4236 argeutum
553 4161 779 4236 corrumpitur
798 4162 886 4221 mix-

62 4246 66 4253 ’
86 4260 160 4321 1333
173 4259 267 4330 aeris,
281 4260 334 4319 vel
348 4259 485 4335 plumbi,
500 4258 554 4319 131
568 4259 691 4331 313331,
709 4260 886 4334 signantur

86 4359 165 4419 13311
186 4357 434 4435 persecutione,
455 4356 512 4432 qui
536 4358 746 4417 murmurant
769 4359 885 4418 contra

85 4456 201 4516 113313.
220 4455 402 4529 Argentum
418 4454 517 4523 lucet,
535 4456 568 4515 31
588 4454 724 4528 333131;
742 4454 799 4514 sed
820 4470 883 4515 ve-

85 4552 211 4613 tustate
225 4551 439 4626 denigrescit.
456 4554 521 4612 Per
536 4544 602 4613 h'oc.
614 4552 699 4628 quod
717 4554 767 4612 ast
781 4566 884 4621 sono<

85 4663 171 4721 rum,
188 4649 438 4709 murmurantes
453 4648 631 4723 significat.
646 4650 683 4708 ln
699 4648 885 4719 13333333-

85 4745 207 4807 1311133
225 4766 233 4805 :
250 4745 285 4804 in
300 4747 432 4816 313333,
449 4745 636 4821 hypocrisis
653 4766 661 4804 :
680 4745 716 4804 in
737 4745 882 4822 plumbo,

85 4842 321 4919 ponderositas
333 4843 495 4903 avaritiae.
513 4843 613 4915 Quasi
628 4843 717 4904 dicat
728 4865 735 4902 :
746 4843 787 4903 Hi
800 4843 884 4905 tales

85 4956 203 5001 omnes
228 4939 363 5000 fornace
388 4939 549 5015 gehennae
576 4940 822 5011 conflabuntur,
849 4942 884 5000 13

85 5040 286 5115 perpetuum
303 5037 426 5097 arsuri.
442 5037 503 5097 Vel
521 5052 581 5113 per
595 5039 782 5112 argentum,
798 5038 884 5114 quod

85 5135 186 5207 lucet,
204 5135 239 5195 et
257 5133 387 5205 candet,
411 5135 467 5195 sed
488 5134 653 5195 vetustate
675 5134 885 5205 obscuratur,

85 5232 152 5293 313
174 5230 340 5291 mixtione
361 5230 449 5303 aeris,
471 5231 523 5292 131
545 5232 669 5303 313331,
690 5233 743 5292 131
760 5232 885 5307 plumbi

84 5328 325 5405 corrumpitur,
347 5328 580 5402 significantur
603 5328 666 5397 illi,
695 5329 751 5405 qui
774 5329 886 5389 lucent

85 5426 127 5487 ad
141 5430 276 5501 tempus
290 5440 350 5501 per
363 5425 451 5486 bona
464 5441 577 5502 opera,
594 5427 729 5486 tandem
751 5442 811 5503 per
825 5426 887 5486 ad-

85 5524 285 5586 mixtionem
298 5523 461 5584 malorum
477 5525 736 5606 corrumpuntur
750 5545 759 5583 :v
770 5539 829 5600 per
839 5539 885 5585 ees

121 5624 165 5709 (1)
187 5637 274 5710 Vulg.
293 5636 470 5695 :satiabitur

472 314 581 378 PARS
608 314 1048 380 331111.-11113331113
1075 315 1120 376 IN
1148 314 1348 377 PSALMOS.

1653 314 1730 374 1034

936 475 1170 550 significantur
1195 475 1257 547 illi,
1287 472 1345 550 qul
1372 471 1452 533 tacti
1481 471 1730 547 persecutione,

936 575 1050 632 contra
1064 574 1167 633 Deum
1183 570 1414 632 murmurant:
1430 582 1489 644 per
1504 567 1641 640 serrum,
1656 583 1736 630 cru-

937 669 1039 743 deles,
1055 671 1088 729 et
1112 668 1314 730 inflexibiles
1337 666 1378 727 ad
1399 666 1629 742 poeniteutiam
1647 686 1654 724 :
1674 680 1735 741 per

937 767 1103 835 stanuum,
1116 765 1299 841 hypocritae
1313 784 1320 823 ε
1334 778 1393 839 per
1408 761 1588 838 plumbum,
1604 761 1733 838 pondus

937 861 1088 921 avaritiae
1104 863 1286 936 portantes.
1310 859 1352 918 Hi
1372 874 1487 919 omnes
1512 860 1683 920 mittentur
1698 859 1733 917 13

937 957 1105 1018 fornacem
1117 956 1290 1032 gehennae,
1307 971 1373 1016 non
1388 954 1429 1016 ad
1443 948 1664 1032 purgandum,
1675 954 1731 1017 331

937 1054 979 1114 31
994 1053 1200 1131 puniendum
1215 1052 1431 1115 aeternaliter.

1152 1320 1292 1380 SERMO
1319 1320 1517 1379 CLXXVIII.
1646 1367 1648 1374 ,

1125 1458 1226 1515 Contra
1243 1446 1357 1526 avaros,
1373 1437 1544 1529 et'cupldos.

937 1593 1114 1665 Numquid
1141 1593 1296 1653 31133331
1320 1593 1380 1652 1111
1402 1594 1500 1652 sedes
1528 1592 1739 1680 iniquitatis,

978 1691 1037 1761 qni
1050 1688 1154 1764 stupis
1170 1691 1371 1749 laberemini
1382 1688 1578 1764 preceptor
1594 1686 1732 1765 (Psalm.

977 1786 1029 1855 93,
1045 1783 1112 1862 20.)

980 1925 1081 1987 Sedes
1095 1925 1294 2002 iniquitatis,
1311 1925 1382 1986 3113
1393 1925 1587 2002 impietatis,
1599 1925 1736 1987 estava-

938 2027 1015 2087 ritia
1030 2047 1037 2086 :
1050 2027 1204 2103 impietas
1215 2027 1256 2087 ad
1267 2029 1382 2098 Deum,
1393 2026 1553 2103 iniquitas
1565 2027 1605 2087 ad
1620 2027 1737 2102 proxi-

939 2139 1040 2183 mum.
1069 2123 1163 2184 Unde
1187 2123 1357 2184 Zacharias
1378 2121 1422 2201 (5,
1439 2126 1460 2183 5
1480 2124 1521 2184 31
1537 2121 1570 2201 8)
1586 2145 1593 2183 z
1612 2126 1734 2184 «Leve

938 2219 1053 2279 oculos
1064 2222 1151 2291 1333,
1162 2221 1195 2281 31
1206 2220 1293 2286 1113,
1305 2220 1383 2296 quid
1395 2220 1528 2291 esthoc,
1539 2220 1625 2296 quod
1637 2235 1736 2294 egre·

939 2315 1039 2376 ditur.
1067 2319 1107 2378 Et
1125 2317 1195 2376 dlxi
1210 2339 1217 2376 ε
1235 2316 1399 2387 Quidnam
1420 2318 1488 2377 3311
1509 2319 1549 2377 Et
1569 2318 1617 2378 ait
1633 2338 1639 2375 :
1655 2318 1735 2377 Haec

938 2413 990 2473 331
1003 2412 1165 2489 amphora
1185 2413 1371 2488 egrediens.
1395 2413 1435 2473 Et
1456 2411 1565 2474 dixit:
1582 2415 1662 2474 Haeo
1683 2413 1736 2474 est

938 2509 1056 2570 oculus
1078 2524 1192 2570 eorum
1214 2510 1249 2569 in
1274 2510 1432 2570 universa
1460 2510 1561 2570 terra.
1589 2512 1629 2572 Et
1657 2526 1735 2571 3333

937 2606 1100 2668 talentum
1116 2606 1241 2682 plumbi
1257 2606 1463 2682 portabatur,
1480 2607 1512 2667 et
1524 2623 1602 2668 ecce
1615 2607 1738 2668 mulier

938 2718 1006 2764 333
1031 2704 1152 2764 331333
1167 2705 1201 2763 13
1226 2704 1335 2765 medio
1360 2704 1541 2781 amphorae.
1563 2706 1603 2764 Et
1624 2705 1737 2765 dixit>

938 2802 1019 2860 Haec
1030 2802 1081 2860 est
1092 2801 1260 2876 impletas.
1277 2803 1316 2862 Et
1331 2802 1472 2877 projecit
1485 2816 1559 2860 eam
1574 2801 1609 2859 13
1626 2800 1735 2861 medio

938 2897 1120 2972 amphora,
1137 2901 1169 2957 31
1182 2897 1272 2957 misit
1286 2912 1430 2957 massam
1447 2887 1633 2974 plumbeam
1647 2898 1683 2957 in
1698 2913 1735 2958 os

939 2996 1052 3070 ejusr»
1066 2995 1234 3070 Amphora
1246 2995 1318 3055 haec
1332 2998 1384 3057 est
1394 2995 1549 3068 31331113,
1560 3011 1634 3072 quae
1647 3011 1736 3055 nun-

939 3107 1038 3168 quam
1053 3090 1190 3163 claudit‚
1208 3090 1266 3153 sed
1281 3089 1413 3171 semper
1429 3108 1467 3154 os
1482 3091 1592 3154 cordis
1608 3092 1642 3152 in
1658 3108 1734 3153 am-

938 3187 1733 3267 hituapertumtenet3undellcclesiastici(14,9):

939 3285 1143 3346 Insatiabilis
1164 3287 1216 3347 est
1234 3286 1352 3346 oculus
1367 3285 1490 3362 cupidi,
1508 3302 1574 3346 non
1597 3287 1735 3347 satura-

938 3383 994 3441 tur
1006 3379 1053 3460 (l)
1066 3383 1101 3442 iu
1115 3384 1208 3457 parte
1224 3381 1421 3458 iniquitatis,
1437 3381 1542 3443 13333
1559 3384 1736 3444 consumat

939 3478 1149 3555 injustitiam,
1166 3478 1354 3540 arefaciens
1375 3480 1522 3539 animam
1545 3496 1651 3540 suam.
1669 3482 1734 3541 Se-

939 3576 1052 3653 quitur
1066 3598 1074 3635 :
1088 3576 1241 3637 «Oculus
1254 3592 1369 3637 eorum
1383 3576 1418 3637 in
1434 3577 1591 3637 universa
1602 3579 1691 3638 terra
1702 3594 1733 3649 1,

939 3674 1018 3749 quia
1044 3673 1179 3735 hebetes
1205 3674 1349 3735 suntad
1377 3673 1511 3743 honum,
1541 3673 1734 3735 subtiliores

940 3771 1072 3832 suntad
1088 3770 1211 3832 malum
1225 3787 1233 3844 3
1252 3771 1339 3831 unde
1359 3771 1394 3831 13
1411 3772 1591 3847 Evangelio
1607 3770 1733 3849 (Lucae,

941 3870 990 3941 11,
1006 3868 1064 3946 8);
1084 3886 1102 3927 u
1124 3869 1201 3929 Filii
1226 3868 1325 3945 butus
1358 3869 1471 3930 saeculi
1501 3869 1735 3944 prudentiores

940 3967 1018 4027 sunt
1038 3966 1118 4027 11113
1137 3966 1233 4027 lucis.
1249 3984 1267 4027 1
1287 3968 1326 4028 Et
1339 3982 1418 4027 ecce
1431 3967 1594 4028 talentum
1610 3965 1735 4043 plumbi

940 4063 1146 4139 portabatur,
1167 4066 1201 4125 et
1221 4064 1313 4125 misit
1335 4063 1523 4139 plumbeam
1540 4080 1685 4125 massam
1700 4068 1735 4124 in

940 4176 977 4221 os
991 4161 1153 4233 mulieris,
1170 4162 1247 4237 quia
1261 4162 1415 4237 impietas
1431 4162 1558 4238 peccati
1573 4162 1626 4221 sui
1646 4177 1734 4237 pon·
1812 4192 1815 4201 ·

940 4259 1018 4319 dere
1033 4260 1161 4334 gravat.
1178 4260 1218 4319 Et
1232 4258 1345 4334 postea
1362 4256 1515 4319 subditur
1534 4257 1578 4337 (5,
1592 4256 1625 4336 9)
1641 4279 1648 4317 :
1662 4276 1681 4318 c
1696 4260 1736 4321 Et

940 4371 1018 4417 3333
1034 4356 1108 4417 duae
1124 4356 1292 4427 mulieres
1310 4356 1344 4416 et
1365 4354 1531 4416 habebant
1546 4355 1618 4415 alas
1638 4356 1737 4432 quasi

940 4453 1011 4513 alas
1034 4452 1173 4512 milvi.»
1192 4455 1271 4512 Duae
1289 4451 1458 4524 mulieres,
1475 4454 1685 4528 vanegloria,
1703 4456 1739 4517 et·

939 4551 1070 4625 rapina,
1092 4563 1165 4624 quae
1180 4550 1322 4623 regnant
1343 4549 1378 4608 in
1399 4550 1594 4625 majoribus,
1618 4552 1651 4613 et
1674 4567 1736 4628 po·

939 4646 1151 4716 lentioribus
1169 4645 1256 4722 quod
1280 4649 1415 4707 notatur
1433 4663 1493 4723 per
1512 4648 1660 4720 milvum,
1678 4649 1735 4726 qui

940 4757 1072 4820 semper
1086 4742 1171 4804 11111
1184 4742 1225 4804 13
1238 4744 1375 4819 rapina;
1392 4745 1425 4806 et
1440 4762 1499 4820 per
1509 4745 1649 4806 alteram
1662 4763 1736 4806 mu-

940 4841 1057 4902 llerem
1074 4840 1271 4915 designatur
1286 4857 1399 4913 usura,
1417 4858 1491 4919 quae
1506 4843 1606 4903 33113
1621 4842 1733 4903 mino-

939 4938 1046 5012 rihus,
1069 4939 1126 5014 qui
1151 4954 1217 4999 non
1242 4939 1366 4999 audent
1393 4954 1523 5014 rapere.
1552 4940 1733 5016 Sequitur:

940 5039 1014 5097 «Et
1032 5037 1228 5098 1313133331
1242 5036 1435 5112 amphoram
1452 5037 1685 5109 interranum,
1703 5038 1736 5099 31

939 5136 1111 5208 terram»;
1131 5134 1209 5210 quia
1231 5150 1298 5194 non
1318 5133 1441 5194 habeut
1463 5134 1548 5195 tales
1565 5134 1675 5195 locum
1699 5135 1735 5196 in

940 5233 1024 5294 coelo
1040 5247 1114 5292 cum
1129 5231 1276 5306 Angelis,
1295 5246 1355 5292 nec
1370 5231 1515 5291 interris
1530 5247 1605 5291 cum
1621 5233 1734 5294 homi-

940 5329 1039 5389 nibus
1052 5329 1188 5400 sanctis,
1205 5328 1263 5388 sed
1279 5327 1313 5387 in
1329 5343 1407 5389 aere
1425 5344 1499 5389 cum
1515 5329 1734 5404 daemonibus,

940 5427 1028 5488 sicut
1046 5428 1063 5487 J
1068 5425 1149 5486 udas
1165 5426 1324 5501 proditor,
1339 5425 1395 5502 qui
1409 5412 1592 5501 suspensus
1606 5428 1641 5486 in
1658 5442 1737 5489 aere

940 5522 1235 5608 3333311,1331133;
1252 5522 1415 5585 33131311
1432 5520 1496 5602 (20,
1512 5521 1567 5601 21)
1579 5547 1586 5583 :
1599 5542 1617 5585 t
1629 5527 1748 5587 llere--
