3950 6200
257 303 340 368 tuta

250 463 375 542 quiesi
391 461 568 540 sapientia.
584 464 728 534 Adonai,
742 460 829 523 idest
842 460 1047 521 Dominator.

255 563 377 624 Factus
386 563 437 621 θεῖ
448 562 535 628 Deus
547 573 664 620 serras
679 573 739 636 pro
752 557 861 631 nobis,
874 558 912 619 ut
925 557 1050 618 iaceret

253 672 316 719 nos
330 657 493 727 dominos,
516 658 550 720 θῖ
570 657 738 732 potentes3
760 654 849 716 unde
870 653 1049 730 Propheta

252 754 403 831 petentes
437 752 569 824 redimi,
603 752 752 828 dirigunt
783 767 899 813 vocem
934 766 1047 811 suam:

254 853 445 911 Damnat.
470 850 624 911 Potentes
644 849 888 920 liberationem,
911 847 1047 908 dicunt:

254 949 395 1009 Otudtu
406 950 520 1019 Ιθεεθ,
536 946 593 1007 sed
608 946 708 1008 radix
722 946 821 1017 aruit,
838 944 925 1005 idest
939 943 1050 1004 Chris·

252 1043 308 1104 tus
327 1043 363 1102 in
378 1043 545 1119 passione,
565 1044 603 1104 ut
615 1042 701 1104 rami
715 1042 874 1103 virerent.
893 1041 975 1100 Tres
990 1054 1048 1099 εθ-

252 1140 391 1215 quentes
406 1138 574 1215 pertinent
591 1137 631 1198 ad
651 1137 833 1198 meandum
848 1136 1046 1198 Adventum.

252 1235 290 1294 In
304 1235 411 1311 prima
421 1236 538 1312 petunt
547 1234 692 1296 carceris
704 1234 927 1310 apertionem
941 1231 1046 1292 unde:

254 1333 399 1394 ocuvu
416 1335 539 1400 Dauid,
561 1335 653 1406 veut,
678 1332 713 1392 et
732 1334 817 1393 educ
835 1330 990 1391 utuctum
1009 1328 1049 1389 de

252 1439 390 1490 carcere
415 1429 638 1505 peccatorum.
671 1427 734 1489 Sed
766 1428 881 1504 aperto
912 1440 1049 1487 carcere

253 1526 445 1587 necessaria
456 1528 507 1587 θεῖ
518 1525 738 1600 illuminatt03
755 1524 843 1585 unde
857 1545 864 1583 :
880 1526 1046 1593 Douteus,

252 1626 334 1683 veut
354 1623 395 1683 ad
411 1612 666 1683 illuminandum
683 1637 755 1682 nos.
781 1622 821 1682 nt
840 1619 1048 1698 postmodum

253 1720 444 1781 necessaria
459 1717 524 1783 ’θεῖ
547 1720 708 1797 protectio
733 1719 869 1795 proptor
890 1717 1050 1780 tentato·

253 1830 345 1892 uem3
362 1817 449 1878 unde
467 1820 517 1879 :0
537 1832 606 1879 reu
618 1817 785 1893 ocultum.
807 1815 954 1892 Septima
969 1830 1048 1891 per-

252 1913 338 1975 tiaet
351 1913 393 1974 ad
410 1914 564 1976 ultimum
583 1913 761 1974 adventum
782 1912 819 1973 in
835 1911 974 1989 judicio,
993 1910 1049 1972 nbi

253 2010 378 2086 petitur
402 2011 500 2087 plena
522 2010 674 2081 salvatio,
701 2009 831 2070 scilicet
857 2008 990 2078 animas,
1017 2009 1050 2069 et

255 2108 416 2183 corporis,
440 2108 476 2168 in
491 2123 555 2185 quo
575 2107 717 2184 petimus
732 2107 906 2183 utriusque
920 2104 1050 2181 gloriii-

253 2205 436 2280 cationem3
451 2204 540 2265 unde
551 2225 559 2264 z
572 2207 598 2266 0
609 2207 825 2274 Emmanuel,
840 2202 926 2280 quod
943 2203 1051 2263 inter-

254 2301 406 2378 pretatur
434 2301 608 2363 nobiscum
633 2303 736 2376 Deus3
764 2300 842 2378 quia
869 2300 905 2360 in
931 2298 1049 2361 eadem

253 2412 367 2470 carue,
383 2398 556 2475 sicutipse
571 2398 606 2458 in
622 2413 694 2470 sna,
716 2397 841 2460 erimus
855 2395 1046 2472 glorificati.

252 2496 345 2556 Tunc
359 2497 425 2557 erit
439 2496 572 2567 animas,
588 2498 622 2557 et
636 2496 769 2572 corpori
783 2494 887 2556 salus.

292 2594 448 2664 cantate,
462 2581 510 2654 vet
537 2593 702 2654 cartutule.
739 2590 964 2653 Erultandum
999 2589 1051 2651 θεῖ

254 2689 405 2761 Domino,
422 2693 503 2763 quta
516 2691 691 2751 mirabttta
704 2689 796 2763 tecit,
811 2688 899 2749 idest
912 2703 1047 2760 nouum,

254 2785 297 2847 da
312 2802 376 2863 quo
391 2785 472 2847 dicit
485 2785 650 2847 leramias
665 2782 729 2863 (31,
745 2782 799 2862 22)
813 2806 820 2845 :
836 2787 975 2846 Nouum
989 2786 1047 2858 ta-

252 2881 320 2942 ciet
335 2879 382 2959 (1)
404 2884 572 2941 Dotutuus
597 2895 702 2955 suaper
727 2882 884 2941 terrum:
904 2881 1049 2954 tertuum

254 2978 482 3040 circumdabit
493 2980 621 3038 utrum.
637 2977 810 3054 Sequitur:
823 2977 870 3037 nt
881 2977 1047 3038 exultate.

256 3073 296 3134 Et
320 3070 405 3133 bene
429 3070 646 3134 exultandum
672 3073 723 3134 est
747 3071 887 3134 Domino
913 3071 1049 3150 propter

254 3169 331 3231 tria.
377 3172 518 3246 Propter
560 3169 844 3246 incorruptionem
883 3168 1045 3245 corporis,

253 3282 353 3344 quam
363 3266 511 3328 habituri
522 3283 636 3327 sumus
645 3267 679 3327 in
693 3266 801 3345 patria
813 3281 888 3327 cum
899 3265 1047 3341 Christ03

204 3348 209 3358 ’
253 3364 342 3424 unde
367 3363 537 3425 Zachariae
566 3362 610 3443 (a,
633 3363 691 3442 a):
716 3382 735 3424 c
758 3364 951 3426 Jucundare
978 3363 1049 3423 tilia

254 3462 348 3535 Sion,
375 3460 489 3523 exalta
517 3460 599 3523 satis
625 3459 671 3539 (2)
702 3460 772 3521 illia
806 3461 1048 3523 Jerusalem.»

252 3559 393 3635 Propter
407 3559 598 3621 sanctorum
613 3558 823 3632 societatem;
839 3556 928 3619 unde
942 3555 1046 3635 (Psal.

254 3654 322 3723 132,
344 3653 397 3734 1):
414 3672 432 3715 a
447 3657 531 3715 Ecce
546 3669 644 3731 quam
666 3653 801 3727 bonum,
822 3656 856 3717 et
876 3669 974 3730 quam
986 3656 1048 3728 ju-

251 3750 395 3812 cundum
408 3749 572 3820 babitare,
588 3749 721 3823 batres,
738 3749 774 3810 in
787 3765 901 3810 unum.
915 3766 933 3809 s
949 3752 1050 3825 Prop-

253 3850 307 3908 ter
317 3846 570 3923 jucunditatem,
592 3862 665 3922 quas
684 3847 749 3909 erit
770 3846 804 3906 in
819 3846 951 3908 visione
970 3847 1046 3918 Dei;

252 3943 342 4005 unde
355 3941 581 4004 Ecclesiastici
600 3943 665 4022 (15,
680 3942 714 4022 6)
732 3965 739 4004 :
756 3943 1047 4024 ‹Iucunditatem

253 4041 287 4101 et
311 4039 552 4101 exultationem
574 4039 815 4101 thesaurizabit
838 4054 1046 4116 supereum,

253 4138 287 4199 θῖ
300 4137 436 4199 nomine
449 4137 576 4198 aeterno
595 4135 808 4199 hereditabit
822 4136 929 4198 illum.
946 4154 965 4197 s
979 4138 1048 4198 Do-

254 4235 365 4296 minus
380 4235 467 4295 Deus
481 4235 607 4295 noster.

472 4402 611 4464 SERMO
634 4402 834 4463 CLXXXIII.

250 4527 294 4583 De
305 4525 405 4593 ulbm,
419 4538 484 4596 quaa
495 4522 634 4581 debentur
649 4525 719 4592 Deo,
735 4523 844 4581 scilicet
860 4523 971 4591 timore,
994 4520 1046 4579 ho·

286 4619 367 4673 nore,
391 4611 420 4661 et
438 4617 545 4660 amore.
569 4605 673 4663 Contra
693 4603 814 4676 indigne
835 4609 999 4673 sumentem
1020 4612 1049 4660 et

190 4702 194 4709 ·
286 4685 408 4757 qualiter
422 4681 579 4741 sumendus
593 4683 639 4739 sit.

250 4801 416 4865 Duottute
446 4802 634 4861 Dominum
668 4802 780 4859 Deum
809 4799 981 4873 nostrum,
1015 4799 1049 4860 et

290 4889 436 4949 adsume
449 4889 631 4949 scutetum
643 4889 770 4961 pettam
782 4889 869 4960 ejus,
886 4890 1050 4960 quonum

289 4977 453 5039 sanctum
466 4976 530 5038 est.
545 4971 649 5053 (Psal.
665 4975 717 5047 98,
734 4972 781 5052 5.)

291 5107 499 5169 Draltandus
525 5104 586 5178 est,
614 5106 692 5183 quia
719 5109 888 5168 Dominus
914 5108 984 5180 est;
1017 5107 1050 5168 et

250 5206 330 5283 quia
345 5209 438 5266 Deua
452 5203 521 5276 ast;
537 5204 571 5263 et
584 5203 662 5280 quia
674 5203 726 5264 θεῖ
737 5204 866 5265 uester.
883 5203 967 5275 Quia
982 5206 1050 5264 Do-

252 5336 399 5394 Gltristum
413 5334 582 5407 crucifixum
599 5349 608 5390 .·
627 5334 734 5392 Iudeis
746 5333 857 5406 quidem
869 5333 1048 5401 scandalum,

251 5408 382 5463 uuum
396 5410 490 5461 autem
500 5405 666 5462 stultitiam.
682 5408 744 5462 lmo
760 5407 768 5460 1
789 5420 821 5461 εθ
835 5405 984 5472 Dominus,
1002 5406 1049 5476 qui

155 5472 167 5483 “
252 5478 329 5533 Deus
346 5482 398 5541 est,
420 5481 449 5532 et
466 5476 517 5532 Dei
532 5476 684 5555 sapientia,
700 5475 736 5531 ab
777 5473 875 5543 enode,
897 5482 928 5531 ut
945 5475 1050 5548 legitur

253 5547 348 5613 Lucae,
369 5544 415 5613 13,
436 5546 480 5615 11,
500 5542 721 5615 intumescet
740 5545 855 5603 indutus
874 5552 954 5603 veste
974 5546 1048 5615 alba,

254 5615 341 5671 veluti
354 5615 464 5674 stultus.

678 304 711 365 S.
737 300 912 365 aurorul
941 299 1130 363 Pandunt
1161 300 1299 362 OPERA
1329 300 1475 362 OMNIA.

1820 302 1881 367 lou

1103 457 1214 520 minus
1227 458 1288 531 θεῖ,
1305 457 1461 521 debemus
1474 458 1506 520 ei
1518 457 1690 535 timorem
1705 459 1783 536 quia
1796 462 1880 536 Deus,

1104 554 1280 630 bonorem3
1298 556 1376 632 quia
1392 558 1517 629 noster,
1539 570 1699 617 amorem.
1716 558 1880 635 Timorem

1105 651 1192 713 ande
1207 652 1302 713 lsaiae
1318 650 1363 730 (8,
1378 654 1416 714 13
1428 653 1462 714 et
1476 652 1528 731 14)
1543 675 1551 712 :
1567 671 1586 712 ε
1603 654 1780 714 Dominum
1799 671 1883 716 erer-

1104 750 1229 810 cituum
1244 749 1354 826 ipsum
1368 749 1595 811 sanctificate:
1617 750 1692 826 ipse
1706 766 1808 826 paror
1819 768 1883 814 res-

1103 847 1172 919 ter;
1202 846 1235 908 et
1261 847 1327 908 erit
1353 846 1449 910 robis
1477 847 1513 908 in
1545 847 1883 909 sanctificationem.»

1104 944 1257 1005 Eraltate
1275 947 1463 1005 Domtuum
1484 959 1560 1004 cum
1580 944 1713 1005 timore.
1737 947 1882 1008 Duutotc

1103 1043 1225 1111 Deum,
1246 1040 1454 1114 honorando,
1476 1040 1554 1118 qnia
1573 1041 1606 1102 ei
1625 1040 1766 1102 debetur
1778 1041 1878 1103 honor.

1105 1136 1168 1197 Sed
1188 1138 1301 1209 timeo,
1318 1153 1361 1198 ne
1375 1137 1506 1199 dicatur
1520 1138 1627 1208 nobis,
1645 1138 1733 1200 sicut
1746 1138 1780 1197 in
1796 1141 1880 1200 lare·

1103 1232 1170 1292 mla
1186 1231 1230 1310 (2,
1251 1234 1286 1294 11
1303 1236 1337 1295 et
1358 1233 1409 1312 13)
1424 1256 1431 1294 :
1451 1252 1470 1293 θ
1490 1234 1637 1310 Populus
1653 1250 1747 1294 meus
1761 1235 1881 1295 mutavit

1103 1329 1244 1408 gloriam
1256 1345 1350 1391 suam
1361 1331 1396 1391 in
1407 1330 1624 1403 idolum;›et
1634 1331 1883 1409 sequitur:‹De

1103 1425 1312 1503 reliquerant
1326 1442 1378 1488 me
1394 1427 1516 1489 iontem
1532 1442 1627 1503 aquae
1641 1427 1740 1501 rivas,
1761 1430 1792 1488 et
1804 1426 1882 1488 tode-

1103 1525 1182 1585 runt
1200 1523 1265 1584 sibi
1288 1523 1465 1594 cisternas,
1482 1540 1556 1601 quac
1578 1539 1683 1600 aquas
1702 1538 1768 1583 non
1786 1522 1882 1585 valent

1103 1620 1322 1682 continere.»
1348 1623 1385 1681 In
1411 1620 1548 1691 idolum,
1577 1619 1664 1681 idest
1688 1620 1825 1695 gloriam
1848 1619 1883 1680 de

1103 1716 1331 1793 redemptione
1346 1718 1459 1778 nostra
1479 1718 1708 1779 convertimus
1722 1718 1758 1777 in
1775 1732 1882 1794 pecca·

1103 1815 1184 1886 tum,
1205 1829 1273 1875 non
1292 1813 1481 1876 exhibendo
1497 1814 1547 1875 illi
1567 1814 1741 1875 honorem.
1763 1815 1881 1874 Damam

1104 1911 1315 1984 exaltandus,
1332 1912 1411 1989 quia
1432 1911 1564 1983 noster,
1586 1911 1664 1988 quia
1686 1912 1724 1972 ut
1742 1909 1882 1971 liberaret

1104 2024 1165 2068 nos
1186 2007 1227 2069 de
1253 2008 1486 2070 maledictione
1512 2007 1607 2084 legis,
1630 2009 1745 2081 sactus
1764 2008 1812 2069 est
1827 2021 1882 2080 pro

1105 2105 1199 2166 uobis
1213 2106 1432 2167 maledictum
1448 2104 1549 2183 (Gal,
1564 2107 1595 2175 3,
1612 2103 1678 2182 13),
1703 2103 1818 2181 dequo
1833 2103 1881 2164 di·

1104 2200 1191 2262 citur
1213 2222 1221 2262 ε
1248 2203 1462 2274 Maledictus,
1496 2205 1555 2276 qut
1580 2203 1706 2276 pendet
1738 2204 1775 2262 iu
1804 2204 1884 2276 douo

1104 2295 1227 2375 (Deut,
1240 2299 1291 2373 21,
1308 2297 1374 2378 23).
1391 2299 1545 2361 Exaltate
1559 2300 1664 2359 Deum
1681 2299 1822 2358 nostrum
1836 2298 1884 2357 :et

1104 2395 1134 2455 si
1145 2397 1259 2457 noster
1268 2395 1329 2467 est,
1342 2411 1422 2472 ergo
1435 2397 1467 2458 ei
1480 2411 1627 2457 amorem
1641 2395 1805 2456 debemus.
1817 2395 1884 2455 Non

1105 2508 1187 2568 ergo
1220 2492 1410 2570 polluamus
1441 2496 1514 2570 eJus
1549 2508 1682 2554 nomen.
1717 2491 1883 2553 Eusebium

1105 2587 1169 2667 (44,
1182 2587 1216 2667 7)
1230 2611 1238 2649 :
1250 2606 1268 2650 a
1279 2590 1434 2651 Polluitis
1445 2590 1578 2652 domum
1589 2604 1710 2661 meam,
1724 2592 1757 2650 et
1770 2588 1884 2650 otlertis

1104 2702 1207 2762 panes
1223 2701 1327 2759 meos,
1344 2687 1487 2764 adipem,
1503 2689 1537 2749 et
1551 2686 1749 2762 sanguinem
1763 2708 1771 2745 :
1785 2686 1816 2746 et
1828 2684 1883 2744 dis

1104 2782 1233 2845 solvitis
1252 2785 1386 2861 pactum
1417 2799 1525 2845 meum
1557 2784 1592 2844 iu
1618 2783 1798 2845 sceleribus
1816 2796 1884 2841 res-

1103 2881 1210 2941 tris.»
1235 2884 1344 2957 super
1367 2881 1454 2957 quod
1476 2879 1558 2942 ddcit
1581 2881 1799 2957 Hieronymus
1817 2877 1882 2957 (3):

1103 2980 1238 3038 Nomen
1252 2977 1393 3039 Domtut
1408 2992 1478 3038 uon
1494 2979 1626 3051 poturit,
1648 2980 1717 3038 utet
1731 2978 1785 3050 qut
1797 2978 1882 3036 clam

1104 3073 1155 3135 est
1169 3075 1312 3136 credere
1327 3076 1369 3145 et,
1387 3074 1422 3136 et
1436 3076 1512 3149 ejus
1529 3077 1669 3137 censeri
1682 3076 1845 3136 voeobuto.

1146 3170 1669 3248 sequitur2Adoratescabeuum
1677 3174 1799 3246 pedum
1807 3172 1882 3241 ejus,

1103 3271 1267 3341 quautam
1292 3268 1451 3329 sanctum
1480 3269 1543 3338 est,
1565 3266 1655 3330 idest
1679 3283 1796 3345 corpas
1820 3267 1884 3342 ejus

1103 3364 1274 3425 adorando
1289 3364 1463 3436 comedite,
1480 3365 1560 3441 quia
1574 3365 1663 3426 sicut
1677 3364 1758 3426 dicit
1770 3367 1884 3438 augure

1103 3460 1194 3521 tinus
1220 3459 1293 3539 (t):
1324 3476 1343 3521 a
1366 3462 1472 3523 Nemo
1500 3462 1725 3538 spiritualiter
1744 3459 1885 3526 comedit,

1103 3556 1169 3618 nisi
1181 3557 1274 3635 prIus
1290 3557 1417 3630 adoret,
1432 3574 1451 3618 s
1466 3558 1523 3620 sed
1539 3559 1650 3634 potius
1662 3559 1699 3619 in
1714 3557 1884 3619 detrimen-

1103 3655 1173 3715 tum
1208 3653 1272 3715 sibi
1309 3654 1432 3731 accipit
1470 3655 1773 3727 sacramentalium
1806 3651 1884 3712 unde

1103 3751 1280 3827 Apostolus
1296 3749 1326 3832 (1
1341 3753 1428 3826 Con,
1452 3753 1501 3827 11,
1520 3750 1574 3830 29)
1592 3773 1600 3811 :
1617 3754 1682 3818 out
1703 3748 1885 3817 mandatust,

1103 3848 1137 3907 et
1153 3848 1234 3909 auu
1252 3851 1403 3924 tutique,
1420 3851 1593 3920 jactitatum
1614 3850 1679 3908 stbt
1702 3844 1882 3911 moueat

1103 3945 1137 4005 et
1162 3946 1254 4018 bibit,
1281 3959 1351 4006 uon
1378 3948 1572 4020 dijudicans
1598 3959 1726 4019 coapata
1749 3943 1883 4009 Delatus,

1103 4040 1189 4102 idest
1203 4041 1299 4119 quasi
1314 4042 1534 4118 vilipendens.
1551 4044 1598 4103 De
1612 4041 1677 4102 boc
1691 4052 1884 4117 conquerens

1104 4138 1262 4200 Dominus
1278 4154 1337 4215 per
1351 4138 1558 4200 Ezechielem
1574 4136 1638 4216 (44,
1655 4141 1675 4199 6
1690 4140 1724 4200 et
1737 4139 1783 4215 7),
1794 4134 1884 4198 dicit:

1103 4251 1126 4295 a
1136 4235 1310 4297 Sufficiant
1323 4234 1418 4297 vobis
1433 4236 1545 4297 omnia
1566 4235 1695 4297 scelera
1710 4237 1817 4296 vestra
1830 4232 1884 4292 do-

1104 4347 1177 4405 mus
1192 4333 1317 4393 lsrael:
1333 4335 1380 4394 lio
1392 4332 1478 4410 quod
1495 4332 1652 4393 inducitis
1668 4331 1756 4392 tilios
1769 4331 1886 4392 alienos

1103 4428 1355 4490 incircumcisos
1366 4427 1888 4503 cordaetinclrcumcisoscarne,

1103 4526 1141 4586 ut
1155 4525 1223 4588 sint
1239 4526 1275 4587 in
1294 4526 1488 4587 sanctuario
1509 4541 1594 4597 mec,
1617 4524 1651 4586 et
1670 4525 1819 4602 polluant
1830 4522 1890 4582 do-

1104 4638 1193 4683 mum
1209 4637 1328 4684 meam.
1345 4640 1363 4682 s
1379 4622 1609 4683 incircumcisi
1624 4623 1703 4684 sunt
1717 4621 1826 4690 corde,
1838 4616 1890 4694 qui

1104 4719 1235 4780 suntin
1256 4719 1388 4781 mortali
1408 4721 1556 4795 peccato.
1580 4719 1640 4780 Isti
1660 4722 1738 4780 sunt
1754 4716 1888 4778 alienia

1103 4818 1182 4885 Deo,
1197 4817 1259 4878 etsi
1275 4817 1343 4878 sint
1355 4816 1392 4876 in
1407 4816 1571 4891 Ecclesia3
1589 4815 1677 4877 unde
1692 4815 1733 4876 de
1747 4814 1799 4875 bis
1813 4826 1892 4873 con-

1104 4913 1256 4990 queritur
1277 4913 1439 4974 Dominus
1460 4926 1521 4989 per
1538 4913 1719 4974 teremiam
1740 4910 1804 4990 (11,
1820 4907 1890 4985 15):

1104 5010 1222 5082 «Quid
1249 5011 1311 5084 est,
1341 5009 1428 5087 quod
1454 5008 1597 5071 dilectus
1625 5025 1720 5070 meas
1746 5009 1780 5068 in
1800 5006 1891 5067 domo

1104 5122 1178 5168 mea
1197 5106 1276 5169 iecit
1295 5107 1424 5168 scelera
1448 5107 1571 5167 multat
1588 5105 1755 5182 Numquid
1778 5117 1887 5164 carnus

1104 5206 1240 5276 sancta,
1254 5220 1273 5263 ›
1287 5203 1374 5265 idest
1387 5218 1466 5265 caro
1482 5218 1555 5264 mea
1570 5204 1699 5275 sancta,
1713 5218 1731 5262 ε
1746 5200 1887 5263 auferant

1140 5333 1181 5405 (1)
1196 5334 1303 5408 vulp:
1320 5336 1438 5392 creavit.

1104 5406 1285 5533 rngeXnmg'
1300 5420 1307 5461 :
1324 5405 1419 5463 exulta
1434 5404 1504 5462 satis
1517 5404 1574 5461 tilia
1589 5403 1666 5473 Sion,
1681 5403 1770 5477 jubila
1784 5403 1839 5460 iilia
1851 5401 1889 5457 le

1141 5546 1185 5615 tt)
1203 5545 1264 5604 Lib.
1281 5548 1336 5605 lill
1350 5546 1542 5605 commentar.
1559 5545 1587 5602 in
1602 5543 1717 5614 Erech,
1729 5559 1755 5602 c.
1773 5543 1816 5601 13.

1141 5616 1182 5690 (4)
1200 5618 1284 5674 Enar.
1301 5617 1331 5673 in
1344 5619 1390 5675 Ps.
1407 5617 1452 5684 98,
1468 5628 1496 5672 a.
1513 5617 1540 5673 9,
