3950 6200
30 298 31 307 Ν
154 341 199 407 101
753 336 982 403 nrrsrcnm.
1006 336 1084 401 nm.
1106 338 1147 399 x.
1711 342 1770 403 1oa

150 496 265 577 potente
274 496 444 561 debilitato
456 498 494 565 tu
506 512 634 575 posses.
649 497 768 573 Arguit
782 497 871 561 enim
886 495 924 556 il·
979 495 1057 557 aliis
1072 495 1340 572 contingentibus
1359 496 1620 561 ecclesiasticam
1635 496 1775 561 liberta·

150 597 207 657 lum
217 611 273 656 sna
285 595 421 665 malitia,
438 610 565 671 suaque
580 594 713 655 aversio
725 594 922 670 increpavit,
976 593 1044 663 tem
1068 594 1128 665 sic,
1151 594 1265 657 divina
1291 594 1418 657 suffulti
1446 595 1604 670 potentia,
1626 594 1772 659 debitum

149 692 286 771 quoniam
299 694 390 767 justo
405 693 466 753 Dei
476 691 604 768 judicic
619 691 753 767 propria
767 690 921 767 perdidit,
978 690 1084 751 nostri
1110 706 1350 767 prosequemur
1376 690 1490 764 oflicii,
1519 692 1605 768 quod
1626 695 1694 756 Dec
1713 708 1774 769 pro

149 791 196 867 qni
208 805 304 855 avare
316 788 488 866 cupiverat
502 788 613 849 aliena
630 809 638 846 ι
652 790 686 848 ct
698 789 745 859 tu,
759 787 814 853 cui
828 787 923 862 regni
978 802 1075 863 posse
1086 786 1329 851 satisfacientes
1350 788 1383 849 et
1398 788 1537 859 bomini,
1552 789 1587 851 in
1601 788 1665 849 hoc
1677 805 1775 864 gere-

149 886 190 949 ur
201 886 254 949 vix
265 886 412 947 extrema
424 884 666 955 remanserant,
683 885 774 947 illius
789 883 923 945 omnino
977 900 1052 944 mus
1061 884 1188 947 utiliter
1197 884 1366 958 negotium
1376 887 1499 953 nostrae
1515 884 1636 946 salutis
1647 887 1681 947 et
1693 889 1772 956 tue,

147 982 305 1058 imperium
320 981 499 1055 obtineres.
511 984 590 1045 Haec
604 982 719 1058 utique
731 980 849 1043 salutis
864 996 923 1041 re·
978 996 1054 1041 cum
1075 979 1206 1041 deferre
1226 980 1353 1045 bomini
1368 982 1484 1042 contra
1499 984 1613 1052 Deum,
1630 998 1775 1058 praeser-

146 1077 240 1147 media
258 1093 332 1145 cum
351 1078 479 1139 auxilio
493 1077 692 1155 principum,
709 1078 830 1147 divinae
846 1092 924 1152 pro·-
977 1077 1037 1141 tim
1052 1077 1088 1145 in
1102 1076 1237 1148 talibus,
1265 1077 1309 1138 sit
1333 1092 1464 1147 nocere,
1492 1093 1532 1139 ao
1560 1093 1709 1155 parcere,
1731 1078 1775 1143 sit

146 1174 287 1236 videntiae
316 1174 441 1241 virtute
461 1174 665 1251 praeambula
691 1174 752 1237 tibi
780 1173 924 1251 providit
978 1174 1116 1247 saevire3
1138 1189 1256 1243 manus
1271 1175 1361 1241 enim
1381 1174 1558 1239 mulierum
1582 1175 1776 1237 misericor-

146 1272 238 1332 nater
256 1271 419 1343 Ecclesia,
434 1271 515 1337 talia
542 1271 703 1335 beneflcio
726 1286 828 1348 puero
844 1286 924 1331 con-
978 1268 1068 1333 dium
1084 1268 1170 1331 lilios
1186 1269 1400 1341 decoxerunt,
1419 1271 1477 1331 sed
1492 1270 1613 1332 babeat
1627 1286 1706 1332 vera
1722 1270 1787 1339 rii-⁹

145 1367 209 1435 tulit
218 1369 250 1431 et
261 1368 388 1437 adulto,
406 1368 490 1441 Quid
503 1368 589 1431 ultra
601 1368 662 1439 tibi
680 1367 790 1429 tacere
804 1367 923 1445 potuit,
978 1365 1077 1429 lectio
1090 1367 1206 1447 plagas
1219 1382 1308 1439 suas,
1319 1383 1392 1443 quae
1407 1367 1573 1435 dulciores
1587 1367 1681 1440 liunt,
1698 1382 1773 1433 cum

146 1463 341 1537 ctncnlecit,
359 1465 402 1527 de
417 1464 685 1540 contingentibus
696 1464 743 1527 nil
755 1464 922 1530 omittens,
978 1464 1126 1524 amarius
1138 1463 1339 1535 inseruntur.

145 1561 326 1633 etcaetiam
337 1562 465 1638 adquae
477 1561 730 1627 contenebatur
744 1561 924 1636 adjiciensi
1018 1560 1210 1637 ‹Arijeoisti
1235 1562 1410 1638 preterea,
1435 1561 1523 1638 qrrnd
1539 1561 1614 1637 pust
1631 1562 1774 1651 reditum

143 1657 289 1721 iliramur
309 1661 435 1731 autem,
462 1658 547 1737 quod
564 1659 600 1721 in
628 1658 681 1719 bis
702 1661 775 1723 tuos
790 1657 923 1725 labores
979 1656 1071 1718 tuum
1086 1657 1120 1721 in
1134 1673 1273 1733 regnum
1288 1658 1422 1730 Siciliae,
1443 1659 1678 1733 redintegratis
1691 1660 1776 1723 virl-

143 1769 380 1829 rcrumemoras,
403 1756 517 1819 diceus
540 1756 573 1817 te
591 1755 685 1827 dubii
713 1770 811 1816 casus
837 1752 924 1816 tacta
977 1752 1119 1817 bustris
1133 1770 1192 1831 pro
1206 1756 1392 1830 temporum
1413 1756 1576 1819 varietate
1600 1756 1773 1833 dispersis,

143 1852 285 1923 secutum,
301 1853 364 1929 qui
379 1852 567 1915 vocatusad
578 1853 680 1925 certa,
696 1851 924 1923 laborantibus
978 1852 1124 1915 exclusis
1138 1851 1329 1923 rebellibus,
1347 1852 1496 1915 Ecclesia
1523 1853 1639 1914 contra
1656 1852 1774 1915 matris

142 1948 215 2019 aliis,
230 1949 263 2011 in
286 1949 424 2023 labores
450 1949 590 2015 alterius
611 1949 769 2023 introisti,
796 1949 924 2010 metens
978 1947 1124 2015 otilcium
1137 1951 1306 2026 suspectos
1318 1949 1379 2013 filii
1390 1949 1774 2026 receptavitthuidem

141 2060 278 2122 quancn
302 2046 492 2119 seminasti,
513 2047 545 2108 et
559 2046 721 2125 colligens
744 2044 925 2133 proculdu-
979 2045 1147 2113 desirium
1158 2045 1440 2122 redintegratione
1449 2046 1631 2121 gaudemus
1644 2067 1652 2106 ε
1665 2048 1698 2111 et
1710 2046 1772 2107 uti-

141 2140 185 2203 bio
199 2159 267 2220 qnae
282 2159 357 2209 non
372 2143 536 2220 sparsisti.
978 2158 1056 2203 narn
1071 2142 1330 2217 redintegrantis
1343 2142 1475 2204 affectio
1492 2143 1540 2203 sio
1555 2142 1674 2204 debitis
1689 2143 1774 2209 luis-

171 2256 189 2299 r
210 2240 362 2317 Denique
377 2240 523 2302 defuncti
545 2239 683 2317 fatigata
704 2255 847 2317 persona
862 2256 925 2305 no-
978 2240 1192 2305 setocntenta
1205 2240 1376 2309 limitibus,
1392 2239 1478 2316 quod
1498 2255 1519 2300 a
1529 2240 1662 2316 justitia
1673 2256 1774 2301 recu·

140 2336 228 2397 stram
248 2339 306 2399 tua
331 2353 404 2398 non
431 2337 615 2414 praeterivit
638 2338 794 2409 invectio,
814 2338 923 2401 minus
979 2336 1162 2411 peraticnis
1173 2336 1209 2396 in
1223 2336 1304 2405 suis,
1321 2337 1356 2407 in
1371 2336 1491 2407 alienis
1518 2336 1558 2396 ad
1582 2336 1776 2411 usurpatio-

140 2430 301 2507 diligenter
315 2433 549 2506 considerans,
572 2434 658 2510 quod
678 2450 751 2505 nos,
765 2434 822 2510 qui
837 2449 924 2509 prae·
978 2432 1031 2497 nis
1044 2432 1203 2508 injuriam
1219 2448 1285 2492 non
1300 2432 1486 2504 transisset,
1512 2432 1590 2509 quia
1605 2436 1727 2509 praeter
1740 2433 1774 2493 id

141 2526 293 2591 decessori
313 2529 489 2606 praedicto,
506 2530 592 2607 quod
618 2530 659 2595 ad
675 2530 834 2592 utilitates
848 2530 924 2591 tuas
978 2528 1066 2605 quod
1087 2528 1123 2589 in
1145 2528 1198 2589 die
1213 2529 1395 2590 novissimo
1417 2528 1559 2590 districti
1574 2532 1593 2591 J
1596 2529 1702 2590 udicis
1717 2530 1774 2591 ul-

140 2624 300 2688 atlectione
310 2627 471 2706 plenaria
485 2626 711 2700 succedentes,
722 2626 764 2689 ad
777 2627 826 2688 tui
839 2642 922 2687 con·
977 2627 1069 2688 tione
1081 2626 1248 2698 reddetur,
1263 2625 1487 2687 consummari
1508 2625 1661 2687 felicibus
1676 2625 1792 2686 subs-1

139 2724 383 2785 summationem
395 2723 534 2786 honoris
548 2725 700 2800 patenter
711 2724 877 2793 astitimus
892 2726 925 2787 et
977 2723 1085 2786 tantia
1099 2738 1166 2785 non
1190 2724 1373 2796 consuevit,
1389 2722 1573 2793 eventibus,
1588 2723 1776 2799 augmentis

138 2819 283 2893 potenter,
307 2821 428 2881 nostro
454 2819 489 2882 in
513 2820 628 2882 multis
655 2821 871 2893 detraximus,
888 2822 925 2885 ut
978 2836 1045 2884 non
1062 2822 1244 2899 aggregata
1268 2820 1439 2898 legitimis,
1463 2820 1612 2897 quinimo
1638 2820 1775 2896 grarmis

138 2916 185 2975 tuo
198 2916 422 2992 adjiceremus
439 2916 572 2990 honori,
588 2917 667 2983 lacti
682 2916 923 2994 quodammodo
978 2932 1117 2987 acervus
1128 2918 1389 2993 inficiturpartis
1400 2917 1586 2994 adjectione
1597 2920 1773 2993 corruptae.

137 3007 220 3073 bmae
244 3015 373 3075 nostrae
398 3013 541 3089 prodigi,
556 3015 623 3079 tuae
645 3015 747 3090 parci.
775 3015 838 3076 Sed
862 3030 923 3091 pro
978 3016 1085 3091 Super
1095 3014 1243 3075 exclusis
1254 3030 1414 3091 responso
1428 3014 1646 3091 supersedere
1660 3030 1777 3090 posse-

135 3107 211 3182 islis,
225 3112 258 3173 et
268 3112 354 3173 aliis
366 3111 430 3174 bac
440 3111 536 3173 nobis
550 3112 770 3177 retributione
784 3128 924 3189 respon·
977 3128 1062 3182 mus,
1079 3112 1145 3172 nisi
1160 3112 1303 3191 alicujus
1313 3112 1442 3188 judicio
1457 3111 1649 3176 crederetur
1661 3112 1774 3174 retar-

137 3202 286 3286 tesquis
308 3209 398 3270 dicis
416 3211 473 3288 jus
488 3209 622 3287 regilius
645 3208 769 3274 Siciliae
783 3209 819 3271 in
834 3209 924 3276 elec-
977 3207 1089 3270 datum
1105 3208 1275 3272 silentium
1287 3209 1465 3284 repetitam
1482 3207 1669 3284 justificare
1693 3225 1776 3285 que-

137 3302 268 3370 ticnibus
281 3306 513 3384 praelatcrum,
525 3305 613 3369 sicut
624 3307 759 3378 asseris,
775 3306 922 3372 debitum
976 3306 1093 3366 relam.
1109 3306 1172 3366 Sed
1187 3305 1397 3377 utvidemus,
1412 3305 1499 3384 quod
1522 3305 1682 3368 hactenus
1699 3321 1774 3367 res-

136 3413 173 3460 ex
185 3404 331 3481 antiquo,
360 3404 484 3465 nostris
501 3403 798 3468 constitutionibus
813 3404 923 3464 mino-
977 3402 1151 3478 pondentis
1164 3401 1386 3464 dissimulatio
1398 3401 1538 3474 distulit,
1553 3418 1642 3464 nuno
1657 3404 1773 3464 extor-

136 3500 205 3560 rari.
218 3503 346 3562 Verum
362 3501 392 3562 si
406 3499 530 3580 scripta
543 3502 613 3573 tua,
626 3503 658 3563 et
672 3500 845 3577 genitricis
856 3501 921 3564 tuae
976 3499 1054 3575 quet
1083 3497 1244 3568 instantia
1279 3500 1525 3578 conquerentis.
1555 3504 1584 3559 A
1612 3500 1773 3561 memoria

134 3607 224 3658 manu
234 3597 476 3675 sollicitudinis
497 3596 708 3670 revolvisses,
733 3599 762 3662 si
783 3600 920 3661 sancto-
976 3610 1106 3676 quoque
1131 3595 1188 3657 tua
1215 3595 1382 3662 excidisse
1401 3611 1467 3656 ncn
1492 3595 1669 3667 oredimus,
1686 3596 1772 3673 quod

134 3695 312 3756 rumetiam
338 3696 471 3772 patrum
489 3695 748 3760 constitutiones
762 3696 919 3760 adverte·
975 3693 1089 3753 comiti
1114 3692 1304 3763 Thomasic,
1325 3691 1498 3768 Raynaldc
1520 3691 1561 3752 de
1586 3695 1723 3765 Aversa,
1740 3695 1774 3768 et
1887 3727 1898 3742 ι

135 3801 192 3862 res,
207 3806 270 3853 non
286 3792 446 3868 culpares
457 3792 639 3854 Ecclesiam
655 3792 745 3855 circa
759 3792 921 3856 detensio-
976 3788 1160 3852 fautoribus
1193 3788 1395 3861 eorumdem,
1435 3791 1613 3867 antequam
1648 3791 1771 3862 castra,

135 3899 199 3950 nem
218 3889 458 3952 ecclesiasticae
481 3888 657 3962 libertatis,
675 3905 749 3952 curn
774 3905 842 3952 non
857 3890 918 3951 de·
975 3902 1049 3963 quse
1064 3885 1191 3947 viribus
1207 3885 1359 3950 obtinere
1380 3886 1592 3966 nequiveras,
1615 3887 1771 3964 resigna-

134 3979 201 4046 boat
229 3985 270 4047 de
304 3986 544 4062 prosecutione
582 3985 736 4048 mordere
765 3986 917 4064 iustitiae,
975 3984 1060 4054 rent,
1076 3983 1258 4058 interalia,
1275 3999 1349 4059 quae
1364 3982 1497 4062 publica
1521 3987 1555 4045 et
1578 3984 1770 4045 authentica

134 4081 180 4154 qul
190 4083 393 4145 contendere
405 4082 524 4144 nititur
536 4082 576 4143 de
588 4083 705 4144 abusu.
723 4085 854 4148 Asseris
866 4085 920 4145 in·
974 4083 1051 4144 sunt
1063 4081 1283 4142 conventione
1310 4082 1435 4151 notata,
1461 4081 1553 4144 venit
1578 4081 1771 4158 expressim

134 4190 223 4254 snper
235 4195 313 4251 nos,
338 4179 461 4256 praeter
477 4179 617 4240 sormam
632 4182 850 4246 communiter
864 4197 921 4242 re-
974 4192 1191 4254 perscnarum
1215 4177 1378 4240 securitas
1392 4177 1428 4237 in
1452 4177 1670 4253 promissum
1686 4179 1720 4238 et
1735 4179 1771 4240 ut

135 4274 291 4349 quiritem,
315 4276 350 4337 te
370 4276 571 4349 inconsulto,
594 4276 791 4354 quibusdam
805 4278 920 4340 Eccle·
973 4273 1006 4334 id
1018 4273 1119 4334 robur
1132 4274 1298 4335 firmitatis
1311 4272 1459 4344 baberet,
1474 4288 1535 4336 nos
1547 4273 1581 4334 et
1594 4274 1769 4335 universos

135 4368 187 4434 siis
197 4375 294 4450 regni
310 4372 506 4435 vacantibus
532 4373 722 4450 praelecisse
745 4390 917 4451 personas.
973 4370 1094 4436 tratres
1109 4372 1242 4438 nostros
1257 4368 1384 4448 rogasti
1396 4384 1456 4445 per
1471 4369 1616 4442 nuntios,
1632 4370 1666 4432 et
1679 4369 1771 4433 litte-

135 4466 189 4528 Sed
202 4485 274 4545 quae
297 4470 342 4531 sit
361 4468 420 4528 illa
442 4468 548 4529 forma
574 4469 753 4540 nescimus,
770 4487 843 4547 quae
858 4487 918 4547 pro
973 4483 1030 4532 ras
1049 4466 1222 4546 speciales,
1252 4465 1288 4526 in
1315 4464 1541 4527 testimonium
1567 4468 1765 4540 reservatas,

135 4564 213 4627 certo
226 4565 329 4627 nimis
342 4563 431 4628 esset
442 4564 606 4636 informis,
623 4581 793 4642 perquam
807 4570 917 4650 Apos-
972 4565 1009 4626 ut
1024 4567 1174 4625 Romana
1190 4562 1338 4644 Ecclesia
1367 4578 1587 4640 supersecure
1608 4579 1648 4626 ac
1664 4565 1769 4626 confi-

134 4658 230 4723 tclicac
243 4662 342 4724 Sedis
352 4661 515 4740 judicium
532 4678 574 4723 ex
585 4664 651 4724 tuae
666 4663 847 4724 voluntatis
862 4680 919 4724 ar·
973 4658 1089 4722 denter
1103 4659 1276 4736 reciperet,
1305 4659 1391 4737 quod
1415 4660 1655 4723 inviolabiliter
1682 4678 1764 4739 pro-

134 4751 224 4818 bitrio
250 4758 464 4836 dependeret.
485 4759 559 4820 Non
579 4760 692 4820 tamen
716 4758 918 4824 intendimus
972 4757 1075 4816 missa
1104 4756 1271 4834 praedictis
1279 4757 1510 4852 ‘attenderes
1543 4760 1578 4820 et
1615 4759 1766 4834 plenarie

135 4866 318 4927 promovere
342 4856 527 4932 suspectos,
556 4854 731 4918 dummodo
748 4871 816 4916 non
830 4856 917 4917 ultra
973 4868 1211 4916 conservares:
1226 4853 1283 4913 sed
1312 4855 1422 4915 utrum
1448 4854 1560 4915 verbis
1589 4855 1674 4916 tacta
1688 4870 1765 4915 res-

136 4954 236 5010 notam
250 4951 452 5027 suspicionis
470 4950 642 5024 extendas,
659 4967 757 5029 quam
776 4952 917 5013 rationis
972 4950 1159 5027 penderint,
1176 4950 1322 5026 fidesque
1335 4951 1508 5025 promissis
1523 4952 1696 5028 plusquam
1712 4952 1766 5014 de·

135 5046 275 5114 tramites
289 5047 461 5128 patiantur
475 5065 505 5108 s.
972 5048 1046 5112 ceat
1069 5047 1164 5107 Sedis
1190 5046 1400 5122 apostolica,
1421 5062 1461 5109 ac
1475 5048 1681 5109 excellentis
1695 5049 1764 5109 im-

169 5144 206 5208 st
217 5144 315 5216 inira,
340 5143 398 5208 ubi
423 5143 545 5222 abjecit
558 5144 600 5206 ab
615 5144 687 5221 ipso
702 5145 916 5208 Tarentinum
970 5144 1107 5220 pertalis
1121 5144 1298 5216 bonorem;
1314 5144 1549 5206 afflictionibus
1560 5142 1714 5220 publicis,
1732 5149 1766 5209 et
1870 5205 1873 5220 ,

136 5238 423 5317 archiepiscopum,
437 5243 655 5303 catanensem
679 5245 713 5304 et
735 5242 914 5318 Cephalud.
971 5241 1078 5316 poenis
1092 5239 1276 5300 manifestis
1291 5243 1461 5316 exponunt
1474 5240 1625 5301 nonnulli
1640 5242 1681 5304 d'e
1695 5243 1766 5305 lau·

136 5332 297 5414 episcopos
322 5335 472 5416 improbe
497 5337 606 5415 poenis
633 5338 738 5400 variis
766 5339 914 5411 affectos,
970 5335 1244 5404 toribus'ocmitis
1268 5338 1452 5407 memorati,
1477 5352 1617 5412 quorum
1644 5341 1765 5403 multos

136 5429 244 5494 addin
971 5435 1045 5510 post
1059 5434 1225 5510 speratam
1252 5431 1292 5492 de
1321 5432 1499 5494 securitate
1526 5432 1679 5502 fiduciam
1705 5437 1767 5500 de-

153 5530 277 5601 ·‹Quia
289 5546 369 5594 vero
383 5531 444 5593 Dei
465 5547 576 5594 causae
587 5531 705 5593 deesse
717 5547 782 5592 non
794 5547 918 5608 possu·
970 5530 1048 5591 disti
1060 5528 1174 5612 exilio,
1189 5530 1223 5591 et
1236 5528 1396 5605 quosdam
1421 5529 1643 5605 ignominiosa
1659 5537 1765 5598 morte

138 5634 214 5696 mus,
229 5641 289 5691 nec
302 5628 470 5701 debemus,
488 5643 589 5706 super
611 5627 765 5690 omnibus
788 5628 862 5689 istis
884 5629 917 5690 et
970 5626 1153 5701 damnasti;
1167 5624 1305 5701 proinde
1324 5641 1501 5703 possumus
1515 5642 1581 5689 non
1596 5628 1762 5694 immerito
