3950 6200
210 301 269 363 aaa
826 306 1002 368 uouonn
1025 308 1070 367 nr
1091 308 1241 393 orans,
1797 312 1857 374 164

207 462 312 539 scopo
326 461 493 540 irrogatis.
517 460 581 525 Sed
594 478 658 524 nec
672 462 709 525 tu
726 462 763 523 ln
781 463 825 524 lis
840 478 1004 525 excusare
1058 467 1245 528 consentire
1272 482 1461 544 personam,
1495 468 1754 547 postulationem
1787 486 1857 532 non

208 560 445 636 negligentiam
464 564 555 624 tuam
578 562 683 637 potes,
709 561 766 638 qui
786 561 876 623 cives
898 562 1002 638 ipsos,
1058 561 1213 623 duximus
1239 564 1486 627 admittendam.
1523 566 1585 627 Sed
1623 583 1686 628 nos
1712 567 1858 630 sollicite
1936 620 1950 635 ,

208 656 278 717 tum
296 674 355 734 pro
371 659 478 723 salute
492 659 680 719 animarum
695 673 846 728 suarum,
863 672 1004 734 quarum
1059 660 1253 734 cogitantes,
1269 662 1412 737 qualiter
1421 667 1489 725 tam
1500 663 1634 736 celebri,
1646 667 1715 726 tam
1729 665 1858 741 insigni

195 753 269 835 ,tibi
283 757 335 816 est
348 755 536 817 sollicitudo
550 756 738 825 commissa,
752 758 823 816 tum
838 770 898 832 pro
914 772 1005 816 com·
1061 753 1276 836 [ecclasiael...
1304 775 1475 833 possemus
1504 760 1545 822 de
1571 776 1713 836 persona
1733 762 1857 823 idonea

207 852 363 927 passione
388 852 494 927 ipsius
513 852 660 928 episcopi
688 852 826 913 deberes
847 851 889 912 ab
914 852 1006 928 inju-
1061 854 1245 928 providere,
1276 856 1425 928 demum,
1453 860 1527 934 post
1551 860 1712 920 tractatus
1739 860 1860 920 multi-

199 944 269 1005 riis
279 945 467 1021 hujusmodi
478 946 678 1007 refrenasse.
689 947 893 1022 Licetigitur
902 961 1005 1006 causa
1059 950 1173 1027 plicas,
1189 951 1372 1015 deliberato
1395 954 1535 1015 fratrum
1558 958 1747 1016 nostrorum
1769 973 1857 1017 con·

200 1040 397 1118 bajusmodi
416 1043 602 1104 venerabili
629 1046 744 1105 nostro
762 1044 919 1120 episcopo
939 1045 1006 1103 lia-
1059 1048 1146 1119 silio,
1158 1050 1192 1110 te
1205 1051 1248 1110 ad
1262 1052 1660 1129 constantinopolitanam
1677 1054 1858 1114 ecclesiam

203 1140 354 1212 ventino,
381 1143 414 1202 et
435 1142 573 1217 collegis
592 1144 665 1218 ejus
688 1141 882 1218 jamdudum
904 1140 1006 1202 tuerit
1059 1143 1100 1204 de
1131 1146 1306 1208 Bisuntiua
1335 1149 1538 1224 providimus
1570 1149 1857 1222 transferendum,

203 1235 250 1297 ab
264 1237 454 1313 apostolica
477 1239 561 1299 Sede
581 1239 768 1309 commissa,
795 1238 875 1314 quia
892 1238 1004 1299 minen
1060 1245 1200 1304 nontam
1211 1261 1361 1320 persone
1371 1245 1575 1318 inIicclasia,
1586 1247 1857 1323 quamEcclesiae

206 1338 344 1411 propter
365 1335 486 1396 civium
509 1337 657 1412 ipsorum
682 1336 832 1411 diffugia,
859 1330 1005 1396 nondum
1060 1340 1094 1399 in
1132 1356 1272 1415 persona
1310 1343 1437 1404 utiliter
1462 1360 1523 1404 nos
1557 1344 1732 1405 consulere
1759 1345 1858 1406 arbi-

206 1433 262 1494 est
274 1448 450 1508 processus
470 1433 603 1495 habitus
621 1434 657 1493 in
679 1433 805 1504 eadem,
831 1433 940 1509 ipsam
961 1430 1005 1491 ad
1059 1437 1206 1512 trantes;
1230 1440 1320 1500 certa
1344 1456 1402 1516 spe
1426 1440 1613 1518 fiduciaque
1633 1444 1804 1519 concepta,
1822 1442 1862 1503 ut

206 1544 349 1590 examen
386 1533 537 1592 nostrum
572 1530 728 1591 duximus
760 1529 1003 1603 revocandam
1060 1535 1128 1611 qui,
1140 1551 1206 1596 non
1219 1537 1285 1597 tam
1298 1537 1524 1612 probabilibus
1538 1539 1744 1614 argumentis
1756 1555 1861 1615 quam

207 1626 351 1703 ideoque
366 1628 561 1691 mandamus
575 1628 648 1699 tibi,
661 1628 824 1703 quatenus
836 1626 1003 1703 potestati,
1060 1633 1297 1707 experimentis
1327 1634 1561 1696 infallibilibus
1582 1636 1798 1711 approbatus,
1823 1637 1861 1697 te

212 1724 427 1796 consiliariis,
445 1726 479 1787 et
493 1724 614 1801 populo
632 1724 780 1801 ejusdam
795 1724 941 1785 civitatis
953 1723 1008 1783 in·
1061 1730 1196 1804 dignum
1211 1732 1311 1793 tantae
1322 1731 1495 1807 dignitatis
1509 1733 1603 1809 apice
1617 1733 1802 1804 reddidisti,
1815 1748 1862 1793 ex

205 1821 341 1896 jungas,
363 1822 399 1882 tlt
420 1822 456 1881 in
477 1821 631 1883 kalendis
651 1820 812 1882 februarii
829 1819 1004 1897 proximis·
1061 1828 1121 1889 tali
1135 1828 1356 1889 translatione
1370 1829 1546 1904 magnifice
1561 1830 1745 1891 honoratus
1764 1846 1860 1907 prae·

99 1963 102 1971 .
208 1932 292 1993 quas
315 1917 366 1978 als
384 1918 563 1979 terminum
579 1919 838 1994 peremptorium
852 1917 1007 1991 assigna-
1061 1923 1183 1984 dictam
1211 1924 1388 1987 ecclesiam
1415 1924 1630 2000 indulgentia
1655 1928 1721 1986 tuae
1747 1926 1862 1986 studio

208 2016 294 2082 mus,
323 2030 384 2090 per
411 2017 644 2092 procuratores
672 2015 822 2085 idoneos,
851 2016 885 2075 et
912 2012 1008 2074 suill-
1061 2021 1253 2095 magnifices
1278 2022 1312 2083 et
1335 2022 1489 2082 honores.
1511 2025 1591 2082 Cum
1612 2024 1715 2097 igitur
1734 2038 1863 2098 urgens

209 2111 336 2173 cientes
349 2114 563 2188 compareant
576 2128 687 2173 coram
701 2111 808 2183 nobis,
820 2111 928 2172 eidem
939 2111 1008 2187 epi·
1062 2118 1243 2179 necessitas
1267 2122 1301 2179 et
1321 2118 1458 2181 evidens
1472 2119 1600 2181 utilitas
1617 2121 1861 2181 Constantino-

210 2224 310 2286 scopo
327 2225 428 2286 super
443 2209 630 2281 invasione,
649 2210 883 2276 destructione,
898 2208 1008 2269 acde-
1062 2215 1233 2291 politanae,
1262 2216 1329 2276 imo
1361 2216 1562 2277 universalis
1590 2216 1765 2289 Ecclesiae,
1797 2232 1862 2278 nos

209 2306 358 2368 tentione
372 2307 536 2368 honorum
548 2307 709 2385 episcopii
722 2307 786 2377 sui,
798 2308 832 2368 et
845 2306 1008 2367 ecclesia·
1063 2312 1252 2388 hujusmodi
1267 2312 1328 2375 tibi
1343 2313 1481 2373 honoris
1506 2328 1590 2373 onus
1613 2314 1796 2389 imponere,
1819 2331 1864 2376 ac

208 2419 283 2464 rum
291 2404 363 2481 ejus
370 2404 565 2476 exhibituri,
575 2404 661 2481 quod
669 2403 947 2480 ordopoposcerit
957 2418 1008 2464 ra·
1061 2411 1094 2472 te
1106 2410 1230 2482 subire,
1247 2410 1420 2482 suadeant,
1441 2410 1682 2472 fraternitatem
1697 2411 1789 2473 tuam
1801 2428 1866 2474 ro-

208 2500 322 2570 tionis,
336 2503 394 2563 aut
414 2501 642 2578 composituri,
662 2501 692 2562 si
707 2501 780 2563 lieri
796 2501 918 2578 poterit
931 2516 1007 2561 cum
1061 2523 1189 2583 gamus,
1213 2523 1385 2569 monemus
1407 2508 1440 2568 et
1461 2507 1634 2569 hortamur
1646 2510 1780 2580 attente,
1799 2526 1863 2587 per

209 2598 336 2670 eodem,
346 2598 578 2660 denunciando
593 2598 731 2666 eisdem,
748 2598 835 2676 quod
849 2598 917 2657 nisi
932 2598 1007 2657 sui-
1062 2605 1251 2681 apostolica
1272 2604 1332 2666 tibi
1354 2604 1479 2681 scripta
1507 2606 1732 2682 praecipiendo
1756 2622 1861 2667 man-

209 2694 362 2757 licienter
374 2695 415 2757 ad
430 2695 683 2766 defendendum,
698 2699 730 2756 et
744 2710 785 2756 ac
799 2710 1006 2771 componen-
1062 2702 1188 2774 dantes,
1206 2704 1239 2765 et
1257 2703 1293 2763 in
1314 2703 1544 2764 remissionem
1559 2703 1788 2779 peccaminum
1805 2705 1864 2765 in-

212 2789 291 2851 dum
327 2791 576 2852 transmiserint
597 2791 640 2851 ad
671 2791 851 2852 terminum
888 2806 1010 2867 supra·
1058 2801 1246 2875 jungentes,
1272 2802 1435 2876 quatenus
1464 2801 1646 2877 prudenter
1669 2801 1861 2874 attendens

211 2887 347 2955 dictum,
373 2903 435 2949 nos
460 2888 680 2950 nihilominus
704 2889 741 2948 in
766 2887 900 2963 negOtiO
922 2888 1006 2964 ip80‚
1063 2897 1147 2973 quod
1164 2898 1204 2969 si,
1222 2896 1402 2957 secundum
1412 2897 1615 2973 Apostolum,
1629 2898 1780 2958 Christus
1797 2914 1863 2975 pro

211 2986 370 3062 quantum
384 2985 537 3081 suadebit
555 2986 653 3057 Ρᾶῒίθ,
674 2986 902 3062 Ρΐθθθᾱθΰῑῠὸ·
924 2985 1008 3057 Quid
1063 2993 1214 3054 omnibus
1233 2995 1383 3056 mortuus
1405 2997 1466 3067 est,
1488 2995 1640 3070 superest
1665 2996 1701 3055 ut
1725 2995 1782 3071 qui
1803 2996 1863 3055 vi-

211 3084 323 3144 autem
338 3099 439 3159 super
455 3083 518 3144 hoc
533 3081 662 3154 leceris,
684 3082 780 3144 nobis
802 3099 861 3160 per
878 3082 1007 3145 litteras
1062 3092 1145 3154 vunt
1161 3095 1231 3170 jam
1255 3109 1321 3153 non
1347 3091 1411 3153 sibi
1434 3092 1560 3164 vivant,
1581 3092 1639 3153 sed
1659 3108 1699 3154 eo
1721 3092 1777 3170 qui
1797 3109 1865 3170 pro

210 3179 286 3242 tuas
305 3196 403 3241 cures
423 3180 568 3241 fideliter
584 3180 752 3242 intimare.
771 3184 889 3242 Datum
908 3181 1010 3242 Late-
1063 3190 1157 3250 nohis
1173 3191 1399 3251 est'mortuus
1424 3191 1458 3251 at
1482 3190 1645 3261 surrexit,
1673 3192 1707 3251 et
1731 3205 1864 3252 memor

211 3277 297 3351 rani,
313 3277 343 3338 X
357 3277 491 3339 kalend.
503 3277 665 3355 januarii,
681 3292 770 3338 anno
785 3277 971 3339 undecimo.
1063 3287 1140 3364 quia
1150 3286 1185 3346 in
1196 3287 1325 3363 magnis
1339 3289 1417 3348 sunt
1427 3286 1606 3348 exercendi
1616 3288 1862 3362 magnanimes,

1063 3382 1104 3444 ab
1120 3383 1261 3444 ecclesia
1276 3384 1463 3455 Bisuntina,
1480 3385 1533 3445 cui
1556 3383 1719 3459 allegatus
1744 3400 1792 3456 es,
1819 3385 1864 3447 de

1064 3482 1185 3541 nostrae
1204 3480 1376 3557 potestatis
1391 3479 1597 3556 plenitudine
1617 3480 1800 3553 absolutus,
1818 3481 1864 3543 ad

531 3578 694 3665 XXXIV
1065 3578 1181 3639 Sedem
1207 3577 1431 3653 apostolicam
1454 3577 1581 3648 venias,
1601 3577 1642 3639 ad
1665 3578 1864 3639 Constanti·

1063 3674 1289 3751 nopolitanam
1304 3674 1480 3735 ecclesiam
1494 3689 1701 3745 accessurus,
1718 3675 1753 3735 et
1765 3676 1865 3736 tuum

302 3738 662 3812 aaurcateptscopum
676 3737 914 3798 libaminum.
1060 3773 1191 3846 jactans
1217 3772 1253 3832 in
1279 3772 1418 3832 pompm,
1442 3773 1635 3846 cogitatum,
1660 3772 1728 3847 qui,
1755 3772 1867 3833 confl-

468 3875 503 3932 23
521 3873 651 3932 decemb.
673 3874 753 3932 iisd.
1064 3867 1179 3929 dentes
1192 3868 1227 3928 in
1243 3884 1279 3928 se
1296 3884 1464 3945 nunquam
1476 3867 1633 3929 conlundi
1649 3870 1864 3944 permittens,

373 3995 644 4062 [accasamentis
657 3993 768 4057 mu,
783 3995 850 4058 Μ]
1064 3980 1182 4040 aspera
1197 3966 1247 4026 eis
1261 3965 1426 4027 convertit
1450 3966 1485 4025 in
1510 3965 1622 4041 plana,
1638 3965 1732 4026 nullo
1745 3967 1779 4026 te
1794 3981 1867 4042 pa-

1064 4061 1158 4123 tiaris
1189 4061 1394 4123 difficultatis
1426 4061 1520 4123 obice
1551 4061 1734 4133 retardari,
1764 4064 1867 4138 quasi

1064 4158 1266 4234 migraturus
1278 4158 1320 4219 de
1333 4158 1449 4235 requie
1468 4157 1510 4218 ad
1525 4157 1683 4226 laborem,
1700 4174 1753 4230 ne,
1771 4159 1865 4235 quod

1064 4255 1162 4323 absit,
1175 4255 1344 4317 vocationi
1359 4255 1480 4315 divinae
1494 4256 1654 4316 resistere
1668 4255 1868 4331 propriam-

252 4356 432 4429 Honorius,
457 4356 533 4428 eta,
558 4353 744 4418 venerabili
762 4352 1008 4416 iratriarcbie-
1065 4369 1128 4430 qua
1159 4352 1303 4429 quietem
1332 4351 1469 4413 utilitati
1496 4351 1638 4428 publicae
1665 4367 1868 4428 praeponere

212 4454 348 4532 piscopo
360 4453 547 4524 Bisuntino‚
567 4452 748 4512 salutem...
1064 4449 1222 4520 videaris,
1238 4464 1377 4509 securus
1392 4448 1479 4526 quod
1494 4448 1534 4508 de
1549 4447 1747 4525 apostolica
1764 4449 1867 4512 Sedis

253 4551 336 4612 (ium
346 4548 566 4626 nupernobili
581 4549 723 4610 ecclesia
734 4547 1010 4625 Constantinopo·
1058 4543 1171 4623 'gratia
1188 4548 1220 4607 et
1233 4545 1357 4617 favore,
1373 4561 1445 4622 quae
1458 4546 1494 4605 in
1509 4546 1599 4606 omni
1612 4547 1868 4622 opportunitate

212 4647 319 4709 litans
332 4647 465 4722 pastore
479 4648 630 4716 vacante,
645 4646 827 4724 capitulum
838 4647 870 4707 et
884 4646 956 4718 alii,
967 4645 1009 4707 ad
1064 4644 1125 4705 tibi
1144 4643 1261 4704 adesse
1281 4643 1438 4719 disponit,
1461 4643 1495 4705 te
1517 4642 1553 4702 in
1577 4643 1730 4703 omnibus
1745 4644 1867 4704 omni-

214 4761 298 4822 quos
319 4743 437 4808 electio
462 4742 668 4819 pertinet,in
690 4741 923 4804 substitutione
946 4758 1010 4818 pa·
1065 4741 1173 4802 modis
1198 4741 1353 4817 adjutura
1377 4737 1437 4817 (1).
1465 4738 1609 4800 Dilectos
1637 4741 1747 4799 autern
1774 4740 1869 4802 iiiios

213 4842 372 4914 triarcme
397 4838 501 4902 futuri
529 4838 733 4900 concordare
761 4839 1009 4914 nequivissent,
1066 4838 1241 4914 magistros
1266 4838 1400 4898 Petrum
1425 4840 1459 4897 et
1480 4839 1614 4898 ivonem
1635 4836 1669 4898 et
1682 4829 1865 4910 ioannem,

215 4940 293 5002 aliis
303 4934 547 5016 postulantibus
555 4934 781 4997 venerabilem
790 4933 927 4996 tratrem
937 4950 1012 4997 nos-
1066 4934 1245 4997 canunicos
1258 4932 1652 5010 constantinopolitanos,
1669 4948 1753 5008 quos
1766 4950 1872 5011 prop·

213 5039 304 5098 trum
326 5035 518 5114 episcopum
537 5030 785 5102 Belvacensem,
801 5031 878 5092 aliis
896 5031 1015 5109 appel·
1065 5034 1117 5093 ter
1144 5033 1207 5092 boc
1234 5030 1424 5107 specialiter
1451 5029 1493 5089 ad
1521 5030 1733 5105 praesentiam
1769 5031 1869 5093 tuam

214 5133 363 5200 lantibus
375 5133 490 5194 oontm
501 5128 713 5197 eos,tandem
724 5128 1013 5205 utriusquepartis
1067 5130 1238 5199 mittimus,
1255 5126 1439 5188 sinceritati
1459 5127 1525 5189 tuae
1545 5126 1743 5202 propensius
1764 5143 1870 5188 com-

215 5228 487 5308 procuratoribus
496 5227 657 5288 innostra
666 5225 844 5302 praeseutia
856 5225 1014 5288 constitu·
1068 5226 1273 5287 mandantes.
1289 5225 1407 5286 batum
1429 5221 1596 5295 Laterani,
1613 5225 1642 5283 X
1657 5222 1724 5282 kal.
1737 5225 1871 5300 janua-

217 5321 857 5399 tis,etnoleutibus,velnonvalentibus
868 5322 1013 5384 inunam
1068 5322 1124 5395 rii,
1140 5317 1228 5383 anno
1245 5319 1430 5381 undecimo.

213 4130 361 4206 signillsat
377 4144 490 4187 seeum
507 4128 543 4186 ad
558 4129 902 4200 constantinopolitanam
913 4128 1007 4187 ecole-

337 4220 410 4278 eium
425 4217 584 4293 providisse
595 4216 833 4275 transferendum.

225 5483 301 5631 [XlX
315 5484 353 5543 Ce
367 5479 664 5626 mempregelphrase
679 5481 772 5556 parsit
785 5494 947 5555 corrumpar.
963 5482 986 5540 ll
1004 5481 1063 5540 iaut
1079 5495 1147 5538 sans
1164 5478 1249 5537 doute
1264 5476 1451 5536 retrancberr
1466 5475 1564 5549 quod»
1582 5474 1665 5549 apres
1682 5491 1827 5535 «scamus
1841 5501 1868 5536 ι.

238 5569 353 5616 solcas
370 5568 387 5611 a
410 5568 445 5610 ax
459 5568 499 5609 rai
531 5594 537 5607 .
1849 5563 1853 5586 t
