3950 6200
246 286 327 352 1035
668 292 701 350 S.
730 289 905 354 ANTONII
936 291 1123 354 PADUANI
1153 292 1290 355 OPERA
1320 291 1468 355 OMNIA.
1803 295 1868 358 itm

246 444 450 510 labuutcoeli
465 444 676 522 iniquitatem
694 448 779 523 ejus,
796 449 829 514 et
845 448 937 514 terra
953 462 1040 511 con-
1095 450 1173 510 sunt
1186 465 1282 526 reges
1296 447 1406 521 lemae,
1420 451 1453 511 et
1467 448 1624 512 inebriati
1649 451 1867 526 6611111111-

246 545 362 620 surget
375 542 536 604 adversus
551 558 638 606 eum.
655 560 673 603 a
694 544 788 606 Unde
809 545 891 607 dicit
910 547 1040 621 (116116-
1095 544 1201 609 bitant
1215 551 1339 608 terram
1354 546 1394 607 de
1416 546 1495 608 rino
1511 546 1755 623 prostitutionis
1768 552 1869 625 ejus»

245 641 317 701 rius
328 639 376 720 (1)
388 640 491 712 :cQui
502 640 683 713 necbonis,
693 657 755 704 nec
767 642 865 704 malis
880 642 1039 719 pepercit,
1094 643 1129 703 et
1140 643 1236 704 Isaiae
1250 641 1314 721 (47,
1330 643 1398 705 lad
1410 644 1445 722 3)
1458 665 1466 706 ε
1480 642 1662 714 Descende,
1674 643 1792 704 sedein
1803 645 1867 720 pnl-

245 752 321 800 eum
340 738 375 798 in
390 740 539 800 extremo
561 737 716 800 examine
728 741 895 814 justorum
909 740 991 809 rita,
1008 741 1041 801 et
1095 754 1184 810 vere,
1194 739 1280 801 idest
1288 739 1466 802 humiliare
1474 739 1867 817 perpoenitentiam,rirgo

244 835 456 913 peccatorum
485 834 668 898 accusabit.
694 836 853 910 apertum
875 836 941 897 erit
963 850 1042 911 ger·
1095 835 1164 896 fllia
1179 836 1338 913 Babylon,
1352 837 1431 898 sede
1446 836 1480 898 111
1493 839 1584 899 terra
1601 859 1610 897 :
1626 853 1694 900 non
1706 839 1754 898 est
1765 837 1867 898 solium

244 947 320 996 men
335 931 452 993 domus
467 932 570 1002 illius,
588 931 783 994 detrahetur
796 933 832 992 in
845 931 899 995 die
913 932 1040 994 luroris
1095 932 1172 994 tiliae
1202 934 1444 1006 Chaldaeorum,
1472 934 1561 997 idest
1585 934 1780 1003 daemonum.
1800 934 1866 1010 quia

245 1029 389 1103 Domini,
410 1045 483 1090 cum
509 1044 607 1092 omne
628 1028 762 1100 malum,
784 1029 871 1106 quod
895 1029 930 1092 in
954 1043 1040 1090 con·
1095 1030 1259 1092 ultranou
1274 1030 1450 1094 vocaberis
1464 1032 1586 1104 mollis,
1607 1033 1641 1093 et
1654 1033 1768 1093 tenera
1781 1053 1788 1091 ε
1802 1031 1868 1092 tolle

245 1127 385 1189 scientia
401 1129 473 1204 eius
488 1126 766 1199 abscondebatur,
781 1127 1042 1203 advenienteju·
1095 1127 1230 1198 molam,
1264 1128 1393 1190 scilicet
1433 1130 1576 1199 timoris,
1611 1129 1700 1190 mole
1732 1127 1866 1200 farinam
1936 1201 1938 1206 ¹

245 1223 319 1286 dice
332 1223 536 1285 ostendetur.
549 1240 567 1282 1
1094 1224 1180 1288 idest
1193 1225 1381 1286 comminue
1394 1227 1567 1302 peccatum
1577 1224 1867 1302 perconiessionen

284 1324 356 1393 Quo
369 1321 442 1382 istae
458 1319 835 1397 deseruntamphoraml
846 1321 885 1382 Et
899 1320 985 1382 dixit
999 1320 1040 1381 ad
1094 1325 1178 1398 mus,
1196 1338 1310 1384 omnes
1326 1323 1595 1385 circumstantias
1618 1322 1807 1397 detegendo,
1817 1321 1866 1382 de-

245 1433 298 1479 me
314 1439 322 1477 ε
340 1419 382 1479 Ut
402 1417 586 1482 aedificetur
614 1418 646 1477 ei
673 1418 790 1479 domus
812 1418 847 1478 in
877 1419 1039 1489 sennaar,
1095 1419 1183 1480 nuda
1196 1419 1437 1496 turpitudinem
1448 1419 1757 1495 tuam,discooperi
1770 1419 1869 1479 hume-

244 1512 490 1584 etstabiliatur,
515 1518 549 1575 et
568 1518 712 1590 ponatur
727 1514 773 1574 ibi
798 1530 899 1591 super
926 1514 1040 1577 basem
1095 1532 1168 1578 rum
1196 1519 1301 1588 tuum,
1331 1517 1445 1579 revela
1470 1532 1583 1584 crura,
1605 1515 1867 1578 transiiiumim:

245 1609 562 1689 suam(zach.5,10
577 1613 610 1673 et
627 1609 690 1689 11).
711 1613 862 1672 sennaar
874 1613 1042 1688 interpre-
1094 1613 1299 1676 revelabitur
1313 1613 1499 1689 ignominia
1514 1615 1584 1676 tua.

244 1711 336 1770 tatur
354 1708 462 1782 faetor,
488 1707 564 1786 quia
580 1708 615 1769 in
630 1708 703 1769 loco
727 1707 856 1770 ioetoris
876 1709 1040 1770 aediticata

245 1805 422 1866 ostdomus
436 1805 599 1866 malorum
618 1805 693 1866 :uel
711 1806 867 1867 excussio
879 1806 1039 1878 dentium,

244 1902 331 1979 quod
357 1901 442 1965 bene
464 1904 621 1965 convenit
638 1904 700 1974 616,
724 1903 783 1980 qui
811 1919 877 1964 non
902 1904 1042 1980 possunt
1326 1890 1466 1951 SERMO
1488 1889 1659 1950 CLXXIX·

246 1999 420 2061 comedere
434 1999 571 2062 verbum
585 1998 716 2061 Domini
740 2000 774 2061 in
790 2000 1038 2077 praedicatione,
1095 2028 1135 2084 De
1149 2026 1252 2085 dumi,
1262 2027 1357 2086 amp,
1368 2044 1377 2098 3
1385 2027 1464 2100 qnod
1476 2026 1541 2084 m„
1555 2027 1688 2084 (ΜΝ,
1701 2025 1803 2082 inimici
1813 2027 1868 2093 Dol3

245 2096 337 2158 illam
368 2098 577 2173 respuentes,
610 2097 668 2158 sed
702 2099 862 2174 tanquam
893 2097 1042 2160 edulium
1359 2115 1616 2174 devocenominl.

245 2194 646 2271 puerimolliaquaarunt,
664 2195 742 2271 quia
758 2194 1041 2270 divitesnonpos·
1113 2252 1224 2311 Hodie
1249 2252 1281 2311 Si
1304 2265 1420 2312 vocem
1446 2205 1521 2323 ejus
1547 2251 1733 2312 audierim
1765 2248 1854 2310 mute

246 2290 456 2362 suntiacere,
472 2291 526 2356 vel
541 2291 672 2360 audire,
699 2292 765 2354 nisi
780 2291 868 2368 qued
884 2290 1038 2356 delectat.

247 2389 311 2454 out
334 2390 437 2464 stirpes
451 2392 602 2454 laborem
628 2390 665 2449 p„
677 2389 861 2462 mmm
884 2390 974 2450 Beue
989 2388 1042 2450 di,
1151 2348 1323 2408 obdtirorc
1337 2348 1585 2410 cordavestra
1603 2346 1708 2426 (Psal.
1719 2347 1770 2417 94,
1782 2344 1822 2424 8.)

246 2483 430 2561 citharam,
446 2486 523 2562 quia
543 2485 652 2547 omnis
679 2485 851 2548 tribulatio
864 2486 1042 2562 praesentis
1133 2488 1223 2549 Dicit
1250 2488 1412 2565 propheta
1435 2509 1443 2548 ε
1464 2490 1530 2549 Cor
1551 2489 1703 2549 vestrum
1728 2502 1869 2550 carneum

246 2581 323 2643 vitre
336 2581 449 2644 fictilis
471 2583 532 2654 est,
549 2584 582 2646 et
593 2583 801 2645 transitoria.
824 2584 886 2644 Hic
909 2584 962 2645 est
983 2583 1039 2644 la·
1095 2601 1161 2646 non
1193 2589 1410 2647 convertetur
1442 2585 1479 2645 in
1506 2600 1566 2646 cor
1586 2585 1774 2661 lapideum3
1796 2582 1869 2644 undo

243 2676 315 2751 bor,
330 2679 385 2755 qui
398 2679 643 2744 consessionem
655 2679 838 2756 impeditio
853 2680 1038 2744 oreavari:
1095 2681 1280 2743 Ezechielis
1292 2681 1357 2759 (36,
1377 2680 1433 2760 21)
1451 2702 1458 2741 :
1479 2680 1668 2743 (auferam
1684 2698 1704 2742 a
1720 2681 1810 2743 vobis
1820 2693 1868 2740 cor

244 2789 363 2838 masao
373 2777 533 2849 plumbea
545 2775 718 2843 obdurata,
743 2777 821 2853 quia
835 2793 958 2840 avarus
974 2791 1042 2838 non
1095 2779 1273 2857 lapideum,
1289 2780 1323 2840 et
1336 2778 1422 2840 dabo
1436 2778 1531 2840 vobis
1545 2794 1605 2840 cor
1614 2794 1783 2840 carneum
1792 2779 1869 2837 »cor

246 2870 425 2934 condietur
436 2893 445 2945 ς
458 2872 589 2948 oportet
598 2872 929 2946 enimcumreddere‚
943 2873 1042 2950 quid-
1094 2877 1136 2937 de
1149 2878 1341 2937 naturasua
1356 2892 1514 2937 carneum
1531 2877 1660 2946 est,sed
1675 2876 1794 2937 dicitur
1805 2888 1868 2934 oon·

246 2967 325 3044 quid
340 2967 441 3030 hahet
469 2969 510 3031 16
539 2984 654 3041 usura,
682 2969 736 3032 vei
750 2969 882 3047 rapina,
898 2972 932 3030 et
943 2971 1045 3047 qnid-i
1094 2974 1225 3034 uertiin
1244 2974 1423 3049 lapideum,
1441 2974 1520 3050 quia
1539 2973 1625 3049 lapis
1642 2972 1742 3034 verba
1762 2971 1868 3046 scripta

247 3065 326 3143 quid
337 3064 461 3143 injuste
475 3067 632 3144 possidet.
645 3069 685 3131 Et
699 3067 786 3140 ideo,
812 3068 890 3145 quia
906 3067 1040 3130 facilius
1094 3071 1244 3148 suscipit,
1254 3087 1318 3133 nec
1336 3072 1456 3145 seutit;
1472 3086 1552 3133 caro
1565 3070 1653 3133 bene
1665 3069 1808 3132 sentiret.
1823 3067 1869 3129 Sic

246 3164 298 3229 est
312 3164 476 3225 camelum
489 3165 617 3227 intrare
632 3164 680 3246 (2)
701 3166 925 3243 perforamen
946 3182 1038 3239 acus,
1095 3171 1172 3231 sunt
1182 3170 1289 3243 multi,
1299 3170 1357 3246 qui
1365 3169 1564 3244 suscipiunt,
1576 3168 1635 3230 sed
1650 3184 1717 3229 non
1727 3167 1866 3237 sanbunt

247 3277 346 3338 quam
361 3262 498 3325 divitem
518 3263 552 3323 in
568 3279 707 3339 regnum
731 3263 889 3326 coelorum
905 3262 1037 3341 (matth.
1095 3267 1181 3328 unde
1196 3266 1422 3329 Ecclesiastici
1435 3264 1501 3342 (22,
1515 3264 1572 3343 24)
1585 3287 1593 3325 :
1608 3268 1789 3340 ‹Pungens
1802 3277 1868 3324 acu·

247 3360 298 3431 19,
312 3358 378 3438 24),
391 3362 523 3436 oportet
532 3361 633 3423 istum
648 3361 815 3441 deponere
832 3377 947 3422 omnes
962 3362 1039 3438 glo-
1094 3364 1162 3427 lum
1177 3364 1311 3425 deducit
1337 3364 1505 3440 lacrymas
1521 3383 1529 3423 ε
1546 3363 1580 3424 et
1603 3362 1659 3439 qui
1675 3362 1789 3438 pungit
1809 3375 1867 3427 cor,

245 3455 306 3518 bos
316 3459 542 3533 peccatorum,
554 3458 650 3533 fingit
662 3458 947 3520 scilicetlaborem
959 3474 1042 3520 cou—
1094 3461 1219 3538 profert
1234 3477 1381 3522 sensum.
1395 3478 1415 3520 1
1429 3463 1512 3522 Cum
1535 3460 1673 3521 deberet
1686 3460 1793 3521 dicere
1803 3478 1811 3517 :
1820 3455 1868 3532 qui

247 3553 415 3623 sessionis,
438 3555 492 3617 cui
505 3555 675 3619 contraria
685 3557 737 3617 est
751 3556 918 3632 impietas.
1095 3559 1212 3636 pungit
1225 3574 1294 3630 cor,
1303 3557 1596 3635 prosertdolorem,
1610 3557 1775 3633 exquisite
1785 3553 1868 3623 dixit

286 3653 390 3713 sedes
415 3652 619 3725 torqueatu.
652 3652 754 3714 Sedes
776 3651 975 3728 iniquitatis,
990 3654 1042 3715 est
1095 3657 1221 3733 profert
1232 3671 1377 3718 sensnm.
1394 3656 1456 3716 liic
1466 3657 1518 3717 est
1531 3670 1663 3726 sensus,
1679 3652 1867 3729 utimplore·

247 3747 397 3817 resoluta
422 3749 501 3811 vitae
516 3749 684 3811 mollities.
699 3748 793 3811 Unde
807 3752 907 3811 Amos
923 3747 967 3826 (6,
985 3750 1038 3828 1):
1095 3770 1179 3824 mus,
1202 3754 1288 3830 quod
1310 3752 1412 3815 saciat
1431 3768 1493 3814 nos
1518 3753 1645 3827 lugere.
1670 3749 1866 3812 Ecclesiastes

246 3844 414 3921 «Vngui
428 3846 577 3922 opulenti
592 3847 673 3907 estis
692 3846 728 3907 in
745 3846 836 3917 Sion,
852 3849 885 3908 et
895 3848 1039 3908 conlidi-
1094 3850 1233 3930 (1,18):
1252 3850 1315 3914 Ubi
1329 3851 1434 3911 multa
1452 3849 1606 3920 scientia,
1629 3849 1684 3910 vel
1709 3845 1866 3925 sapienta,

246 3941 291 4001 tis
315 3940 350 4001 in
378 3944 491 4004 monte
510 3943 673 4005 Samaria
696 3963 704 4002 ε
729 3945 907 4019 optimates
930 3945 1040 4022 capita
1095 3948 1140 4008 ibi
1169 3948 1272 4009 multa
1301 3946 1499 4023 indignatio.
1529 3947 1688 4007 ieremiae
1717 3943 1779 4023 (23,
1798 3940 1864 4019 bil:

246 4037 455 4115 populorum,
468 4040 694 4114 ingredientes
706 4034 891 4117 pompatice
905 4042 1039 4104 domum
1094 4045 1288 4121 «Numquid
1300 4060 1367 4105 non
1381 4043 1485 4105 verba
1497 4059 1572 4105 mea
1585 4044 1665 4104 sunt
1676 4042 1769 4120 quasi
1782 4040 1865 4114 ipris,

248 4135 366 4209 lsrael;
382 4138 416 4198 et
431 4136 619 4217 paulopost
633 4138 714 4201 dicit
729 4136 825 4215 (Ihid.
842 4141 873 4213 6,
891 4140 965 4201 3ad
977 4140 1011 4217 θ)
1030 4161 1037 4200 :
1093 4143 1175 4203 dicit
1196 4142 1367 4211 Dominus,
1382 4143 1416 4202 et
1440 4140 1535 4217 quasi
1551 4140 1694 4201 malleus
1710 4140 1867 4201 conruens

247 4234 309 4305 Qui
322 4234 468 4311 separati
483 4234 564 4296 estis
576 4235 712 4297 indiam
723 4235 858 4307 malum,
870 4237 903 4299 et
917 4252 1040 4313 appro-
1095 4242 1260 4316 petramt»
1277 4239 1371 4300 Sicut
1384 4238 1473 4315 ignis
1486 4254 1553 4299 non
1562 4236 1657 4299 ardet
1668 4238 1703 4298 in
1713 4252 1802 4314 aqua,
1816 4230 1865 4293 sed

247 4330 348 4407 piatis
360 4332 444 4392 solio
454 4332 662 4408 iniquitatis:
678 4333 734 4410 qui
745 4332 896 4395 dormitis
919 4334 955 4395 in
970 4333 1040 4396 lec·
1093 4336 1312 4412 extinguitur,
1327 4335 1377 4397 sic
1401 4334 1506 4396 verba
1520 4335 1580 4396 Dei
1592 4334 1824 4410 extinguuntur
1835 4329 1865 4388 in

245 4428 288 4491 tis
304 4428 472 4503 eburneis,
487 4432 520 4490 et
533 4429 696 4490 lascivitis
713 4430 750 4492 in
765 4432 879 4492 stratis
891 4432 1012 4494 vestris
1029 4454 1037 4492 ι
1093 4433 1234 4495 deliciis.
1250 4433 1391 4494 Malleus
1406 4432 1560 4494 incudem
1575 4431 1785 4507 percutiendo
1808 4440 1864 4488 161

245 4526 301 4602 qui
317 4526 488 4588 comeditis
499 4542 622 4603 agnum
637 4527 677 4588 de
687 4543 800 4603 grege,
815 4529 849 4590 et
862 4528 985 4592 vitulos
998 4529 1038 4590 16
1092 4531 1282 4606 confringit,
1299 4530 1356 4591 sed
1381 4530 1545 4592 solidatur
1567 4529 1610 4590 ab
1633 4544 1674 4590 eo
1692 4526 1699 4588 ὲ
1716 4529 1763 4590 616
1780 4521 1865 4587 corda

242 4622 353 4684 medio
366 4624 520 4687 armenti.
537 4625 600 4696 Qui
614 4625 736 4687 canitis
760 4626 801 4688 ad
816 4641 930 4687 vocem
947 4627 1038 4702 psal·
1093 4628 1534 4707 perversorumquandoque
1545 4626 1648 4689 verbo
1659 4628 1719 4688 Dei
1729 4624 1866 4687 induran-

243 4719 337 4782 terii:
348 4721 435 4782 sicut
447 4722 550 4782 David
563 4721 765 4798 putaverunt
776 4722 945 4784 sehahere
957 4740 1038 4785 vasa
1090 4730 1156 4798 tur,
1174 4742 1235 4787 nec
1249 4726 1481 4799 emolliuntur3
1498 4724 1586 4786 unde
1599 4723 1662 4786 lob
1676 4723 1739 4802 (41,
1753 4722 1800 4800 15)
1812 4733 1865 4795 pe·

243 4818 366 4879 cantici
387 4840 394 4877 ε
417 4817 568 4880 bibentes
583 4819 699 4879 vinum
713 4819 747 4880 in
763 4819 898 4896 phialis,
923 4822 956 4883 et
976 4837 1038 4898 op·
1091 4824 1250 4885 nullimo:
1263 4838 1281 4882 ‹
1296 4824 1360 4883 Cor
1374 4825 1447 4902 ejus
1455 4819 1669 4882 indurabitur
1680 4819 1773 4897 qnam
1781 4815 1863 4892 lapis,

243 4916 323 4977 timo
347 4915 486 4979 delibuti
496 4917 689 4993 unguent03
705 4917 738 4978 et
758 4917 842 4978 nihil
856 4918 1035 4993 patieban-
1090 4923 1123 4984 et
1138 4921 1323 4996 stringetur
1338 4920 1433 4996 quasi
1445 4918 1652 4979 malleatoris
1665 4918 1800 4979 incus.»

241 5016 296 5074 tur
310 5030 411 5090 super
424 5014 625 5075 contritione
636 5013 798 5090 loseph»
816 5014 902 5076 idest
914 5015 1036 5076 Christi
1130 5018 1236 5079 Hodie
1248 5017 1278 5077 si
1291 5032 1404 5077 vocem
1420 5018 1493 5093 eius
1508 5016 1698 5086 audieritis,
1714 5013 1808 5075 nolite
1818 5006 1864 5068 ob

241 5111 416 5186 pendentis
442 5111 477 5171 in
503 5126 613 5172 cruce.
634 5111 699 5173 Sed
720 5110 761 5175 de
785 5112 837 5173 his
864 5112 1036 5174 diciturin
1090 5116 1212 5175 durare
1247 5113 1494 5174 cordavestra.
1521 5113 1568 5183 Si,
1592 5112 1739 5188 inquam,
1766 5118 1861 5168 rocem

241 5208 441 5284 Apocalypsi
465 5207 564 5286 (17‚1
587 5210 620 5270 et
633 5207 688 5288 2):
718 5211 842 5281 (Veni,
863 5210 1035 5272 ostendam
1090 5211 1234 5272 audiatis
1245 5212 1350 5281 illam,
1367 5224 1442 5287 quae
1452 5208 1639 5270 haheturin
1651 5209 1735 5270 maia
1746 5205 1786 5284 (1,
1799 5198 1859 5275 til:

240 5304 300 5367 tibi
330 5305 578 5368 damnationem
598 5307 784 5369 meretricis
806 5323 946 5383 maguae,
961 5324 1035 5384 quae
1089 5309 1202 5378 «Heu,
1219 5322 1281 5383 ego
1296 5304 1495 5368 consolabor
1506 5320 1607 5380 super
1621 5303 1768 5366 hostibus
1779 5296 1858 5363 meis,

240 5404 333 5467 sedet
348 5418 449 5478 super
458 5418 562 5480 aquas
572 5405 705 5475 multas,
720 5420 798 5466 cum
808 5404 1035 5481 quaiomicati
1089 5407 1123 5467 et
1134 5404 1331 5466 vindicabor
1343 5404 1384 5465 de
1395 5402 1544 5464 inimicis
1555 5403 1684 5464 meis.»
1706 5403 1743 5463 Et
1754 5398 1858 5460 notau-

239 5531 447 5658 Josstlwhlpgel„
467 5532 515 5590 lib.
532 5535 584 5592 XV
602 5535 629 5591 in
642 5549 706 5607 cap.
728 5534 764 5593 ²0
777 5534 840 5603 lob,
855 5549 882 5591 n.
899 5536 933 5593 :ll
946 5542 975 5593 et
989 5536 1033 5593 38.
1124 5536 1166 5609 (2)
1181 5535 1268 5608 vulg.
1284 5549 1290 5591 :
1307 5534 1438 5592 transire.
