3950 6200
222 342 260 404 la
663 340 719 402 ab
740 340 879 406 OPERA
900 341 934 403 S.
957 341 1178 406 FRANCISGI
1198 341 1425 405 asslsmnls
1814 347 1849 408 20

224 502 310 565 dixit
326 516 470 581 persona
484 501 526 564 ad
541 499 698 574 litteram,
715 515 789 580 qum
802 501 1020 566 excellentis·
1073 501 1166 565 ribus
1191 502 1368 581 utriusque
1400 517 1503 564 sexus
1530 502 1638 579 ipsam
1664 504 1848 580 exspectan-

223 600 307 663 simo
321 599 521 671 consessori,
533 597 727 660 beatissimo
737 599 830 661 Patri
838 600 1017 662 Francisco
1071 600 1171 674 tibus,
1187 601 1283 677 virgo
1296 616 1333 662 se
1349 601 1504 677 erigeret,
1521 601 1555 662 et
1567 615 1668 678 super
1679 616 1784 677 genua
1794 618 1847 664 sua

220 699 318 761 valde
329 698 516 759 sublimiter
526 697 734 774 competunt:
749 697 906 774 quoniam
919 698 1017 775 quin-
1073 700 1164 760 stans
1186 698 1271 760 facie
1295 698 1453 760 rutilante
1476 697 1616 760 brachia
1636 698 1794 760 elevasset
1813 714 1848 761 ac

221 813 286 876 que
314 797 491 859 vulnerum
522 794 646 856 Christi
682 795 916 871 impressuras,
956 811 1018 857 seu
1072 811 1206 871 manus3
1227 797 1403 874 oraretque
1418 811 1461 858 ne
1477 795 1651 858 cicatrices
1665 796 1701 856 in
1723 810 1848 872 corpore

223 895 389 972 stigmata,
405 908 479 971 quae
492 894 590 954 erant
610 892 748 954 realiter
766 907 847 954 vera
861 894 1015 966 vulnera,
1072 896 1272 972 apparerent
1286 894 1452 969 exterius3
1469 895 1548 955 tunc
1563 909 1606 955 ex
1617 892 1720 954 radiis
1730 894 1849 968 sangui·

223 993 259 1054 in
273 1008 334 1053 suo
356 1006 495 1069 corpore
517 990 646 1067 accepit
668 989 809 1053 autulii.
828 989 955 1070 (serm.
974 994 1017 1054 de
1072 992 1144 1054 neis
1171 993 1207 1054 in
1240 992 1367 1054 solares
1393 991 1575 1054 immutatis
1600 1006 1622 1052 a
1651 990 1849 1052 cicatricibus

221 1093 256 1153 S.
274 1087 468 1168 Franctsc.)

221 1296 254 1355 J.
270 1294 432 1369 Baptista
443 1293 669 1365 Moratuunus,
688 1294 827 1354 Ordinis
838 1293 1016 1356 Commii.

221 1461 266 1520 ab.
275 1459 378 1520 Christi
393 1466 460 1518 ante
474 1460 573 1518 oculos
584 1461 720 1533 patientis
730 1460 829 1534 imago

271 1550 390 1622 Semper
403 1555 479 1620 erat3
496 1549 597 1623 plagas
608 1556 637 1605 et
647 1549 765 1607 verbera
779 1556 877 1607 menta
895 1546 1015 1608 larebat

270 1639 308 1696 Et
321 1653 393 1711 quas
405 1646 501 1695 mente
515 1639 587 1706 tulit,
602 1640 680 1696 Deus
691 1653 830 1711 apparere
842 1637 962 1712 iiguras,

271 1727 350 1787 Illius
367 1728 397 1784 in
408 1726 545 1784 membris
555 1727 660 1786 voluit:
674 1741 741 1785 nam
753 1727 870 1785 vulnere
885 1733 996 1800 pectus,

273 1816 398 1876 Vulnere
412 1816 539 1889 signavit
550 1816 673 1889 palmas,
688 1816 843 1873 etvulnere
857 1816 979 1889 plantas.

270 1906 350 1963 Sicut
363 1904 399 1962 ab
412 1905 529 1978 Assyria
547 1906 666 1962 veniens
680 1906 801 1978 regione
821 1903 946 1962 futurum

270 1993 401 2067 Angelus
421 1992 570 2052 admonuit
591 1994 723 2052 Laterani
738 1993 768 2050 in
784 1992 892 2051 lumine
907 1993 1015 2066 templi.

501 2099 576 2174 (Lib.
592 2101 630 2170 X,
643 2100 766 2157 Flustm.
779 2100 807 2158 S.
819 2099 979 2174 Frcuctsc.)

255 2298 426 2362 liebertus
448 2313 470 2359 α
488 2299 594 2369 Licto,
620 2298 759 2359 Ordinis
781 2300 972 2370 Miconem,

388 2398 568 2470 episcopus
585 2395 840 2469 Aquinateesis.

254 2547 308 2609 ab.
330 2545 491 2623 Stigmata
514 2547 547 2607 S.
570 2545 743 2607 Francisci
757 2544 892 2608 fuerunt
905 2545 1014 2607 mira·

217 2643 343 2715 culosa,
371 2643 502 2705 ratione
521 2642 610 2704 vitas.
637 2644 713 2703 Non
736 2644 825 2704 enim
853 2643 1016 2720 potuisset

217 2755 278 2818 per
292 2740 446 2802 naturam
461 2739 574 2800 vivere
589 2739 717 2802 duobus
732 2740 842 2812 annis,
859 2739 1014 2817 plagatus

217 2838 254 2898 in
269 2837 415 2914 quinque
432 2836 515 2898 locis
530 2837 722 2913 spasmosis,
739 2836 914 2914 exquibus
929 2853 1014 2898 cou-

217 2935 313 2998 tinuo
328 2932 452 2996 fluebat
467 2935 602 3010 sanguis
618 2934 820 2996 cumdolore
835 2935 1016 2997 veliemen-

217 3030 359 3104 tissim0,
380 3046 447 3092 non
460 3031 567 3092 solum
582 3031 742 3109 corporis,
765 3032 822 3093 sed
839 3033 871 3094 et
892 3033 1012 3107 cordis,

218 3145 262 3192 ex
285 3128 446 3191 memoria
475 3129 643 3206 passionis
676 3129 869 3191 Dominicae.
899 3131 1015 3209 Neque

221 3243 303 3289 usus
324 3229 376 3290 est
388 3242 448 3305 pro
463 3228 533 3290 toto
553 3228 703 3304 tempore
722 3227 792 3299 illo,
819 3227 931 3306 aliquo
947 3244 1014 3288 un-

217 3324 340 3401 guento
365 3323 419 3385 vel
440 3323 606 3386 medicina
627 3341 635 3385 ε
657 3323 714 3385 sed
735 3324 864 3387 tantum
892 3324 1015 3402 pannis

216 3421 441 3498 restringebat
459 3422 657 3498 sanguinem
676 3422 897 3495 emanantem,
917 3437 1016 3500 quem

220 3520 315 3581 sexta
333 3518 418 3581 feria
433 3518 538 3581 libere
563 3519 697 3596 prodire
713 3519 854 3582 sinebat.
873 3520 913 3582 nt
926 3520 1014 3598 quod

218 3617 418 3678 miraculum
447 3618 559 3693 auget,
581 3617 679 3679 erant
702 3617 770 3678 illm
791 3617 899 3694 plagae
914 3617 1016 3679 odore

219 3713 581 3791 fragrantissimae301
606 3713 726 3792 quibus
750 3713 842 3776 nulla
869 3729 1016 3793 unquam

221 3811 372 3889 putredo,
382 3814 440 3873 aut
448 3810 657 3873 immunditia
672 3812 818 3888 profluit.
833 3810 960 3891 (serm.
974 3814 1017 3873 dc

214 3909 337 3985 stiam.
352 3909 464 3970 sancti
477 3911 670 3980 Franctsct,
687 3923 760 3985 cap.
771 3907 819 3988 2.)

257 4007 308 4066 27.
334 4007 440 4066 Item.
463 4005 550 4066 Nam
573 4005 660 4067 sicut
686 4004 728 4066 de
756 4004 958 4083 Martyribus
977 4007 1015 4066 Β.

217 4101 436 4179 Augustinus,
461 4101 547 4180 quod
568 4102 745 4178 resurgent
759 4117 834 4164 cum
849 4102 1017 4165 cicatrici-

219 4199 293 4271 bus,
316 4217 389 4278 quae
409 4198 452 4262 ad
478 4201 631 4260 ornatum
658 4198 781 4261 sacient
805 4201 838 4262 et
862 4199 1016 4261 decorem

218 4312 407 4374 corporum,
430 4312 498 4358 non
521 4296 562 4358 ad
586 4296 733 4374 aliquam
748 4295 1015 4359 deformitatem:

218 4396 266 4457 ita
278 4396 333 4472 pie
347 4396 461 4456 tenere
478 4409 652 4472 possumus
665 4394 750 4471 quod
768 4397 800 4456 S.
815 4395 1015 4457 Franciscus

220 4492 386 4555 cumillis
409 4492 526 4569 signis,
548 4508 622 4553 cum
647 4492 766 4570 quibus
794 4509 838 4555 ex
862 4492 926 4554 boc
947 4491 1016 4554 vita

220 4590 386 4662 discessit,
408 4590 450 4650 ad
477 4589 581 4653 vitam
606 4590 829 4653 immortalem
851 4590 1012 4667 resurget.

221 4685 337 4767 (Ibtd.)

257 4786 310 4846 28.
342 4787 450 4846 Idem.
477 4786 598 4847 Sancta
628 4785 807 4847 catharina
837 4784 1008 4857 Senensis,

1072 1090 1230 1152 crucifixi
1239 1089 1505 1167 procedentibus,
1518 1087 1600 1150 etad
1611 1103 1738 1160 manus,
1747 1088 1847 1164 pedes,

1071 1190 1105 1250 et
1122 1202 1180 1250 cor
1200 1187 1290 1249 illius
1312 1185 1592 1265 pervenientibus,
1616 1185 1715 1247 valde
1733 1186 1849 1246 extrin-

1072 1301 1168 1347 secus
1181 1285 1276 1347 dolor
1289 1285 1457 1346 sensibilis
1469 1284 1505 1345 in
1518 1283 1615 1346 dictis
1630 1281 1776 1360 partibus
1789 1298 1850 1343 cor·

1072 1384 1207 1461 poribus
1231 1382 1283 1445 est
1308 1383 1458 1446 relictus.
1482 1385 1533 1443 Ex
1555 1397 1719 1458 quocum
1741 1395 1849 1458 corpus

1071 1484 1144 1559 ejus
1159 1481 1216 1543 din
1229 1482 1278 1543 sic
1292 1483 1397 1544 staret
1409 1480 1540 1550 cecidit,
1562 1494 1602 1540 ac
1622 1479 1651 1539 si
1668 1477 1783 1539 inisset
1802 1477 1848 1539 le·

1071 1580 1184 1643 taliter
1195 1580 1417 1643 vulneratum.
1437 1580 1517 1640 Post
1530 1576 1696 1638 modicum
1710 1576 1750 1638 ad
1762 1591 1796 1636 se
1808 1590 1852 1637 m·

1072 1678 1182 1750 ducta,
1220 1679 1314 1740 tanto
1344 1677 1459 1738 dolore
1488 1675 1749 1745 concutiebatur,
1777 1674 1851 1734 uta

1071 1775 1200 1838 cunctis
1216 1774 1388 1852 putaretur
1402 1773 1437 1834 in
1451 1772 1545 1834 brevi
1560 1772 1734 1834 moritura.
1750 1769 1851 1832 Domi·

1073 1870 1149 1931 nica
1161 1884 1242 1930 vero
1255 1870 1414 1946 sequente
1428 1866 1474 1928 ibi
1491 1866 1751 1937 communicans,
1766 1881 1785 1926 a
1799 1865 1851 1926 do·

1072 1969 1143 2030 lore
1163 1967 1273 2029 extitit
1296 1965 1447 2027 liberata.
1471 1967 1521 2026 Ex
1538 1964 1670 2026 visione
1693 1962 1848 2041 praetacta,

1071 2066 1108 2127 in
1122 2065 1289 2142 plerisque
1313 2064 1395 2125 locis
1418 2062 1569 2123 nonnulli
1590 2064 1623 2122 S.
1650 2060 1850 2123 catharinam

1071 2161 1309 2240 suscipientem
1334 2160 1489 2235 stigmata
1520 2176 1540 2221 a
1571 2158 1702 2222 Christo
1728 2157 1851 2236 depingi

1071 2260 1240 2323 iecerunt:
1256 2258 1313 2337 qui
1328 2259 1356 2319 si
1372 2274 1411 2320 ea
1423 2257 1609 2319 intentione
1623 2256 1658 2317 id
1671 2256 1805 2332 egerint,
1820 2255 1852 2316 ut

1070 2374 1130 2437 per
1150 2357 1310 2426 visibilia,
1335 2354 1519 2418 invisibilia
1550 2356 1800 2431 cognoscantur,
1821 2352 1851 2414 et

1070 2472 1130 2533 per
1143 2456 1308 2534 picturam
1320 2453 1413 2515 illam
1426 2452 1603 2524 visibilem,
1618 2452 1715 2514 dolor
1726 2453 1794 2529 ejus
1804 2450 1852 2511 in·

1070 2550 1224 2621 visibilis,
1248 2550 1328 2611 licet
1346 2547 1525 2620 sensibilis,
1547 2546 1739 2623 designetur
1754 2568 1760 2606 :
1777 2544 1851 2605 forts

1070 2646 1153 2728 (non
1180 2645 1330 2709 obstante
1354 2660 1469 2707 errore
1494 2644 1572 2705 inde
1603 2645 1771 2730 sequente,
1795 2655 1852 2719 quo

1069 2743 1160 2806 credi
1183 2743 1295 2820 posset
1314 2741 1468 2817 stigmata
1489 2755 1562 2801 eam
1577 2738 1726 2800 visibilia
1745 2750 1851 2798 susce-

1069 2839 1172 2920 pisse)
1200 2839 1339 2902 tolerari
1363 2839 1509 2915 possent.
1538 2835 1600 2898 Sed
1626 2838 1657 2897 si
1682 2836 1753 2897 baec
1775 2833 1852 2895 iacta

1070 2939 1159 3011 sunt,
1181 2939 1218 2999 ut
1242 2938 1270 2998 si
1290 2936 1515 3014 aequiparetur
1536 2936 1569 2995 S.
1595 2934 1784 3001 Francisco,
1804 2928 1852 2991 cui

1070 3037 1132 3101 soli
1146 3051 1251 3114 usque
1265 3035 1302 3096 in
1313 3049 1473 3113 praesens,
1492 3031 1657 3110 singulari
1673 3031 1767 3092 modo
1779 3028 1853 3104 stig·

1070 3137 1159 3197 mata
1178 3133 1339 3195 divinitus
1360 3133 1439 3195 aunt
1456 3132 1620 3208 impressa
1643 3151 1651 3190 ε
1676 3129 1785 3207 utique
1804 3141 1853 3188 re-

1070 3231 1295 3312 prehensibile
1318 3233 1378 3292 est.
1398 3232 1483 3291 Nam
1503 3230 1541 3291 ut
1558 3227 1629 3289 dixi
1648 3228 1685 3288 in
1706 3229 1852 3288 sermone

1070 3333 1111 3393 de
1126 3331 1231 3393 sacris
1244 3326 1454 3405 stigmatibus
1467 3330 1503 3389 B.
1518 3326 1689 3387 Francisci
1703 3321 1761 3403 (l),
1775 3322 1854 3382 inter

1071 3428 1233 3490 miracula
1259 3425 1401 3503 grandia
1429 3425 1552 3487 nostrae
1576 3422 1666 3495 iidei,
1694 3416 1853 3484 Francisci

1070 3526 1279 3603 consignatio
1314 3538 1504 3601 supremum
1546 3520 1675 3583 obtinet
1711 3518 1851 3595 gradum.

1070 3624 1220 3688 Fuerunt
1241 3622 1362 3700 quippe
1386 3620 1541 3697 stigmata
1565 3619 1598 3681 et
1618 3618 1803 3687 visibiliter,
1824 3613 1854 3673 et

1071 3719 1274 3782 sensibiliter
1300 3734 1321 3779 a
1345 3717 1475 3778 Christo
1496 3715 1548 3776 illi
1571 3716 1734 3791 impressa
1756 3734 1763 3773 :
1785 3708 1854 3773 tulit

1070 3819 1130 3880 illa
1151 3815 1280 3879 duobus
1302 3815 1399 3875 annis
1419 3811 1604 3885 continuis;
1626 3813 1659 3873 et
1679 3812 1716 3872 in
1736 3808 1810 3878 vita,
1825 3806 1854 3866 et

1071 3917 1106 3977 in
1120 3917 1238 3985 morte,
1261 3912 1363 3974 etiam
1382 3928 1402 3973 a
1421 3911 1505 3973 viris
1526 3908 1651 3971 sanctis
1675 3908 1709 3971 et
1728 3904 1853 3984 gravis·

1071 4012 1165 4074 simis
1176 4013 1250 4074 visa
1264 4011 1298 4072 et
1311 4010 1411 4072 tacta.
1429 4008 1556 4070 Summi
1570 4007 1762 4076 Pontifices,
1779 4005 1855 4063 Gre-

1070 4111 1187 4189 gorius
1200 4110 1257 4180 lX,
1280 4106 1471 4168 Alexander
1492 4106 1547 4178 IV,
1567 4102 1775 4173 Benedictus,
1795 4098 1853 4160 Ni·

1071 4209 1197 4280 colaus,
1226 4206 1260 4267 et
1284 4205 1344 4267 alii
1367 4204 1426 4265 illa
1456 4201 1689 4280 approbantes,
1720 4197 1855 4261 latentur

1071 4303 1236 4381 singulari
1263 4301 1426 4363 miraculo
1451 4300 1487 4360 in
1514 4298 1686 4360 Francisci
1711 4294 1852 4374 pedibus,

1071 4400 1235 4471 manibus,
1252 4401 1285 4461 et
1298 4399 1406 4459 latere
1428 4396 1532 4457 fuisse
1546 4394 1676 4473 depicta
1691 4392 1732 4455 ab
1749 4407 1787 4453 eo
1799 4403 1853 4450 ar·

1071 4498 1160 4562 titlce
1183 4495 1443 4575 sapientissimo,
1466 4493 1522 4571 qui
1544 4493 1672 4555 creavit
1691 4490 1807 4553 coelnm
1826 4487 1855 4547 et

1070 4599 1205 4659 terram.
1227 4594 1311 4668 Quid
1330 4608 1411 4655 vero
1430 4592 1471 4653 de
1490 4592 1611 4653 caetero
1635 4591 1680 4652 sit
1702 4588 1852 4653 tacturus,

1071 4697 1165 4773 cujus
1191 4706 1315 4754 arcana
1343 4687 1547 4768 perscrutari
1575 4687 1761 4765 nequimus,
1789 4683 1855 4759 ipse

1070 4792 1172 4853 novit.
1199 4792 1307 4852 Unum
1330 4788 1412 4860 scio,
1438 4787 1471 4847 et
1495 4785 1628 4862 quidem
1649 4783 1773 4861 absque
1793 4777 1855 4839 ullo

219 4899 295 4946 cum
324 4884 414 4946 esset
435 4882 471 4943 in
495 4882 630 4945 civitate
652 4883 788 4953 Pisana,
815 4883 849 4943 et
873 4882 1015 4960 quodam
1070 4904 1196 4960 errore,
1217 4885 1303 4965 quod
1330 4887 1366 4946 Β.
1392 4883 1591 4945 Franciscus
1616 4881 1741 4943 electus
1762 4876 1856 4939 suita

220 4996 317 5043 mane
345 4981 381 5042 in
405 4980 547 5043 ecclesia
573 4983 606 5041 S.
629 4979 806 5041 Christinae
830 4980 1018 5040 communi·
1070 4986 1210 5049 nomino
1231 4966 1311 5047 Je‘su
1335 4981 1479 5052 cbristo,
1507 4981 1544 5041 nt
1569 4979 1604 5039 in
1628 4978 1761 5056 proprio
1781 4988 1855 5036 cov-

220 5080 339 5152 θᾶθῦθῖ,
370 5094 410 5141 ³0
435 5078 532 5156 juxta
556 5076 664 5138 astare
686 5086 783 5153 ralla
807 5078 958 5138 maneret
979 5076 1016 5137 in
1071 5099 1151 5162 pore
1176 5082 1338 5145 vexillum
1367 5080 1487 5150 crucis,
1517 5077 1652 5138 biennio
1687 5076 1856 5151 antequam

218 5177 349 5254 spiritu,
366 5179 539 5254 postquam
554 5174 612 5236 din
628 5175 786 5247 stetisset,
801 5174 885 5235 vidit
906 5174 1017 5236 Chris·
1072 5182 1225 5258 spiritum
1239 5178 1393 5241 redderet
1406 5179 1485 5249 Deo,
1507 5174 1661 5237 deferret.
1676 5175 1752 5234 Non
1766 5171 1858 5231 delo*

220 5274 292 5337 tum
316 5273 408 5334 cruci
432 5272 591 5340 adfixum,
617 5287 738 5348 magno
762 5285 863 5348 super
885 5285 922 5333 se
940 5287 1016 5333 cum
1071 5280 1150 5356 gent
1162 5279 1227 5339 ista
1242 5274 1398 5352 dignitati
1414 5276 1451 5336 B.
1474 5272 1674 5343 catharinae,
1695 5285 1759 5331 nec
1778 5266 1858 5327 alte·

219 5369 806 5447 luminedescendentem,radiosque
814 5368 1016 5446 sanguineos
1070 5377 1142 5437 rius
1156 5373 1280 5438 sancti.
1297 5376 1366 5450 Ego
1381 5373 1546 5450 peccator,
1564 5370 1621 5448 qui
1634 5370 1722 5430 bunc
1737 5376 1858 5427 serm0·

219 5484 262 5530 ex
285 5468 357 5528 suis
378 5467 524 5544 quinque
544 5467 782 5529 sacratissimis
803 5466 1016 5529 cicatricibus
1071 5490 1147 5535 nem
1158 5471 1298 5544 conieci,
1316 5471 1470 5532 sanctam
1483 5470 1601 5546 ipsam,
1614 5467 1788 5529 devotione
1797 5474 1857 5538 qua

216 5565 434 5627 emittentem.
456 5566 603 5643 Cumque
622 5567 714 5635 tunc,
730 5564 919 5628 videntibus
942 5565 1018 5642 plu·
1073 5587 1206 5650 possum
1226 5570 1299 5632 colo
1319 5569 1354 5631 et
1373 5581 1533 5641 veneror;
1558 5578 1715 5643 eramque
1738 5564 1856 5625 Romu,

255 5676 295 5751 (l)
313 5678 404 5737 Serm.
421 5693 497 5750 xciv,
512 5693 577 5751 cup.
593 5679 620 5736 2.
