3950 6200
294 260 355 320 643
721 256 753 316 S.
781 254 956 316 ANTONII
983 255 1168 320 PADUANI
1197 257 1335 319 OPERA
1362 258 1509 320 OMNIA.
1821 272 1861 333 644

294 418 374 480 dum
400 414 516 477 contra
540 411 724 486 diabolum·
745 414 779 476 et
799 416 948 491 pugnant
972 415 1087 477 contra
1142 415 1267 477 nolenti
1292 416 1564 493 interpretantur.
1590 419 1678 481 ‘laiss
1702 423 1765 484 sunt
1784 439 1865 489 omna

296 518 412 578 Deum.
425 511 613 574 Transeunt
627 509 764 572 Galaad
781 512 844 572 illc
857 513 910 574 est
924 527 1030 584 mons,
1053 512 1088 571 ln
1142 514 1307 574 cruentati
1329 514 1492 589 sanguine
1513 517 1647 590 peccati.
1666 518 1701 579 Et
1717 517 1865 594 benedicit
1916 533 1917 586 i

293 627 362 688 quo
384 608 486 673 Jacob
508 624 583 670 oum
605 607 718 668 haban
746 608 892 670 firmarit
914 608 1022 670 foedus
1048 608 1088 669 de
1142 607 1228 685 quod
1243 610 1327 670 tales
1341 609 1867 688 disponunttestamentumadrersus
1916 625 1917 662 l

295 723 379 785 pace
393 707 481 768 inter
495 721 552 767 eos
567 720 798 782 permansura,
815 705 849 767 et
862 707 971 768 erexit
984 721 1087 767 acer·
1142 709 1245 766 Deum
1270 727 1278 766 ι
1307 707 1404 768 modo
1430 707 1519 769 enim
1540 711 1671 784 peccant
1694 713 1804 786 aperte,
1827 731 1868 789 per
1916 689 1917 762 l

294 821 374 866 uum
392 803 541 880 lapidum
562 802 598 863 in
617 803 844 865 testimonium
867 803 969 880 hujus
984 802 1086 880 pacis.
1143 801 1229 880 quod
1242 802 1383 875 videtur,
1407 805 1493 881 quod
1513 804 1659 867 lecerunt
1677 807 1867 881 testamentum,

295 902 358 962 llio
386 902 437 962 est
474 899 669 976 baptismus,
698 900 754 976 qui
782 914 928 975 congrue
963 899 1087 960 dicitur
1142 901 1176 960 et
1204 901 1452 976 conjurationes
1485 918 1565 963 suas
1599 901 1639 963 ad
1664 903 1867 979 impugnandum

293 1013 437 1059 acervus
463 997 647 1059 testimonii
670 996 759 1059 inter
777 996 944 1058 Christum
965 998 999 1058 et
1014 1009 1087 1064 nos,
1143 998 1258 1068 Deum,
1283 996 1441 1073 tanquam
1461 998 1568 1060 uelint
1598 1014 1670 1060 euru
1694 1001 1829 1077 expellere
1843 1002 1870 1062 de

293 1096 330 1156 in
356 1111 420 1172 quo
444 1094 621 1156 multitudo
659 1093 821 1155 donorum
858 1094 1087 1160 coacervatur,
1142 1095 1244 1165 terra,
1260 1095 1293 1154 et
1303 1093 1346 1154 de
1358 1093 1454 1154 coelo.

293 1208 392 1269 quem
415 1191 561 1253 transire
575 1191 626 1251 est
643 1205 758 1266 pacem
782 1190 841 1251 Dei
864 1191 1087 1252 contemnere.
1183 1193 1220 1252 ln
1251 1190 1406 1251 secundis
1439 1191 1661 1253 tabernaculis
1691 1192 1816 1256 habitant
1834 1195 1871 1270 qui

293 1289 386 1362 Quod
422 1287 501 1349 ruisi
539 1286 715 1349 christiani
737 1288 912 1349 transeunt
943 1286 1088 1359 Galaad,
1143 1289 1220 1349 sunt
1240 1287 1275 1347 in
1288 1287 1470 1350 afflictione
1491 1289 1743 1364 poenitentiae3el
1755 1291 1872 1351 animali·

292 1384 381 1463 quod
397 1385 636 1461 interpretatur
656 1399 802 1461 acervus¹
811 1383 1005 1455 testimonii,
1028 1398 1087 1443 re-
1144 1386 1222 1456 lius,
1238 1385 1297 1463 qui
1311 1385 1432 1446 militat
1443 1386 1479 1446 in
1500 1384 1563 1447 hoc
1576 1386 1786 1458 tabernaculo,
1798 1387 1873 1462 polest

294 1480 475 1559 linquendo
490 1480 587 1554 dona,
608 1497 683 1558 quae
703 1481 915 1543 coacervarit
934 1481 1089 1556 omnipo·
1141 1482 1255 1543 dioere
1278 1504 1286 1542 r
1311 1483 1417 1557 Nigra
1446 1498 1530 1554 sum,
1560 1483 1617 1545 sed
1642 1482 1779 1544 formosa.
1801 1483 1873 1558 lligra

293 1580 369 1641 tens
391 1580 478 1640 Deus
501 1577 536 1637 in
559 1577 744 1655 baptismo:
761 1577 846 1641 tales
869 1593 935 1639 non
958 1576 1088 1638 suntin
1142 1581 1279 1656 propter
1291 1579 1405 1640 sordes
1420 1580 1633 1655 poenitentia,
1650 1580 1768 1646 cineris,
1781 1579 1807 1640 et
1819 1579 1873 1640 cili·

294 1675 439 1737 circuitu
462 1676 533 1745 Dei,
558 1674 625 1736 imo
645 1674 685 1736 ab
705 1674 778 1752 ipso
789 1675 998 1752 separantur,
1013 1688 1089 1734 eum
1142 1675 1198 1745 cii,
1212 1675 1246 1736 et
1259 1674 1448 1751 hujusmodi
1463 1695 1471 1738 ε
1485 1674 1542 1735 sed
1558 1675 1698 1738 formosa
1710 1674 1808 1735 decore
1822 1673 1872 1732 rir-

295 1770 538 1848 impugnando;
552 1771 640 1832 unde
655 1773 738 1832 Osee
754 1770 847 1849 (7,15
859 1773 892 1833 et
906 1771 958 1852 16)
974 1772 1088 1844 :eligo
1142 1771 1260 1833 tutum.
1275 1773 1395 1832 Postea
1417 1771 1590 1847 sequitur:
1607 1773 1689 1833 sicut
1707 1770 1795 1847 pelles
1805 1769 1874 1830 salo·

294 1866 427 1930 erudivi
464 1882 532 1934 eos,
561 1870 595 1929 et
621 1867 807 1930 confortari
841 1867 1016 1929 brachium
1040 1863 1087 1943 (1)
1143 1867 1421 1944 monis3quarum
1433 1865 1873 1945 quadamsuntrubrioatec),

294 1979 410 2025 eorum
434 1984 441 2023 :
463 1965 495 2026 et
509 1964 741 2040 cogitaverunt
766 1968 882 2026 contra
911 1979 963 2026 me
989 1965 1089 2025 mali·
1144 1979 1203 2040 per
1217 1964 1303 2042 quod
1324 1965 1534 2041 intelligitur,
1551 1965 1637 2041 quod
1656 1965 1744 2026 debet
1761 1961 1875 2023 caelen

294 2060 388 2122 tiam,
409 2061 548 2122 Reversi
569 2062 657 2132 sunt,
675 2061 711 2123 ut
733 2062 844 2123 essent
869 2062 1032 2139 sinejugo
1046 2078 1088 2134 ς)
1142 2077 1225 2123 rens
1249 2062 1284 2122 in
1309 2060 1491 2135 charitate;
1519 2061 1670 2140 quaedam
1692 2059 1874 2137 hyacinthina,

294 2157 393 2229 idest,
410 2159 572 2219 utessent
588 2158 648 2218 lilii
674 2158 791 2229 Belial,
817 2158 903 2236 quod
924 2159 1089 2236 interpre-
1143 2174 1202 2235 per
1231 2157 1317 2235 quod
1351 2157 1560 2235 intelligitur,
1589 2159 1674 2236 quod
1706 2159 1766 2220 toto
1793 2153 1876 2217 admit

293 2256 384 2316 tatur
397 2254 522 2332 absque
532 2259 627 2333 jugo.
651 2257 751 2317 Facit
763 2257 845 2316 stent
860 2258 959 2329 quasi
983 2272 1088 2318 arcus
1142 2253 1278 2317 tendere
1303 2254 1401 2316 debet
1421 2255 1462 2316 ad
1490 2255 1624 2316 coelum.
1651 2257 1686 2315 In
1705 2249 1877 2315 tabernaculis

292 2354 541 2413 decommum
557 2352 645 2432 enim
661 2351 796 2414 deberet
809 2353 961 2414 emittere
981 2354 1087 2428 sagit·
1141 2353 1251 2413 tertiis
1279 2352 1435 2424 militant,
1465 2354 1521 2429 qui
1550 2354 1629 2413 sunt
1653 2353 1687 2412 in
1710 2347 1877 2411 delectatione

293 2449 409 2510 tamin
428 2448 669 2520 adversarium,
694 2449 806 2527 repicit
829 2450 936 2525 ipsam
949 2449 985 2510 in
1001 2449 1087 2509 diri·
1143 2448 1450 2525 contemplationis3
1481 2451 1518 2508 ln
1547 2452 1683 2526 quarto,
1708 2448 1759 2523 qui
1780 2445 1837 2505 sunt
1854 2443 1877 2500 in

291 2546 437 2622 geniem.
450 2547 489 2607 Et
503 2546 559 2607 isti
572 2547 650 2608 sunt
663 2546 764 2620 tales3
786 2548 866 2607 Cum
883 2546 972 2607 enim
987 2545 1089 2608 debe-
1143 2545 1301 2606 fruitione
1316 2548 1450 2606 aeternae
1466 2545 1648 2617 felicitatis,
1662 2545 1697 2605 ut
1707 2544 1847 2618 manna,
1856 2539 1878 2598 el

293 2644 369 2704 rent
383 2643 536 2704 emittere
551 2643 706 2718 sagittam
722 2644 838 2704 contra
850 2642 1031 2714 diabolum,
1055 2645 1088 2705 et
1142 2640 1360 2702 confessores.
1377 2641 1482 2702 Primi
1497 2642 1575 2702 sunt
1590 2643 1685 2703 extra
1703 2639 1815 2704 atrium,
1826 2633 1878 2710 quia

293 2754 444 2815 pugnare
475 2741 590 2800 contra
625 2754 713 2804 eum.
749 2739 946 2815 impugnant
970 2742 1085 2801 Deum.
1142 2737 1314 2798 immundi.
1343 2736 1487 2799 Secundi
1507 2737 1541 2797 in
1569 2739 1668 2803 atrio,
1688 2733 1879 2812 tanqunbeo

293 2836 391 2895 Tales
411 2836 488 2896 sunt
502 2835 558 2912 qui
572 2836 707 2912 accepta
727 2834 915 2897 litterarum
932 2836 1085 2908 scientia,
1141 2834 1314 2896 immolati.
1327 2835 1430 2895 Tertii
1443 2834 1647 2896 introierunt
1661 2835 1694 2894 in
1709 2833 1819 2896 Sancta,
1829 2840 1881 2886 cor·

240 2981 243 2988 .
294 2932 568 3005 etmagnitudine
592 2931 766 3003 honorum,
788 2932 866 2993 inde
894 2947 914 2992 a
942 2935 1010 2994 Deo
1034 2933 1089 2992 fu·
1141 2930 1336 3008 templatiri,
1363 2933 1400 3012 et
1426 2946 1485 3007 per
1513 2931 1739 3007 poenitentiam
1762 2920 1881 2987 mundati.

293 3027 401 3105 giunt,
422 3031 455 3089 et
469 3031 587 3106 jugum
612 3028 672 3088 bei
687 3029 906 3102 excutientes,
923 3028 1011 3090 hosti
1027 3044 1087 3089 suo
1142 3027 1258 3100 Quarti
1292 3027 1328 3087 in
1355 3029 1477 3088 Sancta
1512 3029 1720 3096 sanctorum,
1749 3027 1807 3102 jan
1832 3030 1882 3078 cum

294 3141 331 3186 ee
346 3127 553 3203 supponunt3
576 3128 609 3188 et
631 3125 679 3187 ita
702 3126 780 3186 sunt
794 3126 889 3203 quasi
913 3140 1013 3186 arcus
1028 3125 1089 3187 do-
1142 3125 1275 3187 Christo
1292 3123 1392 3187 beati.
1415 3124 1683 3188 'sabernaculum
1700 3122 1822 3184 diuisum
1835 3114 1884 3177 erat

293 3221 397 3296 iosus,
417 3223 473 3300 qui
483 3223 605 3284 emittit
619 3222 776 3298 sagittam
800 3223 836 3283 in
861 3222 980 3284 faciem
1003 3222 1088 3283 diri·
1142 3223 1178 3282 in
1213 3223 1351 3288 Sancta,
1373 3223 1407 3282 ot
1437 3224 1559 3283 Sancta
1603 3223 1794 3283 Sanctorum.
1822 3215 1884 3273 lilii

293 3321 416 3396 gentis.
433 3323 470 3380 ln
492 3320 614 3395 sagitta
633 3322 711 3381 sunt
732 3319 809 3391 tria,
835 3318 973 3392 ferrum,
991 3320 1087 3382 hasta
1143 3320 1264 3379 Sancta
1278 3320 1352 3380 erat
1365 3317 1616 3389 candelabrum,
1630 3314 1714 3379 idest
1726 3307 1884 3384 conteuqill·

293 3420 398 3492 rectn,
412 3418 446 3478 et
466 3432 595 3494 pennae.
614 3420 679 3477 Per
699 3414 825 3478 terrum
845 3418 943 3478 acuta
964 3415 1088 3493 praedi·
1140 3415 1188 3477 tio
1201 3415 1273 3476 veri
1288 3414 1435 3487 luminis,
1453 3417 1486 3477 et
1504 3415 1619 3477 lumen
1634 3402 1883 3487 contemplationis.

294 3515 394 3586 catio,
407 3513 610 3577 etterrihilis
619 3513 833 3575 comminatio
848 3516 931 3575 :Per
942 3511 1085 3585 hastam,
1141 3526 1256 3574 mensa
1270 3510 1518 3588 propositionis,
1534 3513 1568 3573 et
1583 3512 1691 3573 altare
1704 3520 1832 3574 aureum,
1844 3514 1884 3560 ΕΠ·

294 3611 433 3672 scientia
459 3610 565 3672 tidelis
587 3612 621 3672 et
641 3612 733 3673 recta
750 3631 757 3669 :
774 3613 839 3671 Per
857 3625 996 3687 pennas,
1013 3610 1086 3687 spi·
1143 3624 1202 3685 per
1234 3608 1321 3686 quod
1355 3607 1598 3671 incendebatur
1630 3607 1814 3685 thymiama3
1832 3595 1885 3673 quil

294 3707 428 3768 ritualis
445 3707 598 3769 intentio.
622 3710 693 3768 Hoc
707 3709 853 3768 maxime
868 3707 910 3767 ad
925 3706 1086 3769 sacerdo·
1142 3706 1229 3767 sicut
1248 3705 1329 3766 dicit
1356 3705 1612 3767 Ecclesiasticus
1638 3704 1701 3784 (35,
1722 3701 1754 3781 8)
1769 3722 1776 3760 ι
1792 3691 1885 3759 oblatio

292 3806 343 3865 tes
358 3804 514 3880 pertinet.
1138 3803 1221 3880 justi
1243 3801 1429 3877 impinguat
1446 3801 1564 3863 altare.
1582 3804 1674 3863 Inter
1695 3798 1802 3861 Sancta
1815 3803 1885 3852 sanc·

334 3901 433 3973 Nota,
448 3901 534 3977 quod
551 3899 684 3961 diversa
705 3899 922 3962 tabernacula
944 3899 1088 3975 legimus
1141 3907 1250 3960 torum
1264 3898 1338 3960 erat
1357 3896 1546 3969 Cherubim,
1563 3902 1663 3970 Arca,
1682 3899 1715 3959 et
1728 3888 1886 3969 propitiati·

294 3995 330 4056 in
358 4012 455 4058 sacra
493 3995 677 4071 Scriptura.
711 3996 977 4059 'sabernaculum
1005 3997 1086 4056 Idu·
1142 3995 1238 4055 rium.
1256 3993 1433 4055 Cherubim
1447 3995 1499 4056 est
1517 3995 1691 4071 plenitudo
1705 3976 1888 4054 scientiarel

293 4107 472 4166 maeorum3
490 4092 576 4153 unde
591 4093 625 4152 in
642 4092 774 4153 Psalmo
786 4091 850 4171 (82,
866 4093 900 4172 6)
915 4110 951 4154 :a
965 4092 1089 4154 Adver-
1142 4091 1285 4153 societas
1294 4090 1508 4168 Angelorum,
1521 4107 1621 4168 quam
1632 4096 1702 4169 jam
1715 4086 1795 4153 beati
1802 4076 1890 4144 babent

294 4191 410 4253 sumto
420 4189 823 4261 testamentum»,soilioet
833 4189 1086 4266 conjurationis,
1142 4187 1178 4248 in
1201 4203 1249 4260 re,
1271 4188 1330 4248 alii
1351 4194 1388 4248 ut
1406 4188 1491 4265 justi
1515 4189 1551 4248 in
1576 4204 1648 4265 spe.
1671 4186 1816 4248 Similiter
1830 4168 1890 4279 quid

294 4285 804 4364 «disposuerunttabernacula
820 4286 1085 4347 idumaeorum».
1142 4285 1301 4361 templum
1322 4284 1466 4346 divisum
1490 4285 1562 4346 erat
1585 4286 1621 4346 in
1646 4285 1728 4345 duas
1747 4280 1854 4359 pertesi
1867 4279 1892 4327 m

295 4384 525 4449 'tabernacula
538 4383 659 4458 cedam
672 4383 759 4444 unde
769 4383 804 4444 ln
816 4383 962 4444 canticis
975 4381 1020 4461 (1,
1032 4380 1086 4460 l):
1142 4382 1250 4459 prima
1270 4383 1367 4443 eraut
1389 4372 1528 4456 Sancta3
1547 4383 1583 4442 in
1607 4378 1791 4459 posteriori,
1804 4371 1892 4466 Sancti

295 4481 432 4555 «Nigra
446 4496 530 4552 sum,
546 4480 603 4540 sed
620 4479 776 4551 formosa,
798 4481 885 4541 sicut
901 4479 1006 4556 pelles
1026 4481 1089 4540 Sa·
1143 4480 1332 4539 sanctorum
1348 4499 1355 4537 :
1374 4480 1411 4538 In
1435 4478 1544 4555 prima
1564 4481 1663 4555 parte
1689 4475 1762 4538 sunt
1782 4468 1832 4535 illi,
1854 4472 1894 4536 qur

295 4574 449 4646 lomonis,
466 4575 551 4636 sicut
567 4574 782 4638 tabernacula
794 4576 900 4637 cedar
915 4592 944 4636 r.
958 4574 1087 4637 Taber-
1143 4576 1220 4637 sunt
1246 4573 1497 4636 tabernaculum
1523 4575 1639 4647 Jacob,
1657 4573 1712 4651 qui
1731 4558 1894 4630 delectantur

297 4671 453 4732 naculum
473 4672 595 4745 Jacob3
624 4672 710 4733 unde
725 4673 760 4733 in
775 4672 932 4735 Numeris
944 4671 1009 4750 (24,
1030 4670 1086 4750 5):
1142 4672 1178 4732 in
1202 4671 1405 4748 pinguedine
1432 4671 1563 4747 gratiae.
1580 4673 1618 4732 ln
1640 4660 1809 4747 posteriori
1826 4653 1894 4733 baill

296 4770 401 4841 Quam
417 4767 556 4844 pulchra
571 4770 649 4830 sunt
662 4769 878 4831 tabernacula
892 4768 1007 4831 iacob.
1024 4771 1089 4828 Ta·
1143 4768 1215 4829 erat
1225 4783 1309 4828 urna
1324 4783 1429 4828 aurea
1444 4766 1542 4845 plena
1553 4782 1689 4838 manna,
1701 4765 1734 4825 et
1745 4751 1893 4851 (thamim,

295 4865 513 4928 bernaoulum
522 4865 813 4943 Domini3undein
824 4865 957 4931 Psalmo
966 4862 1087 4946 (83,2):
1143 4865 1176 4925 et
1199 4863 1467 4941 propitiatorium
1484 4885 1492 4925 ε
1508 4864 1543 4925 in
1566 4862 1630 4924 bac
1655 4862 1748 4941 parte
1765 4842 1893 4941 sunt'illn

296 4965 406 5030 Quom
433 4962 555 5025 dilecto
576 4963 799 5024 tabernacula
828 4963 905 5034 tuo,
929 4965 1087 5024 Domine.
1143 4962 1201 5037 qui
1221 4961 1299 5023 sunt
1317 4960 1352 5021 in
1372 4960 1599 5024 tabernaculis
1612 4956 1744 5020 Domini
1762 4946 1893 5050 uirtutum·

297 5060 335 5120 ln
361 5058 476 5135 primis
511 5059 561 5119 est
594 5056 824 5118 umbraculum
852 5058 999 5119 carnalis
1027 5056 1089 5119 de·
1145 5057 1192 5117 lbl
1207 5058 1258 5118 esi
1271 5056 1462 5129 Cherubim,
1479 5056 1565 5118 idest
1584 5052 1754 5133 plenitudo
1771 5040 1893 5109 sciente

295 5155 497 5217 lactationis.
529 5157 567 5216 In
600 5155 670 5215 illis
703 5154 860 5226 militant,
893 5154 951 5232 qui
986 5156 1090 5230 agunt
1144 5169 1241 5230 quam
1257 5153 1381 5215 babent
1392 5154 1522 5230 ipsi;et
1534 5167 1618 5212 urna
1638 5164 1752 5218 aurea,
1766 5131 1895 5209 idestsli·

298 5266 413 5312 curam
424 5253 458 5311 in
473 5250 661 5313 desideriis.
678 5254 824 5313 loumoet
841 5250 932 5311 enim
952 5252 1091 5327 sangui·
1144 5250 1283 5312 rituales
1304 5250 1452 5323 deliciae;
1473 5252 1507 5312 et
1525 5262 1660 5319 manna,
1676 5245 1760 5307 idest
1775 5232 1895 5301 divinitat

336 5388 377 5459 (lt
397 5390 478 5447 vers.
493 5390 606 5460 Syriaca
612 5404 621 5459 3
638 5390 745 5462 vulg:
762 5389 889 5446 brachia.
1144 5387 1242 5455 thinis,
1262 5387 1353 5446 Exodi
1367 5389 1412 5456 ro,
1427 5388 1471 5445 lt.
1487 5388 1580 5445 Pelle·
1597 5393 1694 5444 autem
1715 5364 1895 5464 salomonia&

337 5460 378 5531 (i)
393 5459 528 5538 Quaedam
544 5466 611 5515 sunt
627 5459 775 5516 rubricata
800 5467 855 5516 etc.
865 5458 1089 5516 tubernaculum
1144 5459 1247 5539 quibus
1274 5460 1303 5515 in
1324 5459 1462 5527 canticis,
1482 5473 1541 5515 non
1564 5456 1627 5515 alite
1641 5461 1718 5521 sunt,
1740 5449 1894 5530 dimittitis

303 5527 416 5586 ioedens
433 5528 582 5600 tegebatur
604 5529 723 5600 pellibus
797 5531 907 5599 ricatis,
923 5536 951 5587 el
967 5528 1087 5601 hyacin·
1143 5530 1191 5586 bb.
1207 5530 1285 5599 ll,iu
1298 5528 1406 5588 cando
1423 5543 1509 5600 quam
1525 5519 1852 5601 petleembemucurlic·
