3950 6200
135 293 169 351 17
765 285 995 347 EPISTOLAE.
1018 287 1097 346 LIB.
1120 287 1161 345 X.
1741 284 1780 344 18

135 448 214 511 nulli
228 446 370 509 omnino
382 446 561 509 homiuum
574 446 675 508 liceat
687 445 861 523 praefatum
874 461 937 506 coe·

137 545 265 607 nohium
283 547 419 606 temere
445 544 650 622 perturbare,
677 544 734 604 aut
757 546 829 621 ejus
853 558 936 619 pos-

138 643 300 704 sessiones
338 642 499 712 auferre,
528 642 581 703 rel
616 641 746 702 ablatas
778 641 934 710 retinere,

139 740 305 807 minuere,
348 755 411 798 seu
456 738 658 815 quibuslibet
701 736 936 798 vexationibus

138 837 287 911 fatigare,
305 835 366 894 sed
382 837 496 895 omnia
515 836 645 910 integra
663 838 696 895 et
715 834 840 895 illibata
862 849 935 893 ser-

138 933 254 994 ventur
267 932 408 1003 eisdem,
421 948 482 1009 pro
495 948 633 1008 quorum
646 930 886 1007 gubernatione
897 945 936 989 ac

138 1029 394 1098 sustentatione,
411 1029 506 1089 salva
523 1028 829 1104 sedisapostolicae
851 1042 935 1103 auc-

137 1127 282 1196 toritate,
315 1127 349 1187 et
377 1124 558 1186 dioecesani
594 1126 741 1201 episcopi
774 1124 935 1185 canonica

133 1223 275 1300 justitia,
290 1222 368 1292 etc„
385 1238 494 1295 aisque
507 1222 685 1298 generalis.
708 1221 743 1282 si
756 1237 820 1297 qua
832 1220 936 1295 igitur

137 1320 171 1381 iu
197 1320 348 1381 futurum
373 1319 600 1380 ecclesiastica
624 1318 838 1379 saecularisve
859 1334 936 1393 per-

137 1433 229 1487 sona,
249 1417 340 1477 hanc
364 1418 487 1477 nostrae
512 1416 757 1478 constitutionis
778 1414 934 1491 paginam

136 1516 258 1583 sciens,
273 1515 390 1574 contra
403 1528 477 1573 eam
487 1514 611 1573 temere
621 1512 736 1572 venire
747 1512 932 1583 tentaverit,

137 1609 284 1671 secundo
308 1610 451 1670 tertiove
477 1609 688 1681 commonita,
715 1609 780 1669 uisi
805 1610 933 1669 reatum

135 1723 232 1766 suum
253 1722 405 1782 congrua
420 1706 646 1767 satisfactione
662 1706 856 1776 correxerit,
875 1721 934 1781 po-

134 1803 266 1865 testatis
301 1802 505 1878 honorisque
534 1803 586 1861 sui
619 1804 732 1863 careat
761 1802 932 1877 dignitate,

134 1914 295 1975 reamque
313 1915 350 1958 se
371 1899 486 1958 divino
501 1898 627 1973 jndicio
642 1899 786 1959 existere
802 1899 842 1960 de
858 1914 935 1974 per-

135 1997 266 2072 petrata
288 1995 467 2071 iniquitate
487 1998 674 2070 cognoscat,
692 1998 725 2057 et
739 2011 758 2056 a
772 1995 932 2055 sacratis-

135 2093 218 2153 simo
240 2107 399 2168 corpore,
418 2094 499 2164 etc,
519 2108 626 2165 resque
648 2093 778 2153 ultioni.
801 2092 933 2153 Cunctis

134 2190 244 2249 autem
268 2188 377 2248 eidem
400 2187 484 2259 loco,
508 2189 584 2260 etc,
606 2204 713 2262 ltsqtte
728 2189 820 2265 pacis
839 2188 934 2249 inve·

135 2286 237 2345 uiant.
252 2290 373 2347 Amen.
385 2274 504 2345 limen.

170 2385 293 2443 Datum
317 2384 432 2453 Reate,
456 2397 516 2458 per
538 2398 657 2443 manus
680 2382 831 2456 magistri
852 2380 934 2441 Gui-

135 2480 228 2539 douis
254 2478 383 2538 domini
397 2494 490 2554 papae
512 2479 645 2550 notarii,
662 2480 692 2538 X
707 2478 868 2538 kalendas
883 2477 933 2537 fe-

133 2576 272 2646 bruarii,
296 2574 480 2636 indictione
497 2577 583 2643 XIV,
608 2576 851 2637 lucarnationis
866 2578 933 2636 Do-

135 2674 364 2733 minicaeanno
382 2673 555 2732 MCCXXV
567 2670 620 2751 (t),
629 2671 839 2748 pontificatus
852 2688 931 2734 vero

133 2769 256 2831 domini
278 2769 423 2831 Honorii
437 2785 531 2845 papae
547 2771 593 2830 111
608 2785 696 2830 anno
710 2770 849 2831 decimo.

433 3022 627 3113 LXXXIX

254 3180 307 3237 Ad
331 3179 551 3238 Fridcrtcurn
570 3180 806 3238 Romanorum

402 3276 662 3348 imperatorem.

400 3403 436 3459 td
448 3403 572 3475 januarii
588 3404 667 3461 laad.

227 3524 512 3589 [trullam-hrobertus,
520 3528 583 3576 ttist.
594 3527 711 3591 diplom,
724 3528 756 3586 11,
768 3526 836 3592 aaa]

134 3648 278 3707 friderico
304 3651 500 3708 Romanorum
529 3653 692 3724 imperatori
719 3652 831 3713 nuntiat
856 3667 926 3723 quo·

165 3737 251 3794 modo
263 3753 364 3810 preces
378 3739 441 3810 ejus
451 3755 538 3810 super
553 3739 730 3796 absolutione
744 3741 856 3796 comitis
867 3741 927 3796 Tri·

166 3827 285 3897 politanl
302 3826 455 3884 admittere
475 3842 533 3883 nou
547 3831 648 3899 potuit,
660 3843 725 3885 cum
745 3829 834 3885 nuntii
850 3828 926 3901 ejus·

167 3913 232 3970 dem
246 3916 363 3971 comilis
383 3914 562 3972 conditiones
577 3930 593 3971 a
610 3915 801 3974 cardinalibus
818 3915 928 3974 oblatas

166 4004 458 4074 reciperenolueriut.

168 4130 350 4199 Honorius,
378 4130 454 4199 etc,
485 4130 667 4201 FridericO,
694 4130 794 4190 etc...

171 4226 275 4300 Super
287 4224 498 4286 absolutione
508 4227 926 4302 verolrtpolitanicomitis

130 4322 188 4380 tua
211 4323 343 4383 noverit
367 4322 547 4393 celsitudo,
574 4323 661 4399 quod
685 4324 926 4399 ipsius-comi-

130 4416 175 4475 tis
182 4418 289 4478 nuntii
299 4417 467 4492 petierant
478 4419 629 4493 quaedam
636 4420 707 4496 juri
723 4422 755 4480 et
767 4420 925 4481 Ecclesiae

131 4514 285 4574 Romanae
302 4515 533 4575 consuetudini
551 4517 922 4593 contrariamanifeste3

130 4609 216 4670 unde
238 4610 315 4670 licet
334 4626 451 4686 preces
468 4613 543 4672 tuas
564 4613 707 4673 velimus
733 4629 874 4689 semper,
890 4615 924 4674 in

130 4705 740 4784 quibussecundumDeumpossumus,
749 4710 921 4784 exaudire,

129 4804 337 4877 nequivimus
358 4805 472 4864 tamen
485 4805 631 4881 ipsorum
647 4800 840 4882 petitionem
858 4808 922 4868 ad-

131 4899 259 4959 mittere
276 4900 481 4971 nuntiorum‚
491 4901 589 4977 idque
600 4902 854 4978 circumspectio
867 4904 923 4965 tua

132 5010 217 5068 aegre
239 4995 326 5056 ferre
354 5012 421 5058 nou
446 4996 554 5069 debet,
580 5014 654 5058 cum
681 5014 746 5058 non
769 4999 864 5071 velis,
886 5003 923 5061 ut

132 5092 304 5163 credimus,
321 5093 408 5169 quod
433 5094 520 5169 Juris
546 5095 662 5170 scripti
681 5097 714 5157 et
733 5096 921 5172 approbatae

131 5190 379 5250 consuetudinis
394 5190 543 5250 ordinem
560 5191 810 5252 confundamus.
828 5194 921 5256 Licet

131 5290 238 5346 autern
259 5286 348 5346 idem
374 5301 485 5347 comes
500 5288 601 5349 etiam
622 5289 696 5364 ipsa
715 5289 920 5351 exhibitione

127 5382 275 5456 justitiae,
293 5383 429 5458 propter
450 5383 564 5456 multa,
584 5400 657 5460 quae
680 5367 769 5445 nunc
787 5389 919 5447 narrari

131 5492 197 5537 non
213 5479 354 5556 expedit,
375 5479 559 5540 reddiderit
579 5496 615 5540 se
638 5481 824 5556 indignum,
838 5486 916 5543 tua-

131 5588 205 5634 rum
219 5577 324 5637 taman
346 5592 480 5653 precum
496 5577 618 5639 intuitu
632 5579 798 5640 voluimus
811 5581 917 5642 totum

991 445 1100 522 ipsum
1110 444 1279 521 negotium
1293 443 1390 505 bonis
1405 443 1488 505 viris
1503 442 1709 505 committere
1721 442 1782 507 sub

992 542 1054 604 hac
1069 543 1186 613 forma,
1201 543 1237 602 ut
1250 541 1406 603 videlicet
1419 541 1507 602 idem
1521 557 1632 602 comes
1648 542 1783 617 praesta·

991 640 1043 701 ret
1076 641 1112 699 in
1150 656 1263 700 eorum
1300 639 1453 700 manibus
1482 640 1707 714 jurameutum
1742 639 1784 701 de

992 738 1109 798 stando
1132 736 1296 797 mandatis
1332 736 1488 796 Ecclesiae
1515 752 1615 810 super
1641 737 1695 808 iis,
1722 752 1782 811 pro

991 834 1109 912 quibus
1122 837 1157 894 in
1169 851 1243 894 eum
1257 833 1782 895 sententiaexcommunicationis

991 933 1059 993 lata
1074 932 1146 998 luit,
1164 947 1203 992 ac
1230 931 1348 991 deinde
1368 929 1543 1006 praestaret
1557 931 1597 990 de
1622 930 1784 991 manifes-

990 1030 1033 1089 tis
1048 1028 1231 1097 emendam,
1249 1043 1288 1088 ao
1304 1028 1343 1088 de
1360 1027 1505 1103 parendo
1516 1028 1586 1103 juri
1608 1043 1708 1104 super
1720 1026 1783 1087 du·

989 1126 1054 1185 biis
1089 1124 1261 1186 exhiberet
1288 1124 1440 1184 idoneam
1475 1125 1681 1198 cautionem3
1717 1141 1782 1201 quo

990 1222 1087 1293 fact0‚
1101 1222 1319 1283 absolutionis
1329 1221 1524 1282 beneficium
1537 1222 1785 1299 impenderetur

990 1320 1110 1392 eidem,
1127 1319 1160 1381 et
1174 1310 1418 1395 consequenter
1433 1319 1473 1380 de
1488 1318 1597 1379 dubiis
1614 1320 1784 1394 congnitio

990 1415 1177 1487 haberetur,
1193 1417 1226 1477 et
1236 1415 1530 1491 statuereturquod
1544 1415 1784 1491 posceretordo

985 1514 1084 1589 juris.
1101 1514 1140 1573 El
1154 1514 1225 1574 haec
1243 1514 1354 1573 omnia
1369 1513 1466 1574 dictis
1490 1512 1618 1573 nuntiis
1638 1511 1781 1587 benigne

990 1609 1168 1670 obtulimus
1179 1626 1238 1687 per
1247 1610 1472 1671 venerabilem
1482 1610 1618 1670 fratrem
1631 1612 1781 1670 nostrum

989 1710 1042 1778 Η.,
1062 1710 1252 1783 episcopum
1272 1707 1493 1777 Hostiensem‚
1511 1722 1550 1767 ac
1569 1706 1725 1767 dilectum
1741 1706 1783 1765 ii-

989 1804 1070 1864 llum
1086 1807 1235 1865 nostrum
1249 1808 1299 1875 G„
1310 1805 1397 1865 tituli
1412 1804 1524 1865 Sancti
1539 1804 1675 1864 Martini
1688 1818 1784 1880 pres-

989 1901 1156 1978 byterum,
1184 1903 1217 1963 et
1242 1903 1438 1977 Gregorium
1470 1902 1583 1962 Sancti
1618 1900 1784 1961 Theodori

989 1998 1164 2059 diaconum
1176 1998 1374 2071 cardinales,
1385 2015 1404 2059 a
1417 1998 1536 2074 quibus
1550 1996 1682 2059 eosdem
1695 2013 1784 2057 nun-

987 2097 1053 2156 tios
1071 2097 1180 2156 audiri
1195 2096 1334 2156 fecimus
1349 2097 1538 2171 diligenter,
1556 2111 1629 2157 cum
1647 2108 1714 2155 non
1735 2095 1780 2155 sit

988 2193 1248 2264 consuetudinis,
1279 2193 1365 2270 quod
1403 2196 1572 2254 Romanus
1611 2192 1777 2264 Pontifex,

987 2291 1055 2350 nisi
1070 2306 1129 2367 per
1148 2291 1379 2367 interpositam
1400 2305 1589 2366 personam,
1609 2289 1650 2350 ad
1673 2289 1780 2350 collo-

987 2386 1780 2464 quiumeuoommunicatosadrnittat;ipsiautem

986 2485 1095 2545 nuntii
1117 2484 1274 2560 praedicta
1298 2483 1449 2559 recipere
1470 2484 1663 2554 renuerunt,
1680 2498 1780 2544 asse·

986 2583 1098 2643 rentes
1118 2597 1154 2641 se
1180 2580 1221 2641 ad
1246 2580 1310 2642 hoc
1337 2596 1403 2642 non
1427 2579 1551 2641 habere
1575 2580 1778 2653 mandatum,

987 2695 1048 2740 nec
1074 2695 1147 2747 nos,
1175 2679 1211 2739 ut
1230 2678 1463 2755 praediximus
1479 2678 1646 2753 potuimus
1669 2675 1780 2738 facere

987 2776 1073 2853 quod
1093 2775 1258 2852 petebant,
1274 2791 1349 2837 cum
1372 2774 1428 2836 ubi
1443 2776 1553 2851 agitur
1575 2774 1615 2834 de
1634 2775 1777 2851 Justitia,

986 2875 1103 2950 gratiae
1137 2873 1171 2933 in
1204 2873 1343 2933 alterius
1375 2872 1534 2948 iniuriam
1558 2888 1625 2933 non
1653 2872 1697 2933 sit
1727 2871 1781 2931 lo-

981 2964 1057 3041 cus,
1074 2972 1175 3032 etc...
1201 2970 1319 3031 Datum
1336 2973 1450 3042 Reate,
1472 2972 1517 3029 Η(
1538 2968 1700 3031 kalendas
1723 2967 1779 3029 fe·

985 3068 1373 3140 bruarii,ann0deoim0.

1024 3471 1076 3528 Ad
1089 3469 1243 3530 abbatem
1261 3469 1296 3529 et
1314 3468 1519 3529 concentum
1533 3468 1739 3529 anonastcrtt

1274 3568 1315 3625 de
1327 3565 1494 3626 Possetet.

1248 3695 1282 3752 tl
1294 3695 1418 3766 januarii
1432 3694 1510 3752 laad.

1117 3818 1222 3883 [Regist.
1235 3817 1384 3868 monasterii
1396 3815 1563 3884 deuPasselet,
1576 3817 1644 3883 dib]

983 3943 1095 4002 lnhibet
1113 3958 1149 4001 ne
1171 3944 1299 4015 episcopi
1311 3943 1356 4000 vel
1379 3942 1517 4000 officiales
1533 3957 1633 4000 eorum
1648 3942 1776 4001 subditas

1018 4033 1192 4089 monasterio
1203 4032 1340 4089 ecclesias
1354 4031 1478 4089 audeant
1491 4030 1699 4103 iurectpieudis
1708 4047 1775 4104 pro·

1017 4119 1211 4177 curationibus
1224 4120 1296 4175 ultra
1311 4126 1435 4176 taxatum
1453 4120 1481 4174 in
1501 4120 1686 4176 Lateranensi
1701 4120 1775 4177 Con-

1017 4206 1082 4263 cilio
1104 4221 1291 4278 persouarum
1306 4215 1334 4264 et
1350 4206 1530 4264 evectionum
1548 4220 1698 4262 numerum
1721 4221 1774 4278 ag·

1016 4309 1149 4367 gravare.

1020 4421 1188 4481 Honorius
1200 4420 1384 4495 episcopus
1396 4434 1512 4478 servus
1520 4435 1692 4480 serrorum
1702 4420 1773 4490 Dei,

980 4516 1109 4577 dilectis
1123 4516 1202 4575 illlis
1214 4515 1325 4576 abbati
1340 4518 1372 4576 et
1387 4516 1564 4576 conventui
1579 4517 1773 4578 monasterii

979 4613 1020 4673 de
1040 4613 1200 4682 Passelet,
1219 4611 1447 4672 Cluniacensis
1472 4612 1610 4685 ordinis,
1633 4613 1773 4674 salutem

978 4711 1011 4771 et
1025 4710 1247 4786 apostolicam
1261 4708 1535 4770 benedictionem.

1019 4809 1098 4866 Cum
1110 4823 1128 4867 e
1140 4805 1364 4867 membrorum
1375 4806 1570 4880 gravamine
1583 4808 1681 4883 caput
1694 4823 1774 4869 con-

977 4904 1089 4965 doleat
1099 4904 1131 4965 et
1145 4920 1187 4964 ox
1198 4904 1330 4964 illorum
1347 4902 1583 4964 afflictionibus
1599 4903 1773 4979 perturbe-

976 5001 1042 5073 tur,
1062 5017 1124 5062 nos
1151 5001 1252 5077 quieti
1275 5002 1395 5061 vestrae
1416 5001 1451 5061 in
1470 5002 1656 5064 vestrorum
1676 5002 1773 5061 tran-

977 5098 1135 5173 quillitati
1162 5097 1383 5158 membrorum
1409 5097 1583 5173 providere
1608 5097 1768 5171 volentes,

976 5195 1173 5256 auctoritate
1193 5195 1407 5269 praesentium
1432 5193 1615 5254 districtius
1633 5194 1769 5256 inhibe-

975 5306 1060 5362 mus,
1077 5307 1119 5351 ne
1135 5292 1239 5367 aliqui
1252 5292 1399 5367 episcopi
1412 5291 1466 5351 vel
1477 5289 1637 5351 officiales
1655 5307 1769 5354 eorum

974 5376 1124 5448 subditas
1143 5388 1237 5449 vobis
1269 5388 1427 5447 ecclesias
1453 5387 1598 5448 audeant
1618 5388 1653 5448 in
1675 5391 1767 5450 reci-

973 5484 1103 5559 piendis
1130 5484 1430 5561 procurationibus
1453 5484 1540 5545 ultra
1558 5485 1707 5547 taxatum
1733 5488 1768 5547 in

972 5581 1190 5643 Lateranensi
1207 5581 1354 5643 Concilio
1373 5595 1591 5657 personarum
1613 5584 1646 5645 et
1670 5599 1767 5645 erec-
