3950 6200
228 262 290 323 075
650 261 684 319 S.
711 257 887 321 ANTONII
916 256 1104 322 PADUANI
1135 257 1273 320 OPERA
1301 255 1448 320 OMNIA.
1802 262 1851 324 tio

206 419 269 488 ,ad
284 417 338 498 48)
363 418 485 481 dicitur
501 439 509 479 :
526 417 606 484 ilaec
629 418 682 480 θεῖ
694 417 816 494 religio
832 416 951 489 phase,
965 415 1021 479 ri-
1076 431 1135 477 nes
1147 415 1229 481 dicit
1240 417 1458 494 seindignum
1470 418 1852 496 ess03quaetamennobis
1929 438 1930 443 ¹

224 517 349 579 ὐθῖίθθῖ
389 515 553 593 corporis,
588 517 622 577 et
655 515 830 592 sanguinis
869 513 1018 576 Christi:
1076 513 1185 575 soluta
1208 512 1288 576 tunc
1320 514 1494 577 manifeste
1520 515 1757 578 videbitur.1n
1779 518 1851 579 malo

223 614 374 676 somnis
389 613 579 688 alienigena
592 611 926 691 nouuescetur(1)ex
940 627 1021 673 eo.»
1076 613 1217 685 granato
1239 612 1316 673 sunt
1339 611 1480 674 diversas
1502 612 1646 685 cellula,
1680 613 1716 673 in
1749 614 1853 691 quibu

225 709 424 787 alienigena
437 713 489 772 est
508 708 617 788 quial)
632 710 858 787 alio,quama
876 711 943 771 Deo
958 709 1020 780 θεῖ,
1077 714 1156 770 sunt
1177 724 1284 783 mana
1305 723 1381 770 cum
1407 710 1553 787 propriis
1574 710 1707 771 cellulis
1735 712 1812 783 suis,
1825 715 1852 773 et

225 808 384 871 videlieet
396 808 452 884 qui
465 810 519 870 θεῖ
534 823 554 869 a
569 809 665 884 patre
679 806 813 869 diaholo
829 821 889 883 per
902 806 1020 868 imita·
1077 806 1321 868 concluduntur
1334 805 1470 868 subuno
1486 808 1623 870 cortice.
1639 808 1788 870 diversa
1803 809 1854 870 cel-

224 907 371 979 tionem;
402 906 442 966 de
466 904 587 982 quibus
608 905 757 966 dicitur:
779 907 843 965 Vos
857 919 905 965 eac
917 904 1020 978 putre
1076 901 1153 964 lulae
1181 903 1259 964 sunt
1284 904 1420 981 praemia
1445 905 1642 966 Sanctorum
1677 905 1714 965 in
1744 908 1853 968 aeterna

224 1003 456 1066 diaboioestis
472 1001 532 1081 (2).
555 1002 647 1063 Talis
673 1017 741 1064 non
768 1001 916 1063 rescitur
944 1015 1023 1061 cor-
1076 998 1403 1063 beatitudinenliud
1424 1002 1514 1062 enim
1530 1001 1767 1079 estpraemium
1786 1004 1853 1065 vir·

226 1116 319 1178 pore,
349 1103 382 1162 et
403 1100 575 1176 sanguine
601 1099 736 1162 Christi.
768 1100 884 1175 Neque
911 1097 1021 1160 omnis
1076 1097 1203 1173 ginum,
1227 1099 1384 1175 tanquam
1403 1098 1465 1160 suli
1483 1115 1550 1160 una
1573 1100 1696 1161 cellula
1719 1100 1854 1163 existen-

161 1233 175 1250 κ
223 1199 367 1270 advena,
397 1199 431 1260 et
457 1198 699 1259 mercenarius.
722 1197 858 1259 Aduena
886 1195 1020 1269 dicitur,
1077 1195 1275 1266 tium‚aliud
1289 1198 1485 1273 Martyrum,
1508 1195 1599 1258 aliud
1621 1197 1851 1260 consessorum.

224 1297 284 1375 qui
307 1295 404 1357 modo
430 1291 577 1367 advenit,
604 1295 638 1357 et
665 1295 776 1356 statim
802 1293 940 1356 recedit.
961 1292 1022 1354 'Sic
1077 1292 1855 1371 Gallulae,sulsquibussingulamunsuntsunt

224 1393 446 1470 suntquidam
462 1392 664 1464 sacerdotes,
690 1392 748 1469 qui
761 1390 839 1454 dum
852 1389 1024 1452 celebrant
1078 1391 1211 1468 propria
1227 1391 1346 1454 merita
1365 1391 1585 1468 singulorum.
1602 1394 1649 1454 De
1669 1393 1724 1454 his
1737 1394 1854 1456 isaias:

223 1490 305 1552 sunt
318 1491 418 1565 sacri,
438 1489 623 1552 sacerdotis
638 1488 786 1552 officium
800 1489 1020 1566 peragentes;
1076 1488 1265 1549 ‹Universi
1276 1488 1485 1552 dormierunt
1501 1489 1537 1551 in
1551 1490 1673 1566 gloria,
1686 1492 1853 1568 unusquis·

224 1588 285 1650 sed
300 1603 375 1650 oum
389 1587 537 1648 cilicium
551 1585 636 1648 illud
651 1586 853 1663 peregerint,
870 1600 930 1663 per
944 1600 1020 1661 pra·
1077 1600 1140 1661 que
1155 1584 1203 1664 (5)
1232 1585 1267 1646 in
1295 1586 1392 1648 domo
1418 1602 1479 1648 sua
1494 1604 1514 1646 n
1527 1586 1588 1666 (6).
1614 1591 1683 1650 Pro
1703 1589 1853 1651 variemte

228 1701 305 1747 uam
319 1685 423 1748 udam
439 1700 506 1746 non
522 1684 689 1756 videntur,
719 1684 787 1745 imo
809 1683 907 1761 quasi
931 1682 1023 1744 desi·
1076 1683 1165 1743 enirn
1179 1684 1350 1755 uirtutum,
1376 1684 1556 1748 varietates
1579 1687 1658 1747 sunt
1683 1685 1853 1748 patinuo-

228 1784 311 1846 nun't
341 1798 416 1844 esse
440 1781 642 1845 sacerdotes.
669 1781 767 1842 Tales
794 1779 921 1841 similes
944 1780 1022 1840 sunt
1078 1795 1177 1855 num3
1194 1779 1282 1842 unde
1304 1781 1428 1857 singuli
1452 1781 1494 1843 de
1520 1782 1852 1859 beatitudinegaude·

225 1881 333 1953 iuda,
359 1880 416 1957 qui
441 1878 588 1957 quandin
613 1876 729 1941 furtin
747 1894 842 1940 coena
861 1879 1021 1938 eumne-
1077 1876 1159 1938 nunt
1185 1879 1405 1956 singulorum.
1432 1881 1511 1951 Quae
1534 1881 1646 1942 tamon
1676 1881 1784 1941 omnia
1801 1879 1850 1941 suli

226 1977 328 2046 mino,
351 1975 413 2038 tuit
427 1974 610 2052 discipulus
627 1991 635 2036 :
652 1974 693 2036 ab
708 1990 747 2036 eo
762 1972 934 2044 recedens,
955 1972 1024 2034 tac·
1078 1974 1195 2037 eodem
1219 1974 1297 2038 sunt
1317 1977 1452 2048 cortice,
1468 1978 1546 2054 quia
1561 1993 1629 2039 una
1643 1979 1678 2040 θῖ
1689 1977 1798 2039 eadem
1810 1979 1850 2038 est

226 2076 281 2136 tus
293 2076 345 2136 est
359 2073 508 2150 proditor
522 2073 699 2149 pessimus.
714 2075 762 2132 De
778 2069 899 2133 talibus
911 2068 1023 2146 potest
1078 2072 1215 2134 claritas
1250 2075 1410 2136 omnium.
1447 2077 1518 2136 Hoc
1552 2074 1677 2151 triplex
1712 2074 1849 2151 gaudium

222 2171 304 2244 dici,
329 2171 417 2249 quod
441 2170 482 2231 de
500 2168 575 2246 ipso
598 2169 686 2231 luda
721 2167 808 2230 dixit
832 2167 1020 2230 Dominus:
1078 2170 1246 2247 signatum
1270 2172 1324 2234 est
1344 2173 1380 2234 in
1401 2171 1477 2246 ileu,
1503 2187 1579 2244 uva,
1605 2172 1695 2234 malo
1715 2173 1847 2248 grando,

226 2269 502 2333 «verumtamem
512 2283 631 2328 manus
645 2266 809 2329 tradentis
820 2280 874 2328 me
891 2279 1021 2326 mecum
1077 2269 1163 2344 quod
1186 2267 1326 2331 allatum
1340 2268 1392 2332 est
1405 2268 1447 2331 de
1456 2269 1548 2331 terra
1562 2269 1801 2346 promissionis.

226 2367 278 2430 est
291 2367 327 2428 in
341 2381 468 2428 mensa.
480 2382 500 2426 a
513 2362 625 2443 (Lucae
638 2361 764 2442 2821).
778 2362 876 2425 ΤεΙθε
887 2377 953 2425 non
969 2361 1023 2422 de-

226 2465 306 2526 hent
334 2464 434 2526 edere
460 2463 501 2525 de
527 2462 647 2524 Phase.
688 2462 755 2523 Nec
781 2458 1020 2528 mercenarius,

226 2557 930 2639 uidelicetquiinspiritualibusmercedem
943 2557 1024 2618 tem·
1349 2529 1489 2591 SERMO
1517 2529 1602 2590 XLI·

228 2658 375 2737 poralem
391 2659 491 2720 linem
511 2657 727 2727 constituunt,
748 2655 883 2718 oculum
895 2653 1024 2716 haben·
1077 2672 1110 2729 in
1123 2668 1195 2728 testo
1215 2670 1357 2746 papyris,
1379 2672 1424 2730 vor
1448 2670 1627 2731 confessoris
1648 2670 1796 2730 mannen,
1817 2673 1850 2730 ne

231 2759 281 2819 tes
296 2756 338 2817 ad
361 2757 536 2833 quaestum,
561 2770 627 2814 non
643 2753 685 2814 ad
700 2755 817 2824 Deum,
833 2767 901 2815 non
916 2752 1023 2814 atten-
1111 2759 1274 2817 innocentia
1285 2760 1620 2831 manuum,etmunditia
1631 2760 1848 2830 corduettenc·

229 2855 346 2916 dentes
371 2852 412 2913 ad
440 2851 522 2912 illud
545 2849 834 2912 Deinrandatum:
862 2850 1021 2916 Quoties·
1112 2846 1236 2907 dictione
1246 2850 1372 2908 Domini.

227 2963 373 3024 cumque
393 2953 465 3011 ncnc
483 2948 649 3022 feceritis,
665 2949 703 3009 in
721 2949 791 3008 met
815 2949 1024 3008 nennorinm

244 3048 365 3111 umetis
411 3048 457 3108 3.
485 3046 555 3107 Nec
578 3044 854 3109 incircumcisus:
883 3042 919 3105 Si
969 3042 1023 3105 uis

229 3050 320 3209 <inim
334 3044 408 3209 vul}
421 3044 520 3206 gdere
536 3143 576 3205 de
601 3143 666 3205 hac
687 3156 814 3214 mensa,
839 3059 1022 3204 circumlci-
1117 3093 1397 3270 ἴὲῗέἷξζξῗω
1418 3108 1441 3156 a
1461 3092 1696 3156 mmmm
1713 3107 1782 3164 m
1796 3090 1850 3154 m·

230 3245 358 3306 sionem
372 3257 511 3305 necesse
525 3241 1020 3318 estpraetendere,utnontan-
1216 3232 1225 3250 ‘
1285 3233 1294 3262 '
1332 3233 1340 3250 ’

229 3345 298 3405 turn
313 3342 525 3419 peccantium
547 3338 762 3409 substantias,
788 3352 904 3399 verum
919 3336 1020 3400 etiam
1117 3343 1187 3403 Hoc
1201 3340 1324 3419 legitur
1338 3340 1469 3402 infesto
1480 3341 1649 3418 Martyris,
1664 3339 1849 3403 velcantes·

229 3438 500 3501 circumstantias
512 3452 556 3499 ex
572 3435 662 3497 omni
678 3438 772 3512 parte
787 3433 1021 3507 circumcidat;
1078 3438 1175 3510 soris,
1191 3438 1246 3500 cui
1257 3438 1343 3499 bene
1363 3439 1521 3500 convenit
1545 3437 1632 3516 quod
1652 3438 1708 3499 hic
1722 3438 1846 3499 dicitur:

229 3536 315 3616 quod
342 3536 477 3598 notatur
499 3550 559 3612 per
586 3532 856 3611 praepositionem
876 3534 1020 3603 mannan,
1078 3540 1247 3599 Innocens
1279 3538 1450 3608 manibus,
1476 3538 1510 3598 et
1524 3538 1653 3598 mundo
1680 3534 1850 3608 corneqn

228 3635 332 3698 uerbo
345 3632 498 3696 caedendi
513 3631 670 3695 additam.
1077 3648 1146 3695 non
1161 3634 1291 3707 accepit
1304 3636 1342 3694 in
1365 3648 1496 3696 vanum
1511 3629 1559 3712 (7)
1578 3636 1735 3695 estimans
1752 3646 1849 3701 num,

268 3735 384 3794 Mensa
414 3730 514 3794 tertia
552 3730 604 3792 est
638 3727 950 3800 consummationis,
989 3728 1023 3789 et
1077 3731 1284 3803 necjnruoit
1302 3731 1427 3791 induto
1441 3733 1688 3804 proximonum
1706 3732 1850 3791 Innocens

1076 2995 1145 3055 Hic
1166 2994 1312 3069 accipiet
1337 2996 1605 3057 benedictionem
1619 3008 1643 3056 a
1655 2997 1806 3066 Domitio,
1824 2993 1851 3054 et

229 3833 363 3893 aeternae
374 3827 607 3906 jucunditatis,
619 3842 721 3905 quam
741 3827 838 3888 nohis
851 3840 1024 3903 praepara·
1078 3827 1242 3905 siquidem
1260 3827 1322 3889 tuit
1336 3826 1501 3900 manibus,
1516 3843 1583 3888 non
1597 3825 1848 3888 timensserbun

228 3927 280 3991 vit
298 3925 468 3998 Dominus,
489 3924 577 3987 sicut
596 3924 644 3986 ait
662 3924 698 3984 in
725 3923 907 4000 Evangelio
923 3939 964 3984 :s
981 3922 1025 3985 Ut
1077 3926 1159 3987 illud
1176 3923 1417 4004 isaiae(1,15):
1438 3926 1550 3985 «Cum
1564 3920 1848 4002 multiplicaveritis

229 4024 348 4096 edatis,
372 4024 406 4085 et
418 4022 540 4084 bibatis
563 4037 664 4099 super
686 4036 837 4083 mensam
856 4036 965 4082 meam
986 4020 1022 4081 in
1077 4023 1246 4085 orationes
1262 4019 1310 4101 (8)
1333 4023 1475 4103 uestras,
1492 4036 1559 4082 non
1574 4021 1773 4083 exaudiam:
1788 4032 1849 4080 na·

229 4137 332 4199 regno
347 4117 522 4199 mecam).
540 4120 578 4180 ln
590 4118 654 4180 hoc
669 4118 758 4180 enim
778 4117 915 4179 edemus
925 4117 1021 4179 fruc·
1077 4135 1141 4181 nus
1164 4118 1252 4181 enim
1277 4120 1396 4181 vestrae
1421 4118 1585 4195 sanguine
1604 4118 1713 4195 plenae
1727 4118 1850 4185 sunt,›

226 4223 280 4283 tus
293 4218 535 4297 promissionis,
549 4217 606 4295 qul
621 4215 745 4293 signati
765 4217 843 4277 sunt
857 4231 917 4292 per
929 4213 1023 4276 fruc·
1078 4216 1135 4278 illo
1145 4216 1303 4280 videlicet
1316 4216 1491 4291 sanguine,
1501 4215 1542 4277 de
1555 4230 1620 4293 quo
1633 4215 1670 4275 in
1680 4210 1848 4276 Ezechiele:

228 4319 282 4380 tus
296 4317 384 4390 illos,
398 4331 481 4394 quos
496 4314 678 4378 attulerant
698 4314 806 4391 Moysi
829 4311 1024 4390 explorato-
1078 4313 1123 4393 (3,
1141 4312 1193 4393 18)
1209 4330 1227 4373 c
1246 4313 1282 4374 Si
1296 4310 1427 4374 dicente
1441 4327 1494 4373 me
1515 4312 1557 4373 ad
1576 4313 1739 4390 impium:
1761 4308 1850 4371 iiorte

228 4430 284 4476 res
299 4415 391 4476 missi
400 4414 566 4477 interram
577 4411 820 4489 promissionis.
830 4409 1024 4472 attulerunt
1077 4409 1233 4471 morieris
1255 4431 1263 4470 ε
1285 4425 1353 4471 non
1382 4409 1642 4471 annunciaveris
1668 4409 1711 4479 ei,
1735 4401 1850 4484 ipsein

230 4511 393 4587 siquidem
410 4511 519 4582 ticum,
530 4525 640 4581 uvam,
657 4508 823 4570 etmalum
833 4507 1021 4583 granatum.
1077 4507 1253 4583 iniquitate
1267 4522 1328 4568 sua
1342 4506 1515 4579 morietur,
1531 4506 1727 4582 sanguinem
1741 4498 1849 4580 ejusde

230 4609 330 4670 Ficus
358 4610 409 4669 est
438 4606 622 4684 spiritualis
648 4605 825 4668 delectatio
844 4603 958 4665 hahita
982 4601 1023 4662 de
1078 4619 1181 4666 manu
1206 4604 1264 4666 tua
1292 4604 1474 4681 requiram.
1491 4602 1619 4663 »Felix
1640 4617 1720 4678 ergo
1741 4593 1850 4674 illoqui

230 4704 510 4782 contemplatione
533 4703 655 4765 divinae
670 4701 868 4781 majestatis.
884 4703 967 4772 Uva,
982 4700 1023 4760 de
1077 4716 1192 4763 curam
1207 4701 1394 4763 animarum
1423 4699 1488 4761 sihi
1502 4698 1658 4762 traditam
1682 4698 1729 4760 sic
1741 4709 1848 4774 procu·

230 4820 295 4882 qua
310 4803 424 4866 uinum
437 4800 679 4879 exprimiturin
689 4798 861 4872 torculari,
875 4799 1025 4874 estmys-
1077 4798 1141 4869 rat,
1168 4798 1203 4861 et
1226 4797 1367 4874 peragit,
1392 4799 1429 4859 ut
1454 4811 1521 4858 non
1548 4797 1667 4858 timeat
1691 4791 1846 4871 imperium

229 4902 351 4964 terium
367 4898 623 4971 incarnationis,
644 4897 685 4959 de
709 4913 774 4975 qno
789 4895 887 4958 nohis
899 4894 1022 4955 elicie·
1077 4894 1172 4956 verbi
1187 4894 1298 4971 hujus,
1315 4909 1358 4957 ne
1378 4894 1485 4971 possit
1507 4894 1635 4971 requiri
1663 4889 1791 4968 sanguis
1812 4884 1845 4944 de

230 4999 408 5061 turpinum
424 4995 578 5073 porrecta
597 4992 811 5070 cognitionis,
824 4991 914 5053 unde
926 4990 1023 5051 nobis
1077 4991 1231 5053 manibus
1247 4992 1330 5067 ejus.
1350 4992 1437 5052 Vere
1450 4989 1529 5051 talis
1544 4992 1596 5052 θεῖ
1617 4990 1771 5050 innocens
1782 4995 1845 5043 na·

231 5096 295 5158 erit
308 5095 466 5171 gaudium
483 5092 666 5155 ineffabile.
683 5094 762 5151 Haec
777 5090 828 5151 est
841 5088 901 5149 illa
915 5089 1024 5150 corri-
1077 5088 1175 5149 nibus
1190 5109 1197 5148 :
1214 5103 1310 5165 quem
1336 5087 1438 5149 etiam
1463 5087 1594 5164 oportet
1616 5101 1691 5147 esse
1709 5080 1845 5145 mundun

230 5193 286 5270 gia
300 5190 528 5258 calceamenti,
544 5189 586 5252 ad
602 5204 701 5267 qnam
716 5185 910 5249 solvendam
925 5188 1025 5249 ioan·
1078 5186 1193 5258 corde3
1209 5187 1242 5248 et
1255 5185 1330 5246 ideo
1344 5184 1429 5246 bene
1443 5184 1508 5246 ista
1519 5183 1586 5246 duo
1600 5180 1843 5261 conjunguntur:

268 5379 295 5447 (l
327 5376 413 5447 Vulg.
425 5372 568 5431 comedet.
1113 5369 1248 5440 (illvulg.
1260 5369 1312 5425 vir.

268 5447 298 5510 (2
320 5447 402 5502 ioan.
418 5446 446 5512 8,
457 5444 501 5500 tt.
1114 5439 1156 5509 (6)
1171 5442 1227 5496 Ιεθ.
1240 5439 1284 5508 it,
1299 5439 1341 5495 is.

269 5516 310 5584 (8)
324 5517 375 5571 Ex.
393 5516 483 5571 icor.
497 5515 541 5580 ll,
556 5513 590 5571 ii
605 5513 641 5570 ed
660 5513 703 5570 26.
1113 5512 1141 5576 (7
1169 5510 1248 5565 Text.
1266 5508 1345 5565 hebr.
1361 5508 1447 5580 vulg.
1465 5522 1545 5564 auno.

270 5586 311 5654 (t)
324 5586 408 5641 Lucae
422 5583 517 5653 tado.
1112 5580 1142 5649 (8
1166 5580 1250 5653 Vulg.
1267 5579 1431 5636 orationem.
