3950 6200
222 278 281 339 159

219 436 417 510 continetur,
436 438 530 514 cujus
549 435 784 513 provisionem,
803 436 890 498 sicut
910 436 1011 498 estin

218 536 343 597 eisdem
378 551 538 612 expressa
574 534 711 605 11111111,
742 532 1011 595 confirmavimus

218 633 400 695 memorato
415 632 580 709 episcopo,
593 646 636 691 ne
649 631 713 707 ipsi
724 631 846 692 clerico
861 633 1012 693 teneren-

216 732 273 792 tur
288 731 329 790 ad
347 730 571 806 provisionem
592 728 694 789 aliam
711 728 896 804 indulgere.
917 728 1012 788 Cum·

217 843 280 904 que
295 830 369 903 post
381 827 489 887 hacc...
506 826 644 896 decane,
659 826 692 887 et
706 825 852 903 capitulo
865 827 1012 886 Trecen-

217 925 246 984 si
261 924 447 984 dederimus
463 924 498 983 in
518 923 704 1000 praeceptis,
720 926 756 985 ut
777 922 1012 984 nonobstante

216 1021 407 1098 Apostolica
445 1021 664 1095 indulgentia,
697 1035 795 1097 quam
835 1020 1011 1080 Trecensis

217 1119 359 1180 ecclesia
374 1119 414 1179 de
429 1134 495 1179 non
507 1117 711 1194 providendo
727 1117 804 1178 aliis
821 1118 943 1178 dicitur
957 1116 1012 1177 ob-

216 1217 334 1288 tinere,
346 1216 380 1277 et
394 1231 493 1292 quam
514 1215 667 1276 volumus
683 1215 732 1275 eis
747 1214 832 1275 alias
854 1228 928 1274 esse
942 1213 1012 1274 sal-

215 1330 303 1384 vam,
315 1315 424 1390 ipsum
437 1314 472 1373 in
481 1313 677 1374 canonicum
693 1313 726 1373 et
737 1313 771 1372 in
782 1311 918 1373 tratrem
928 1310 1012 1371 reci·

214 1413 342 1489 perent,
366 1411 484 1471 nuntio
499 1426 560 1470 suo
575 1412 648 1487 ejus
663 1409 798 1470 nomine
814 1408 948 1470 stallum
974 1409 1010 1467 in

217 1509 331 1580 choro,
361 1508 529 1569 stlocum
556 1507 590 1567 in
619 1507 765 1583 capitulo
795 1504 1009 1581 assignando,

216 1605 312 1668 vobis
338 1622 439 1684 super
463 1605 527 1666 boc
552 1604 787 1665 executoribus
814 1603 878 1664 sibi
911 1602 1009 1674 datis,

217 1704 295 1782 quia
327 1703 479 1779 praedicti
508 1702 665 1770 decanus,
702 1704 736 1763 et
762 1700 944 1777 capitulum
976 1699 1012 1760 in

215 1802 329 1863 vestra
344 1800 522 1877 praesentia
537 1800 751 1876 exceperunt,
774 1799 860 1876 quod
885 1814 959 1858 cum
976 1797 1011 1857 in

216 1898 373 1960 Trecensi
400 1897 542 1959 ecclesia
571 1902 680 1958 certus
705 1898 748 1958 sit
773 1896 1011 1956 canonicorum

217 2012 375 2057 numerus
398 1996 588 2072 iuramento
610 1994 771 2065 firmatus,
801 1993 842 2053 de
865 2008 930 2068 quo
945 2006 1012 2052 non

216 2092 383 2154 iaciebant
394 2092 536 2153 obtentae
547 2092 588 2152 ad
598 2107 657 2151 vos
667 2091 786 2151 litterae
798 2090 1010 2158 mentionem,

217 2190 372 2266 compelli
387 2189 429 2250 ad
449 2190 553 2265 ipsius
574 2189 797 2264 receptionem
823 2185 935 2247 clerici
953 2200 1013 2261 per

217 2287 353 2348 easdem
371 2286 501 2348 litteras
525 2302 591 2347 non
606 2284 779 2356 debebant,
799 2300 858 2344 vos
878 2284 1013 2360 propter

217 2385 448 2460 exceptionem
462 2382 652 2459 hujusmodi
660 2382 840 2458 procedere
850 2380 1012 2441 hactenus

219 2481 406 2542 distulistis.
432 2484 540 2553 Quare
562 2479 650 2540 idem
677 2479 818 2539 clericus
840 2475 1014 2537 humiliter

219 2577 429 2655 supplicavit,
456 2577 492 2637 ut
515 2576 712 2637 submovere
740 2575 1011 2652 impedimentum

218 2674 411 2752 hujusmodi
434 2674 659 2748 dignaremur.
692 2672 853 2743 Quocirca
873 2670 1013 2731 manda-

220 2789 295 2835 mus
309 2772 482 2849 quatenus,
508 2786 575 2830 ncn
593 2768 744 2830 obstante
759 2769 846 2829 dicto
859 2783 1009 2841 numero,

216 2869 407 2948 juramento
437 2866 578 2938 ilrmato,
613 2867 745 2927 eosdem
777 2866 949 2936 decanum,
980 2865 1013 2924 et

220 2965 402 3042 capitulum
425 2964 522 3040 juxta
548 2964 665 3024 directi
697 2963 791 3024 vobis
822 2978 923 3038 super
949 2960 1013 3022 boc

220 3063 369 3126 mandati
390 3063 539 3124 tenorem
555 3061 596 3121 ad
616 3060 837 3137 receptionem
864 3058 1012 3136 ejusdem

220 3161 334 3222 clerici
349 3159 568 3236 compellatis.
580 3159 672 3230 Quod
685 3158 714 3219 si
728 3173 795 3218 non
809 3172 935 3224 omnes,
949 3159 1011 3217 etc.

219 3259 339 3320 Datum
370 3257 538 3329 Laterani,
563 3258 622 3317 XV
655 3254 816 3316 kalendas
848 3253 1011 3332 januarii,

222 3371 311 3417 anno
328 3355 514 3416 undecimo.

565 3583 671 3670 XXX

220 3740 273 3800 Ad
291 3740 332 3798 ote
356 3736 522 3797 Fontibus
552 3734 585 3794 et
609 3736 649 3795 de
672 3691 834 3793 Riecuttts
864 3729 1013 3802 abbates,

252 3833 656 3901 Δ13111111111111111111111,
675 3830 904 3891 Eborcccusts
925 3828 1014 3888 (ltce-

260 3933 359 3992 06818.

475 4004 510 4060 22
528 4001 658 4060 decemb.
680 4002 760 4059 1116.

334 4126 475 4192 [1111111111
490 4124 673 4206 Memorialsoi
683 4122 833 4182 Fcunteins,
848 4123 914 4185 litt]

221 4248 272 4307 Eis
285 4244 403 4302 mundat
422 4249 463 4311 ut,
483 4255 549 4298 cum
568 4239 725 4298 1111111111
740 4253 839 4296 eorum
855 4237 1014 4310 inquisitio·

257 4350 324 4393 nem
335 4332 471 4391 nonnulla
482 4331 655 4387 monasteria
666 4327 831 4385 monialium
842 4324 1016 4384 Eboracensi

257 4421 473 4494 archiepiscopo
497 4418 660 4477 dioecesana
683 4417 750 4489 lege
774 4414 901 4488 subjecte
928 4414 1017 4471 exiles

256 4511 383 4568 1111111111
410 4508 608 4581 possessiones
629 4511 658 4562 11
680 4503 824 4573 redditus,
848 4517 934 4575 super
962 4500 1018 4558 hoe

257 4598 355 4657 habito
380 4594 587 4666 archiepiscopi
611 4593 762 4650 memorati
782 4591 918 4659 consilio,
940 4589 1017 4662 quod

201 4673 209 4684 ’
258 4685 391 4759 regulare
405 4682 556 4740 honestum
571 4689 599 4738 11
611 4680 724 4738 salubre
737 4678 830 4749 1111111,
844 4684 980 4736 statuunt.

262 4808 441 4877 Honorius,
456 4806 544 4867 etc...
554 4804 599 4884 ,de
612 4803 783 4874 Fontibus,
800 4803 869 4865 et...
884 4803 1018 4864 (111111-

837 275 1014 340 HONORII
1036 278 1082 340 111
1102 280 1250 342 OPERA.

1807 287 1874 350 teo

1067 439 1266 513 sustentari,
1291 440 1325 502 et
1352 438 1431 516 quia
1455 439 1489 502 id
1514 436 1706 505 Ι1111111111
1731 445 1872 521 poterat

1066 536 1871 618 111111111ἰεὶ(1111111111111111111111111111111

1067 633 1209 709 qualitas
1223 635 1383 709 exigeret,
1399 635 1583 708 unirentur,
1601 654 1661 698 nos
1676 638 1718 698 ad
1730 639 1873 701 instan-

1065 730 1146 790 tiam
1166 731 1313 806 ejusdem
1336 732 1499 809 episcopi,
1522 749 1542 794 a
1566 733 1661 794 nobis
1683 751 1786 811 super
1800 736 1872 798 hoc

1067 829 1235 904 provideri
1249 829 1401 904 petentis,
1418 829 1512 890 vobis
1531 830 1682 892 dedimus
1702 832 1738 893 in
1761 850 1869 894 man·

1066 924 1151 986 datis
1162 927 1198 986 ut
1207 926 1365 1003 inquisita
1376 926 1417 987 de
1432 928 1580 988 locorum
1595 929 1628 990 et
1641 944 1871 1005 personarum

1066 1021 1325 1084 circumstantiis
1344 1039 1384 1084 ac
1407 1022 1507 1084 rebus
1531 1024 1619 1098 aliis,
1645 1042 1719 1103 quae
1743 1026 1871 1104 inqui·

1065 1119 1169 1179 reuda
1197 1120 1380 1182 existerent
1404 1122 1563 1194 ueritate,
1586 1137 1647 1183 nos
1669 1125 1780 1185 certos
1805 1140 1873 1201 per

1065 1216 1193 1277 vestras
1221 1216 1349 1278 litteras
1372 1217 1560 1280 redderitis.
1576 1220 1643 1280 Vos
1657 1235 1750 1292 vero,
1776 1212 1872 1283 sicut

1066 1328 1109 1374 ox
1146 1313 1268 1375 litteris
1308 1315 1429 1376 restris
1472 1315 1682 1392 accepimus,
1723 1332 1765 1378 ac
1813 1318 1871 1379 luis

1067 1410 1210 1472 sollicite
1228 1411 1434 1487 inquirentes
1456 1413 1605 1488 quaedam
1626 1413 1807 1476 invenistis
1824 1430 1871 1477 ex

1067 1507 1164 1569 dictis
1197 1510 1409 1570 monasteriis
1445 1510 1593 1585 regulari
1629 1511 1738 1571 ordini
1781 1513 1871 1574 satis

1066 1620 1229 1681 congrua,
1255 1607 1288 1667 et
1309 1606 1495 1668 sufficentia
1520 1609 1718 1684 competenti
1740 1625 1871 1685 perso-

1067 1718 1186 1763 narum
1209 1718 1358 1775 numero,
1383 1719 1525 1780 quarum
1549 1704 1761 1766 multitudine
1787 1708 1873 1769 sunt

1066 1801 1216 1876 gravata,
1231 1799 1381 1877 quaedam
1400 1802 1511 1861 autem
1531 1803 1667 1862 onerata
1689 1801 1815 1863 debitis
1838 1805 1874 1866 et

1067 1898 1234 1973 personis,
1260 1898 1488 1974 possessiones
1514 1898 1726 1975 usqueadeo
1756 1900 1872 1961 exiles

1067 1994 1190 2056 habent
1209 1996 1242 2056 11
1260 1994 1426 2067 redditus,
1444 1996 1529 2072 quod
1544 1996 1602 2057 vix
1616 1996 1746 2057 modica
1769 2000 1873 2073 parte

1067 2093 1148 2152 anni
1164 2092 1399 2153 sustentationi
1413 2092 1583 2154 sufiiciunt
1599 2093 1720 2153 ibidem
1734 2093 1872 2170 degen-

1066 2190 1149 2250 tium
1170 2206 1400 2266 personarum.
1433 2189 1508 2250 Alia
1529 2204 1609 2251 reno
1631 2192 1699 2250 tam
1728 2207 1773 2251 ex
1798 2192 1873 2253 situ

1067 2286 1150 2358 loci,
1177 2302 1275 2363 quam
1297 2286 1373 2347 aliis
1396 2286 1530 2348 omnino
1554 2289 1632 2348 sunt
1653 2288 1872 2349 incommoda

1067 2383 1176 2444 ordini
1199 2384 1357 2459 regulari,
1378 2385 1410 2445 et
1432 2399 1547 2443 eorum
1570 2386 1674 2445 status
1698 2385 1809 2460 exigit
1833 2387 1874 2448 ut

1067 2481 1143 2540 aliis
1168 2480 1378 2542 monasteriis
1400 2496 1475 2541 curn
1499 2481 1548 2541 eis
1571 2481 1669 2543 aliter
1692 2482 1872 2557 provideri

1067 2593 1133 2638 nou
1160 2579 1271 2639 valeat
1303 2580 1556 2654 conjungantur.
1590 2579 1726 2638 Petente
1760 2578 1875 2652 igitur

1068 2674 1157 2735 dicto
1169 2674 1431 2751 archiepiscopo,
1449 2676 1485 2735 ut
1498 2673 1673 2750 providere
1689 2690 1793 2751 super
1814 2675 1872 2736 his

1068 2771 1194 2832 eisdem
1222 2773 1433 2832 monasteriis
1460 2771 1687 2846 dignaremur,
1717 2787 1796 2843 noe,
1830 2773 1873 2833 de

1068 2868 1375 2945 circumspectionis
1383 2870 1502 2929 vestrae
1515 2868 1690 2945 prudentia
1706 2868 1873 2932 fiduciam

1068 2966 1200 3043 plenam
1239 2968 1410 3040 gerentes,
1451 2980 1511 3041 per
1544 2964 1734 3041 Apostolica
1769 2966 1873 3029 vobis

1069 3063 1193 3141 scripta
1208 3062 1418 3135 mandamuS,
1436 3062 1613 3139 qnatenus,
1630 3062 1738 3123 solum
1758 3065 1873 3126 Deum
1951 3045 1955 3056 ¹

1069 3160 1220 3221 habendo
1241 3176 1310 3236 prae
1329 3160 1449 3232 oculis,
1467 3175 1567 3235 super
1586 3160 1649 3220 boc
1668 3159 1783 3220 habito
1805 3177 1872 3222 ar-

1069 3258 1273 3336 chiepiscopi
1293 3257 1467 3319 memorati
1482 3258 1633 3328 consili0,
1655 3258 1741 3334 quod
1764 3272 1874 3334 regu·

1070 3356 1140 3417 lare
1161 3355 1336 3416 honestum
1360 3355 1393 3416 et
1417 3354 1551 3414 salubre
1574 3354 1685 3425 inerit,
1710 3356 1876 3431 appella-

1069 3453 1159 3513 tione
1178 3452 1377 3530 postposita,
1399 3450 1574 3511 dummodo
1596 3467 1662 3511 non
1685 3452 1819 3512 oriatur
1836 3452 1874 3514 in

1070 3564 1171 3625 grave
1196 3547 1399 3618 scandalum,
1428 3548 1592 3609 statuatis.
1619 3548 1737 3607 Datum
1762 3548 1874 3610 Late-

1070 3645 1155 3717 rani,
1167 3646 1213 3706 XI
1223 3643 1382 3705 kalendas
1394 3644 1554 3721 januarii,
1569 3659 1656 3704 anno
1672 3643 1869 3706 undecimo,

1400 3891 1526 3978 XXXI

1197 4044 1248 4103 Ad
1262 4043 1458 4117 episcopum
1471 4044 1735 4103 Ntoernensem.

1317 4172 1353 4230 23
1372 4169 1501 4228 decemb.
1518 4171 1597 4229 ime.

1107 4295 1225 4360 [Reqosl.,
1236 4294 1281 4346 lib.
1289 4295 1333 4353 lu,
1344 4294 1419 4359 epist.
1425 4294 1479 4344 131.
1493 4295 1551 4344 liss.
1560 4295 1596 4345 Le
1605 4295 1680 4344 Ponte
1692 4294 1727 4344 dn
1737 4295 1841 4363 111111]

1072 4420 1150 4477 Facit
1172 4419 1198 4476 ei
1219 4425 1399 4491 potestatem,
1417 4426 1457 4487 ut,
1476 4429 1533 4475 nou
1555 4416 1685 4476 obstante
1702 4419 1877 4491 J'uramento

1109 4506 1144 4564 ab
1159 4507 1220 4579 ipso
1234 4505 1270 4563 de
1284 4521 1342 4563 non
1357 4505 1515 4563 alienandis
1534 4507 1663 4564 ecclesiae
1679 4508 1877 4568 Nivernensis

1108 4593 1198 4651 leodis
1225 4594 1370 4667 prestito,
1394 4596 1478 4652 Petro
1503 4593 1539 4652 de
1564 4594 1659 4652 Berris
1687 4595 1877 4657 Nivernense

1107 4681 1311 4738 monasterium
1334 4679 1442 4738 ordinis
1462 4680 1658 4740 cisterciensis
1676 4678 1801 4740 tundere
1820 4699 1876 4743 vo-

1107 4768 1186 4839 lenti,
1203 4768 1349 4826 licentiam
1364 4766 1432 4825 dare
1447 4769 1546 4841 possit.

222 4907 321 4972 uallis
366 4901 560 4973 abbatibus,
603 4900 831 4961 cisterciensis
876 4898 1015 4971 ordinis,
1111 4893 1290 4965 Honorius,
1313 4895 1389 4964 etc,
1412 4892 1596 4954 venerabili
1616 4892 1751 4954 tratri...
1773 4897 1876 4972 epis.

222 5000 442 5069 Eboracensis
458 4997 624 5068 dioecesis,
641 4998 704 5058 etc.
1072 5006 1154 5067 copo
1181 4990 1394 5062 Nivernensi,
1423 4988 1562 5052 salutem
1586 4992 1621 5051 et
1642 4991 1877 5067 Apostolicam

263 5098 456 5179 Exponente
486 5095 582 5156 nobis
605 5093 686 5155 olim
706 5091 890 5154 vonerabili
914 5091 1018 5155 111111
1072 5087 1346 5149 benedictionem.

223 5203 374 5266 nostrom
402 5191 604 5256 Eboracensi
632 5189 901 5266 archiepiscopo,
931 5190 1018 5266 quod
1113 5188 1179 5245 Per
1203 5184 1277 5245 tuas
1301 5182 1397 5244 nobis
1425 5181 1554 5244 litteras
1580 5183 1759 5255 intimasti,
1782 5191 1877 5263 quod

128 5357 130 5362 .
222 5293 385 5362 nonnulla
400 5288 601 5353 monasteria
611 5286 816 5358 monialium,
829 5286 1019 5348 dioecesana
1073 5297 1148 5343 cum
1170 5278 1293 5340 nobilis
1313 5281 1367 5340 rir
1385 5281 1505 5342 Petrus
1529 5280 1570 5340 de
1593 5281 1718 5352 Barris‚
1742 5283 1877 5346 Niver-

224 5394 290 5458 sibi
303 5393 377 5466 lege
391 5387 550 5465 subjecta,
572 5398 676 5460 usque
700 5382 783 5444 adeo
807 5383 913 5444 exiles
938 5398 1018 5459 pos·
1074 5377 1188 5439 nensis
1220 5376 1392 5444 dioecesis,
1419 5378 1455 5437 in
1481 5377 1623 5454 quadam
1654 5382 1879 5454 possessione

224 5489 391 5554 sessiones
408 5484 442 5545 ot
454 5482 635 5560 proventus
649 5478 826 5551 habebant,
842 5479 929 5555 quod
946 5495 1021 5540 mo-
1074 5474 1165 5537 teudi
1188 5473 1251 5545 sui,
1277 5474 1362 5551 quod
1385 5473 1476 5536 tenet
1499 5490 1519 5535 a
1542 5476 1585 5545 te,
1608 5490 1668 5551 pro
1683 5491 1749 5552 quo
1768 5479 1879 5544 etiam

223 5586 331 5651 nieles
343 5581 500 5657 degentes
515 5577 639 5639 ibidem
651 5591 717 5639 non
733 5576 1019 5652 poterantexinde
1073 5571 1134 5635 tibi
1154 5570 1232 5634 tecit
1252 5570 1453 5646 homagium,
1470 5571 1504 5633 et
1525 5571 1693 5634 fidelitatis
1714 5577 1880 5648 praestitit
