3950 6200
244 362 284 422 83
681 362 735 423 ΑΙ)
756 362 893 424 OPERA
916 363 948 422 S.
973 363 1194 426 FRANCISCI
1216 365 1443 427 ASSISIATIS
1836 371 1870 429 ld

246 539 265 584 ιι
287 521 363 584 ideo
378 521 541 586 timebunt
551 537 627 582 eum
640 521 715 594 viri,
732 522 768 584 et
785 538 852 583 uon
872 521 1041 584 audebunt
1095 539 1166 584 cem
1188 523 1373 600 clangentis
1393 524 1491 597 tubae,
1510 539 1575 601 qua
1594 523 1720 601 primus
1740 527 1874 602 Angelus

247 637 265 681 ιι
287 620 503 697 contemplari
519 635 643 686 omnes,
661 619 788 697 quisibi
801 620 955 681 videntur
967 636 1040 683 esse
1095 621 1227 693 cecinit,
1243 622 1327 684 vidit
1339 625 1489 683 ioannes
1500 639 1507 695 ;
1518 625 1576 683 vet
1591 623 1793 699 pertendam
1808 641 1876 700 par-

245 736 265 779 «
287 719 464 796 sapientes.
480 718 702 795 contemplari
714 719 803 777 enim
818 717 879 777 Dei
901 719 1039 795 sapien·
1095 721 1199 779 «tem
1222 721 1319 781 terrae
1336 719 1396 798 (2),
1418 721 1551 796 eosqui
1572 737 1631 796 per
1652 720 1831 781 doctrinam
1848 723 1876 783 et

246 832 264 877 u
285 816 365 877 tiam
381 831 447 875 non
463 819 612 892 possunt,
630 817 686 891 qui
703 815 766 875 sibi
790 815 945 876 videntur
966 831 1040 876 esse
1095 832 1113 872 u
1135 816 1287 892 exempla
1314 816 1474 877 honorum
1505 816 1675 876 hominum
1701 817 1783 877 salvi
1808 818 1877 879 lacti

246 930 264 973 ιι
286 914 474 989 sapientes:
499 914 575 988 quia
591 915 683 975 tanto
709 912 750 973 ab
764 916 835 989 ejus
850 913 925 973 luce
944 913 1040 987 longe
1095 930 1113 971 ιι
1136 913 1599 989 suntdebemusintelligere,
1609 915 1664 991 qui
1674 915 1750 990 igne
1761 916 1877 976 timoris

245 1028 263 1071 ιι
285 1010 959 1088 sunt,quantoapudsemetipsoshumiles
974 1025 1040 1069 nou
1095 1026 1114 1068 u
1137 1011 1876 1088 Deiatqueamorisquidquidpraviinseluit,

244 1126 263 1168 ιι
285 1110 378 1169 sunt:
393 1109 470 1184 quia
487 1107 644 1168 incorum
656 1107 820 1167 mentibus
837 1108 913 1167 dum
929 1113 1041 1167 tumor
1095 1124 1113 1165 ιι
1135 1106 1399 1175 combusserunt,
1425 1110 1523 1184 atque
1551 1109 1747 1170 deleverunt
1764 1126 1802 1180 »ς
1827 1125 1878 1185 per

244 1205 439 1267 «elationis
465 1205 596 1275 crescit,
624 1205 730 1265 aciem
751 1204 1040 1280 contemplationis
1096 1206 1310 1265 Franciscum
1325 1207 1487 1282 Angelum
1510 1206 1569 1266 Dei
1591 1207 1746 1278 electum,
1764 1208 1879 1268 voceet

244 1303 429 1377 ‹claudit3
454 1304 486 1363 et
510 1302 598 1362 unde
623 1318 659 1362 se
687 1302 799 1362 lucere
820 1318 888 1378 prae
910 1302 1040 1362 caeteris
1095 1300 1203 1372 sactis,
1217 1303 1318 1363 verbo
1341 1305 1373 1365 et
1396 1305 1547 1380 exemplo
1571 1303 1682 1364 tubam
1699 1304 1758 1364 Dei
1771 1321 1878 1380 perso-

243 1400 460 1470 «aestimant,
489 1399 568 1460 inde
592 1400 765 1460 selumiue
787 1399 937 1460 veritatis
966 1399 1040 1475 pri·
1096 1401 1241 1471 nantem,
1268 1415 1334 1461 non
1360 1401 1467 1461 solum
1491 1401 1623 1462 tertiam
1643 1403 1771 1478 partem
1792 1403 1878 1462 terra

243 1515 262 1556 c
284 1500 373 1558 vant.
388 1514 406 1556 ιι
419 1496 598 1557 Proiecto«
610 1512 652 1557 ex
668 1497 790 1557 divinis
807 1496 987 1572 Scripturis
1001 1510 1040 1556 eo
1096 1496 1208 1556 divino
1225 1513 1338 1558 amore
1366 1498 1582 1567 combustam,
1609 1499 1802 1576 salvamque
1815 1498 1878 1558 lac-

244 1593 422 1655 ‹uberius
465 1593 661 1670 disponente
707 1594 847 1654 Domino
890 1593 1040 1654 veritatis
1095 1595 1162 1654 tam
1174 1594 1285 1654 dicere
1300 1594 1467 1664 debemus,
1485 1596 1541 1656 sed
1558 1596 1750 1657 universum
1766 1594 1880 1656 illumi-

243 1709 262 1751 u
284 1692 462 1768 erumpunt
489 1691 660 1752 stillicidia
688 1689 754 1770 (1),
784 1706 849 1768 quo
875 1690 1041 1752 credendo
1097 1693 1211 1752 natum
1224 1690 1336 1753 orbem
1352 1707 1420 1752 ase
1443 1694 1570 1764 etsuis,
1587 1694 1619 1753 et
1633 1693 1736 1753 totam
1750 1708 1879 1769 repara-

245 1806 263 1848 «
286 1789 514 1866 percipiuntur
525 1788 695 1848 humilius.
712 1788 907 1850 Humilitate
924 1788 1041 1847 iuves·
1096 1790 1162 1848 tam
1175 1789 1370 1860 Ecclesiam,
1387 1790 1423 1850 ut
1437 1805 1478 1850 ex
1500 1792 1662 1852 nocturna
1673 1790 1881 1866 visioneper-

177 1875 180 1886 ⁴
242 1887 418 1962 «liganda
434 1888 521 1956 sunt,
544 1888 577 1946 et
593 1886 838 1962 pronuntianda
854 1884 1037 1955 humiliter,
1096 1886 1184 1962 cepit
1217 1887 1430 1946 Innocentius
1464 1887 1521 1959 ΙΙΙ,
1564 1904 1638 1947 cum
1674 1887 1880 1948 Franciscum

242 2001 261 2044 c
283 1984 440 2060 quoniam
459 1984 582 2043 elatum
601 1983 742 2058 lugiunt,
753 1985 786 2043 et
803 1982 909 2053 abeo,
928 1983 985 2058 qui
1005 1997 1041 2042 se
1097 1981 1260 2044 labentem
1277 1984 1457 2044 Ecclesiam
1472 1982 1533 2062 (3),
1551 1987 1586 2045 ut
1610 1984 1762 2044 divinum
1775 1985 1881 2044 Atlan-

243 2081 471 2157 «procaciter
496 2081 612 2156 jactat,
650 2080 802 2155 elongari
833 2080 1039 2139 noscuntur:
1095 2081 1173 2151 tem,
1185 2080 1334 2140 humeris
1357 2082 1521 2142 sustinere
1537 2083 1722 2158 conspexit.
1736 2083 1797 2142 Hic
1811 2095 1880 2141 vere

244 2195 363 2239 «uam
390 2178 476 2240 sicut
499 2180 587 2238 Deus
616 2176 819 2253 superbisse
844 2176 1041 2238 occultando
1096 2177 1253 2238 Ecclesiae
1278 2179 1397 2239 hoctor
1412 2181 1445 2239 et
1469 2180 1743 2254 Magisterzuam
1765 2179 1793 2238 si
1811 2177 1881 2238 doe

245 2293 263 2337 ιι
284 2276 422 2345 resistit,
445 2276 493 2336 ita
522 2274 704 2335 humilibus
731 2274 787 2335 dat
811 2273 1041 2349 intelligentiae
1095 2274 1184 2336 trina
1197 2275 1231 2335 in
1243 2275 1305 2337 hoc
1318 2292 1337 2336 a
1350 2278 1418 2336 Deo
1433 2276 1584 2337 instituta
1594 2276 1654 2344 est,
1666 2278 1703 2337 ut
1721 2277 1829 2336 salvos
1843 2274 1883 2333 Ι-

244 2391 263 2434 ιι
284 2372 533 2450 gratiam,quod
546 2372 712 2449 Propheta
725 2371 897 2442 indicavit,
908 2371 1038 2431 dicens:
1096 2372 1163 2433 ciat
1177 2388 1255 2447 nos3
1286 2373 1342 2449 qui
1371 2372 1483 2449 plures
1508 2372 1618 2434 salvos
1643 2372 1773 2444 lecerit,
1793 2387 1882 2434 verus

244 2487 263 2532 ιι
283 2472 481 2534 Declaratto
491 2484 694 2532 sermonum
702 2472 843 2530 tuorum
857 2467 1040 2538 idumtuct,
1096 2465 1161 2531 erit
1173 2470 1343 2545 Magister.

245 2570 320 2630 «et
344 2568 554 2630 intellectum
581 2567 641 2628 dot
665 2570 832 2640 porculis.
856 2582 875 2625 a
895 2564 1037 2644 (Psalm.
1137 2566 1232 2627 illinc
1244 2566 1390 2628 secundo
1402 2567 1501 2643 huJus
1514 2566 1621 2628 sancti
1632 2567 1696 2628 viri
1709 2566 1793 2628 mihi
1807 2582 1884 2628 com-

247 2662 380 2742 cxvnr.)
402 2665 564 2726 Parvulos
579 2664 690 2724 autem
705 2677 765 2739 pro
780 2662 963 2723 humilibus
979 2677 1039 2723 ac·
1097 2664 1440 2736 mandaturdoctrina,
1451 2665 1536 2741 quod
1550 2664 1694 2740 simplici
1705 2666 1740 2727 et
1753 2664 1883 2726 candido

245 2763 313 2840 cipi
323 2763 461 2823 insacra
471 2758 1039 2838 pagina,ostenduntverhaChristi,
1097 2777 1249 2821 sermone
1273 2777 1346 2822 eam
1372 2762 1567 2823 tradiderit:
1582 2762 1692 2822 nullos
1715 2762 1805 2822 enim
1823 2763 1883 2822 tam

246 2861 324 2921 inde
350 2860 476 2935 gratias
502 2858 633 2933 agentis
662 2856 771 2932 Patri,
800 2856 885 2933 quod
914 2871 1043 2932 parvu-
1097 2857 1339 2930 abhorruerim,
1357 2874 1454 2935 quam
1467 2874 1535 2929 eos,
1550 2859 1635 2934 «qui
1649 2860 1682 2918 in
1695 2859 1800 2920 verbo
1814 2859 1885 2918 doc-

246 2956 300 3029 lis,
318 2956 381 3018 hoc
396 2957 456 3028 est,
473 2953 668 3025 humilibus,
691 2953 892 3014 revelaverit
907 2968 947 3014 ea
969 2968 1043 3029 quae
1097 2955 1234 3016 «trinae
1265 2971 1329 3016 non
1359 2956 1503 3016 humiles
1523 2954 1583 3034 (4),
1610 2956 1667 3016 sed
1692 2957 1883 3032 arrogantes

247 3052 454 3133 sapientibus
484 3054 517 3116 et
546 3050 763 3130 prudentibus
793 3052 893 3128 hujus
928 3050 1043 3111 saeculi
1098 3052 1368 3130 ‹existunt;qui
1378 3053 1488 3130 etipsa
1498 3055 1600 3125 recta,
1613 3069 1686 3130 quae
1697 3052 1883 3130 pradicant,

247 3153 432 3215 abscondit.
463 3151 503 3213 Et
531 3148 721 3227 superbiam
750 3148 1042 3225 philosophorum,
1098 3166 1205 3209 «non
1221 3149 1330 3209 studio
1354 3149 1581 3221 correctionis,
1597 3151 1654 3210 sed
1669 3151 1755 3211 vitio
1777 3151 1888 3211 elatio-

246 3251 516 3329 impedimentum
555 3248 677 3319 luisse,
713 3263 754 3308 ne
789 3262 903 3308 veram
945 3246 1044 3307 tidem
1100 3247 1192 3306 unis
1203 3246 1437 3307 annuntiant».
1450 3249 1490 3306 lli
1507 3262 1720 3307 successores
1732 3248 1810 3308 sunt
1821 3246 1887 3306 Elin

247 3349 480 3425 agnoscerent,
508 3361 607 3425 quam
628 3344 815 3406 humilitate
837 3344 1042 3415 didicissent,
1100 3340 1281 3415 amicilob,
1296 3344 1395 3421 quiin
1409 3343 1598 3420 superbiam
1611 3343 1734 3415 elatus,
1749 3344 1886 3405 dicebat:

247 3447 366 3524 probat
384 3446 600 3522 Augustinus.
619 3444 654 3505 Si
669 3458 749 3519 ergo
769 3443 969 3504 Franciscus
981 3442 1046 3502 hu·
1100 3442 1245 3502 attende
1265 3444 1338 3511 Joh,
1356 3443 1389 3502 et
1403 3444 1485 3502 aridi
1508 3456 1575 3512 mc,
1591 3441 1626 3501 et
1641 3442 1717 3502 ioca
1737 3445 1819 3501 dom
1833 3453 1888 3515 ago

160 3596 164 3603 .
245 3545 398 3607 militatis
425 3545 516 3616 idea,
538 3543 574 3604 in
598 3543 724 3612 locum,
758 3557 852 3617 quem
883 3539 1045 3617 superbus
1099 3542 1338 3612 loquiturmodo·
1351 3554 1418 3610 me,
1436 3539 1470 3600 et
1491 3540 1576 3610 ioca,
1593 3540 1627 3599 et
1642 3553 1705 3614 epo
1726 3543 1846 3601 docebo
1861 3538 1890 3597 ta

246 3642 380 3705 Lucifer
403 3641 525 3712 amisit,
550 3637 930 3710 crediturelevatus;ad
947 3637 1047 3697 natu·
1100 3634 1888 3714 supientiouetdob,xxx111etxxmvhetiterum:

245 3740 351 3801 ralem
364 3738 565 3813 Angelorum
577 3752 797 3813 supernorum
807 3737 895 3797 scien
901 3735 981 3795 tiam
995 3733 1047 3793 di·
1102 3733 1224 3793 dimite
1235 3733 1409 3806 sopientes
1419 3736 1523 3793 acrba
1533 3748 1622 3803 mco,
1633 3733 1667 3793 et
1678 3736 1812 3794 amiciti
1821 3746 1891 3793 atvs·

246 3838 325 3897 rina
341 3836 449 3911 gratia
464 3836 598 3896 evectus
610 3835 729 3895 merito
742 3831 961 3909 reputabitur.
970 3830 1047 3890 Cla·
1101 3830 1226 3891 cultote
1242 3845 1307 3889 mc.
1333 3830 1374 3889 Hi
1390 3829 1524 3905 superbi
1540 3831 1698 3890 Doctores
1715 3831 1890 3892 vulnerare

245 3928 1057 4009 vemaccepitdiviuaesapieutiae,etlegisintelli-·
1101 3927 1210 4002 potius
1237 3942 1334 4003 quam
1359 3926 1536 3986 emendare
1558 3928 1692 3996 norunt,
1719 3928 1891 3988 Salomone

246 4030 378 4107 gentiae,
400 4030 522 4090 hocest
540 4028 771 4099 humilitatem,
784 4043 857 4103 quae
871 4026 974 4086 clavis
996 4026 1047 4086 est
1101 4025 1254 4093 testante,
1280 4023 1336 4099 qui
1357 4024 1425 4084 ait:
1449 4025 1520 4083 «ln
1540 4039 1598 4083 ore
1619 4024 1713 4084 stulti
1729 4024 1891 4103 (5)‚virga

248 4129 353 4205 Regia
373 4126 507 4197 Christi,
532 4142 596 4203 qua
615 4125 655 4185 ad
671 4140 784 4185 veram
807 4122 1045 4198 capessendam
1102 4137 1120 4179 c
1142 4120 1403 4196 superbiae,quia
1419 4120 1622 4195 increpando
1635 4120 1746 4196 rigide
1761 4120 1891 4190 feriunt,

248 4220 1044 4296 scientiamintroitur,etaliisintroitusaperitur;
1100 4236 1119 4278 u
1141 4219 1174 4279 et
1196 4218 1338 4293 compati
1363 4216 1532 4277 humiliter
1554 4218 1710 4278 nesciunt
1732 4236 1761 4278 a.
1793 4220 1893 4279 Fran-

249 4341 346 4403 quam
359 4323 483 4384 Scribas
498 4323 531 4382 et
545 4319 707 4381 Pharisaei
727 4319 935 4393 acceperant,
950 4318 982 4378 et
990 4318 1046 4378 tu·
1101 4316 1211 4376 ciscus
1234 4330 1314 4375 vero
1334 4313 1450 4375 didicit
1468 4315 1501 4375 et
1524 4313 1636 4375 docuit
1659 4315 1844 4391 sapienter,
1864 4312 1894 4374 et

249 4414 1044 4494 mentesinsuperbiamelati,lorasremanentes,
1102 4412 1283 4480 humiliter,
1299 4426 1361 4471 nec
1388 4411 1424 4470 in
1445 4410 1556 4471 verbis
1576 4426 1637 4471 nec
1664 4411 1700 4470 in
1721 4411 1893 4473 sententiis

249 4517 366 4578 audire
377 4516 601 4575 meruerunta
616 4513 747 4572 Christo
763 4529 771 4572 t
787 4516 843 4572 Vre
855 4514 949 4573 vobis
962 4514 1047 4586 lepis
1101 4509 1236 4570 tumidae
1258 4508 1395 4569 elationi
1421 4508 1455 4568 et
1477 4507 1620 4582 propriae
1635 4507 1729 4568 laudi
1746 4509 1892 4577 studens,

246 4615 385 4689 peritis,
401 4614 483 4684 ovito
503 4610 630 4670 tulistis
641 4614 770 4670 clavem
787 4611 965 4670 scientim:
980 4610 1047 4682 ipsi
1102 4607 1159 4667 sed
1174 4605 1311 4667 utilitati
1323 4605 1528 4665 audientium
1542 4605 1575 4665 et
1600 4605 1799 4680 legentium,
1814 4604 1894 4682 quod

221 4778 223 4783 ¹
249 4726 319 4771 con
335 4708 518 4777 introistis,
533 4706 641 4775 cteos,
654 4708 713 4777 qui
722 4705 922 4776 introibant,
927 4708 1048 4778 proln'-
1103 4704 1272 4781 proprium
1287 4706 1337 4763 est
1352 4700 1530 4761 Christiani
1546 4702 1710 4771 Doctoris,
1722 4720 1804 4764 nam
1814 4721 1833 4763 v
1843 4700 1896 4779 qui

251 4807 373 4869 buistis
393 4801 516 4880 (Lucae,
537 4798 600 4879 ιιι).
622 4800 741 4859 Nullus
762 4814 842 4874 ergo
869 4801 1047 4861 Francisco
1103 4801 1250 4861 «affluit
1282 4799 1453 4875 insipienti
1487 4798 1677 4873 eloquentia
1712 4798 1777 4877 (d),
1808 4801 1896 4862 tanto

252 4901 446 4980 sapientior,
464 4898 666 4974 quianullus
682 4895 851 4956 humilior.
866 4896 971 4957 Nemo
984 4898 1048 4957 cla·
1102 4914 1121 4956 ιι
1142 4897 1248 4973 magis
1263 4895 1432 4956 cavendus
1445 4895 1504 4963 est,
1521 4897 1772 4972 quantomagis
1795 4897 1895 4964 abeo,

251 5001 303 5063 vis
320 4997 465 5074 acceptae
480 4994 598 5054 melius
617 4993 811 5069 potestatem
823 4992 906 5067 legis
928 4994 1047 5069 peritia
1103 5011 1122 5054 c
1142 4994 1331 5069 tutisque
1351 4993 1467 5052 audire
1492 4992 1610 5051 inutile
1632 4994 1694 5063 est,
1712 4993 1898 5056 delectatur

253 5095 415 5162 exercuit,
431 5107 528 5168 quam
544 5091 627 5167 ipse,
645 5089 779 5165 quinon
796 5089 902 5149 solum
918 5089 1049 5165 aperuit
1103 5108 1121 5149 v
1143 5090 1297 5151 auditor:
1325 5091 1358 5148 et
1384 5104 1458 5149 eum
1469 5087 1626 5163 quoniam
1643 5088 1773 5151 diserte
1789 5092 1897 5155 dicere

254 5193 329 5263 sibi,
343 5193 376 5251 et
395 5186 556 5257 introivit,
575 5186 632 5246 sed
648 5178 733 5246 alios
754 5187 947 5246 innumeros
964 5184 1047 5247 doc·
1103 5203 1122 5246 u
1143 5187 1247 5257 audit,
1263 5185 1363 5246 etiam
1385 5199 1465 5245 vere
1491 5184 1602 5245 dicere
1624 5185 1803 5248 existimat
1816 5206 1845 5247 s.
1860 5186 1899 5247 ht

255 5289 342 5352 trina
351 5301 412 5346 sua
424 5284 457 5345 et
467 5284 630 5360 religione
640 5282 719 5343 lecit
732 5282 882 5342 introire.
898 5284 936 5343 nt
946 5282 973 5342 si
985 5285 1050 5343 ter·
1104 5282 1214 5343 Patris
1224 5283 1327 5343 nostri
1339 5282 1460 5357 scripta
1472 5281 1628 5341 humilia:
1640 5284 1743 5344 «Non
1753 5285 1899 5345 humana

254 5386 335 5447 tiam
349 5382 473 5459 partem
490 5382 589 5442 terrae
603 5379 806 5440 combustam
821 5379 910 5455 igne,
927 5379 969 5441 ad
982 5395 1048 5441 vo·
1103 5397 1122 5439 u
1143 5378 1308 5439 industria
1335 5377 1533 5453 composita,
1561 5377 1618 5438 sed
1644 5379 1764 5441 divina
1793 5382 1900 5442 mente

292 5531 333 5602 (l)
354 5532 437 5588 haur.
451 5530 565 5597 lustin,
582 5528 622 5583 De
634 5530 791 5596 mntcmpto
805 5526 913 5594 muudi,
929 5541 955 5583 c.
967 5527 993 5584 l.
1139 5526 1182 5594 (ll
1201 5528 1229 5583 S.
1247 5524 1359 5593 isidor,
1373 5525 1393 5581 l.
1410 5539 1439 5579 ιιι
1451 5526 1536 5593 scut,
1552 5538 1577 5580 c.
1596 5526 1639 5581 ll.

280 5606 332 5675 tt)
353 5603 453 5672 lpus,
468 5614 516 5655 viu
522 5613 531 5670 3
547 5596 645 5655 ΑιιιΙιι.
660 5598 688 5652 Ιιι
699 5598 800 5667 Apoc,
814 5610 840 5653 c.
853 5597 881 5665 8,
897 5598 1009 5653 visione
1020 5598 1047 5654 i.
1140 5598 1181 5666 (5)
1202 5599 1297 5663 Pron,
1307 5610 1365 5651 xvv.
1382 5598 1424 5651 Ex
1438 5596 1570 5674 Gregor,
1587 5609 1665 5661 mv,
1675 5597 1765 5666 Mor,
1775 5612 1803 5654 c.
1815 5598 1860 5655 ΙΙ.

293 5674 332 5744 (3)
353 5672 381 5728 S.
392 5673 498 5729 Bonas.
509 5671 537 5725 in
549 5670 645 5738 began.
658 5669 684 5723 S.
695 5667 853 5734 Franrisr„
864 5681 890 5723 c.
903 5667 930 5735 3,
942 5668 973 5722 iu
982 5667 1046 5739 fine.
1140 5668 1179 5735 (iil
1201 5668 1285 5737 hug„
1299 5666 1316 5721 l.
1333 5680 1371 5732 ιν,
1384 5666 1423 5720 Da
1433 5666 1560 5720 doctrino
1571 5665 1742 5733 christiana,
1761 5683 1788 5725 c.
1804 5669 1831 5726 5.
