3950 6200
1633 250 1693 309 258

104 270 150 332 257
511 327 514 339 Ι
586 255 720 317 PRIMA
741 255 859 316 Palis.
876 284 917 300 -
931 255 1160 316 EPISTOLAE.

102 426 200 489 uncte
211 422 349 491 virtutes,
365 435 438 496 quae
454 432 515 494 per
532 417 686 493 gratiam,
712 415 745 477 et
765 414 845 474 illu·
897 430 959 490 ego
976 416 1172 491 ejusamore
1196 412 1326 489 anxior,
1344 427 1405 472 nec
1425 409 1498 472 sine
1522 411 1595 487 ipsa
1630 424 1690 471 re·

102 522 277 586 minationem
293 512 844 594 SpiritusSancti,inlundiminiin
898 510 1070 588 quiescere
1105 526 1259 587 possum.
1287 510 1426 569 Domine
1466 508 1523 579 mi,
1539 510 1575 569 tn
1590 507 1689 579 nosti,

101 620 175 682 corda
186 616 328 686 fidelium,
351 615 388 674 ut
401 613 441 674 de
456 609 645 673 inlidelibus
666 609 778 670 fideles
793 609 845 670 la·
898 609 955 685 qui
970 623 1022 668 me
1035 608 1075 669 de
1086 606 1149 669 ista
1166 606 1373 667 inamorasii.
1389 606 1451 666 Sed
1464 610 1496 667 et
1510 606 1582 682 ipsa
1598 605 1691 666 sedet

101 716 181 778 elatis.
203 713 301 774 Mater
338 710 547 771 sanctissima
580 706 710 769 bomini
738 706 843 768 nostri
899 703 934 765 ln
963 704 1110 775 tristitia,
1128 703 1169 764 ab
1191 702 1343 764 omnibus
1358 703 1512 778 repulsa;
1528 703 1622 776 sacto
1641 703 1695 763 cst

98 816 155 877 lesu
176 810 296 880 Christi,
316 822 435 885 sponsa
457 806 599 883 Spiritus
636 805 759 876 Sancti,
784 819 844 865 ora
898 804 999 876 quusi
1012 804 1268 871 melioremne,
1292 804 1431 861 domino
1448 801 1622 876 pectinem
1641 799 1695 859 ri-

98 907 311 989 pronobiscnm
323 907 437 966 sancto
449 901 842 976 MichaeleArchangelo,
899 898 951 969 lis,
967 901 1001 960 et
1026 896 1297 975 contemptibilis,
1322 898 1400 958 dum
1415 897 1562 957 omnium
1577 896 1693 971 regina

98 1005 256 1069 nomnibus
269 1002 444 1065 virtutibus
460 1002 630 1071 coelorum,
645 1002 678 1062 et
693 999 845 1061 omnibns
898 996 1079 1057 virtutum:
1101 996 1134 1057 et
1148 996 1363 1072 conqueritur
1374 994 1492 1056 sedens
1503 994 1693 1070 instarqui·

97 1104 202 1174 sanctis,
215 1103 303 1163 hrum
317 1100 571 1162 dilectissimum
585 1096 705 1159 Filium
727 1096 845 1159 Domi·

95 1217 153 1262 nnn
164 1203 299 1262 nostrum
313 1200 346 1260 et
360 1197 569 1274 Magistrum.
584 1199 698 1258 Amen.

899 1094 993 1166 linio,
1020 1093 1106 1170 quod
1134 1109 1248 1155 omnes
1275 1092 1374 1154 amici
1403 1095 1475 1168 ejus
1498 1094 1697 1169 spreverunt

899 1206 985 1266 eam,
1000 1194 1032 1254 et
1047 1192 1125 1253 lacti
1139 1192 1215 1252 sunt
1227 1194 1299 1268 ejus
1312 1186 1449 1261 inimici,
1464 1190 1497 1252 et
1507 1191 1598 1267 ipsos
1615 1206 1695 1267 pro-

900 1287 979 1350 bant
990 1288 1120 1366 jamdiu
1131 1304 1204 1350 esse
1219 1288 1399 1358 adulteros,
1412 1289 1446 1348 et
1458 1303 1525 1348 non
1540 1303 1692 1364 sponsos.

899 1386 982 1448 Vide
997 1386 1236 1456 Dominelesu,
1249 1385 1328 1463 quia
1339 1388 1517 1463 paupertas
1529 1400 1588 1460 pro
1602 1386 1696 1446 tanto

900 1482 950 1545 est
977 1483 1097 1559 regina
1120 1484 1291 1555 virtutum,
1320 1498 1380 1560 pro
1416 1484 1540 1560 quanto
1568 1481 1695 1543 relictis

899 1581 1100 1657 Angelorum
1108 1579 1241 1642 sedibus
1257 1580 1458 1642 descendisti
1473 1580 1513 1640 ad
1524 1581 1643 1651 terras,
1660 1581 1697 1641 ut

899 1679 1006 1755 ipsam
1024 1694 1139 1755 posses
1155 1679 1294 1741 caritate
1308 1681 1467 1755 perpetua
1481 1677 1694 1754 desponsare,

900 1778 933 1838 et
958 1791 1073 1838 omues
1099 1774 1313 1853 perfectionis
1328 1776 1415 1837 illios
1439 1775 1473 1835 in
1498 1775 1582 1851 ipsa,
1600 1777 1633 1836 et
1654 1789 1697 1836 ex

899 1873 984 1951 ipsa,
1002 1876 1034 1936 et
1057 1889 1116 1950 per
1136 1874 1243 1950 ipsam
1259 1873 1441 1950 producere
1458 1894 1465 1932 ε
1480 1888 1554 1950 quae
1580 1876 1613 1935 et
1634 1871 1696 1933 tibi

901 1988 974 2033 cum
990 1973 1082 2034 tanta
1097 1972 1256 2033 fidelitate
1268 1968 1419 2042 adhaesit,
1437 1971 1520 2048 quod
1535 1971 1569 2031 et
1579 1970 1613 2030 in
1628 1986 1698 2031 mae

900 2070 962 2132 tris
975 2070 1069 2132 utero
1098 2069 1269 2131 inchoavit
1283 2085 1379 2130 suum
1393 2068 1598 2145 obsequium,
1615 2067 1693 2128 dum

901 2182 1021 2245 corpus
1051 2167 1234 2229 animatum
1256 2166 1402 2227 habuisti
1424 2168 1573 2227 omnium
1594 2166 1696 2225 mini·

901 2281 1002 2325 mum.
1021 2264 1084 2325 Sed
1099 2266 1133 2326 et
1145 2265 1306 2325 orientem
1320 2279 1363 2324 ex
1374 2265 1468 2325 utero
1484 2263 1521 2322 in
1532 2262 1694 2339 praesepio

901 2363 1017 2423 sancto
1037 2361 1173 2438 recepit,
1188 2363 1221 2422 et
1238 2361 1379 2433 stabulo;
1391 2363 1425 2421 et
1437 2364 1690 2420 conversantem

901 2459 936 2520 in
952 2458 1074 2520 mundo
1088 2460 1136 2520 sic
1148 2457 1302 2519 omnibus
1313 2461 1345 2519 te
1360 2456 1515 2534 privavit,
1526 2460 1562 2517 ut
1572 2456 1693 2532 capitis

901 2556 1116 2618 'reclinatorio
1129 2556 1292 2618 laceretis
1308 2571 1435 2616 carere.
1450 2554 1557 2615 Sedet
1572 2554 1693 2614 ddelis·

901 2655 987 2716 sima
1013 2655 1198 2735 consortia,
1210 2653 1287 2714 dnm
1303 2654 1343 2715 ad
1358 2653 1481 2714 bellum
1499 2655 1623 2713 nostrae
1638 2666 1697 2713 re·

901 2748 1100 2828 demptionis
1113 2751 1303 2823 accederes,
1317 2754 1350 2813 te
1365 2753 1417 2813 est
1431 2750 1697 2812 comitatafideli·
1732 2782 1735 2797 ν

901 2852 962 2919 ter,
979 2852 1013 2910 et
1025 2850 1143 2926 inipso
1159 2848 1490 2927 passionisconilictu
1501 2846 1693 2909 individuus

901 2947 1049 3023 armiger
1074 2948 1190 3019 astitit,
1205 2950 1238 3010 et
1252 2947 1426 3023 discipulis
1451 2945 1693 3019 recedentibus,

901 3047 935 3107 et
945 3045 1144 3121 negantibus
1160 3047 1393 3116 nomentuum,
1403 3044 1476 3122 ipsa
1492 3058 1559 3104 non
1573 3043 1694 3104 disces·

901 3143 955 3215 sit,
972 3144 1029 3204 sed
1053 3146 1086 3204 te
1101 3145 1180 3204 tuuc
1200 3159 1275 3204 cum
1299 3144 1367 3204 toto
1380 3142 1539 3203 comitatu
1557 3157 1693 3201 suorum

901 3241 1100 3317 principum,
1115 3239 1258 3301 fideliter
1275 3239 1426 3300 sociavit.
1448 3240 1517 3299 imo
1530 3239 1603 3314 ipsa
1617 3255 1694 3299 ma-

901 3339 952 3399 tre
962 3343 1097 3416 propter
1109 3337 1318 3400 altitudinem
1329 3334 1532 3414 crucis(quae
1543 3338 1695 3397 tamenta

900 3438 980 3498 tunc
1005 3435 1149 3496 fideliter
1176 3434 1297 3508 coluit,
1319 3436 1354 3495 et
1379 3433 1694 3494 affectuanxiotuis

901 3531 1114 3611 passionibus
1132 3535 1249 3609 juncta
1265 3530 1343 3610 luit)
1364 3533 1437 3608 ipsa
1454 3529 1618 3608 (inquam)
1633 3531 1694 3592 tali

901 3633 1018 3702 matre,
1045 3632 1078 3692 te
1103 3645 1169 3690 non
1189 3630 1322 3690 valente
1337 3630 1541 3704 contingere,
1558 3628 1693 3689 domina

900 3730 1091 3806 paupertas,
1108 3742 1183 3788 oum
1196 3725 1348 3788 omnibus
1370 3726 1440 3786 suis
1454 3726 1603 3802 penuriis
1618 3726 1695 3787 tan·

900 3841 1000 3902 quam
1021 3824 1083 3887 tibi
1096 3825 1308 3900 gratissimus
1322 3825 1529 3896 domicellus,
1545 3825 1578 3885 te
1597 3824 1693 3900 plns·

900 3938 1000 4000 quam
1021 3933 1167 3999 linquam
1188 3921 1252 3984 luit
1270 3921 1419 3984 strictius
1447 3923 1647 3999 amplexata,
1663 3924 1696 3985 et

899 4022 956 4081 tuo
971 4021 1123 4082 cruciatu
1135 4019 1387 4096 praecordialius
1395 4023 1523 4097 Juncta.

940 4120 1080 4194 Propter
1094 4117 1257 4194 quod'nec
1269 4117 1332 4178 sibi
1343 4119 1476 4180 vacarit
1485 4133 1619 4179 crucem
1632 4133 1694 4194 po·

899 4213 973 4287 lire,
983 4230 1045 4276 nec
1056 4216 1226 4276 rusticano
1237 4229 1329 4276 more
1339 4229 1548 4290 componere,
1560 4216 1593 4275 et
1602 4216 1693 4290 ipsos
1730 4215 1731 4222 ’

143 1417 188 1477 lv.
208 1415 323 1477 Oratio
343 1416 388 1476 od
414 1415 591 1491 Virginem
611 1413 776 1474 Mortem.

121 1591 219 1654 Sancta
232 1591 291 1653 bei
306 1590 464 1667 genitrix,
479 1589 586 1653 dulcis
596 1589 770 1659 etdecora,
785 1589 847 1650 Re-

94 1705 147 1764 gem
156 1690 241 1751 morti
256 1689 428 1760 traditum,
451 1688 572 1749 Filium
584 1690 677 1748 tuum
691 1685 847 1747 dulcissi-

94 1804 167 1858 nnm,
184 1789 355 1849 Dominum
376 1787 526 1849 nostrum
548 1788 660 1848 Jesum
680 1783 844 1846 Christum

91 1900 135 1961 pro
153 1885 235 1946 nobis
258 1900 376 1952 exora,
401 1886 438 1945 ut
458 1899 518 1962 per
533 1896 636 1943 'suam
660 1881 846 1959 piissimam

91 1981 274 2054 clementiam,
288 1985 323 2045 et
336 1982 495 2044 virtutem
508 1981 727 2043 sanctissimae
739 1979 847 2040 incar·

91 2078 213 2150 nationis,
227 2083 260 2141 et
273 2080 393 2141 mortis
408 2079 513 2157 ipsius
526 2077 763 2149 acerbissimae,
784 2093 847 2138 no-

90 2174 125 2235 bis
136 2176 289 2255 indulgeat
303 2179 442 2256 peccata
457 2177 581 2239 nostra.
596 2179 713 2238 Amen.

103 2363 131 2421 tl.
151 2366 219 2426 Alto
231 2365 346 2426 orotto
361 2366 406 2425 od
420 2365 576 2425 eamdem
589 2366 631 2424 Β.
650 2364 827 2439 Virginem

372 2464 536 2523 Mariam.

115 2611 214 2673 Sancta
228 2613 336 2674 Maria
353 2612 458 2689 virgo,
482 2627 548 2674 non
570 2611 621 2673 est
643 2610 705 2673 tibi
728 2610 846 2671 similis

90 2706 144 2768 nata
160 2708 191 2770 in
210 2710 335 2771 mundo
356 2711 390 2771 in
411 2708 618 2780 mulieribus,
636 2708 717 2780 illia,
735 2710 769 2770 et
782 2724 846 2770 an·

91 2803 144 2865 cilia
154 2808 307 2869 ditissimi
322 2808 424 2883 Regis
446 2809 557 2869 Patris
572 2807 727 2875 celestis,
742 2808 849 2867 mater

90 2903 262 2966 nancdssima
295 2906 432 2968 Domini
463 2905 568 2966 nostri
599 2906 680 2967 Jesu
703 2903 846 2971 Christi,

90 3012 181 3072 sponsa
193 3002 337 3078 Spiritus
361 3003 486 3064 Sancti.
502 3004 567 3062 Ora
588 3017 649 3078 pro
663 3000 758 3063 nobis
771 2998 847 3063 'cum

86 3099 172 3160 nancto
193 3101 360 3162 Michaele
393 3100 612 3176 archangelo,
640 3101 672 3161 et
696 3099 847 3160 omnibus

47 3217 49 3256 ;
85 3192 228 3257 rinunlnus
262 3199 439 3269 coelorum,
479 3199 512 3259 et
544 3197 697 3259 omnibns
723 3198 847 3259 sanctis

84 3287 150 3352 nnn
171 3296 417 3357 sanctissimum
440 3295 573 3366 Filium,
592 3294 865 3356 dilectissimum

83 3385 224 3452 boninum
250 3397 406 3454 nostrum
435 3392 468 3453 et
493 3392 701 3467 Magistrum.
734 3392 846 3453 Gloria

82 3482 160 3557 Patri,
174 3490 205 3550 et
218 3489 316 3561 Filio,
326 3490 361 3550 et
374 3489 513 3565 Spiritui
530 3490 662 3550 Sancto.
676 3490 768 3550 Sicut
777 3493 847 3551 erat

83 3578 275 3663 inprincipio,
292 3588 328 3648 et
345 3602 447 3659 nunc,
465 3589 498 3648 et
513 3601 666 3663 semper:
684 3588 764 3648 etin
780 3603 846 3648 sae-

82 3676 350 3746 culasaeculorum.
367 3687 484 3745 Amen.

118 3865 162 3927 vl.
187 3871 304 3934 Oratio
324 3875 369 3932 B.
386 3872 504 3948 putris
524 3885 591 3947 pro
614 3871 809 3933 obtinnendo·

297 3966 540 4047 paupertate(
562 3966 586 4047 ).

107 4111 262 4181 Obomine
277 4120 375 4188 Jesu,
389 4117 525 4179 ostende
538 4116 619 4177 mihi
629 4116 766 4178 semitas
781 4119 845 4179 lure

79 4203 270 4276 diemisslmae
296 4214 518 4292 paupertatis.
548 4215 623 4274 Scio
647 4214 845 4291 enim,quod

77 4302 292 4374 Testamentum
321 4314 421 4373 retus
450 4312 528 4372 novi
542 4310 606 4372 luit
631 4311 749 4386 ligura.
776 4312 845 4372 Illis

78 4404 230 4471 promisisti
247 4426 255 4468 ε
275 4412 368 4475 Quia
382 4411 495 4469 omnis
505 4413 608 4478 tomes,
620 4421 721 4481 onnam
735 4414 846 4470 como-

76 4501 146 4558 oeni
155 4519 210 4576 pes
224 4507 359 4577 uester,
374 4505 491 4566 nester
503 4504 572 4566 erit
588 4502 710 4582 (Dent,
725 4519 773 4575 xi,
789 4506 843 4578 243

77 4590 164 4668 losne,
176 4614 197 4670 1,
212 4601 246 4679 3)
263 4624 271 4661 ι
288 4602 426 4664 calcare
447 4604 497 4662 est
519 4602 744 4662 contemnere.
762 4604 846 4661 Pau·

77 4697 163 4760 lenas
182 4699 293 4760 omnia
308 4698 430 4764 calcat,
451 4713 531 4773 ergo
559 4696 707 4758 omnium
722 4699 845 4759 estre-

77 4782 226 4868 sinestra,
237 4796 380 4856 Domine
395 4794 452 4868 mi,
469 4793 764 4871 pieJesuGhriete,
782 4795 847 4855 mi-

900 4311 1013 4373 clavos
1038 4310 1089 4390 (ut
1111 4311 1273 4390 creditur)
1289 4327 1355 4373 non
1377 4312 1413 4373 in
1427 4312 1605 4373 sufficienti
1625 4328 1693 4372 nu-

899 4424 991 4470 mero
1010 4407 1207 4471 vulneribus
1222 4409 1407 4480 fabricavit,
1429 4424 1491 4469 nec
1504 4409 1597 4485 ipsos
1611 4424 1696 4471 exa·

900 4506 979 4577 cuit,
996 4521 1058 4566 nec
1071 4505 1198 4582 polivit,
1216 4505 1273 4566 sed
1287 4507 1356 4566 tres
1372 4504 1481 4579 rudes,
1496 4508 1530 4568 et
1543 4521 1692 4584 asperos,

900 4606 933 4664 et
945 4601 1080 4664 obtusos
1093 4603 1134 4663 ad
1150 4603 1375 4679 adjuvandum
1390 4605 1483 4664 tuum
1493 4605 1693 4682 supplicium

900 4697 1112 4775 praeparavit.
1129 4699 1170 4761 nt
1181 4698 1258 4759 dnm
1277 4699 1353 4760 sitis
1367 4702 1547 4762 morereris
1560 4703 1691 4776 ardore,

898 4796 973 4872 ipsa
996 4794 1103 4857 udelis
1122 4811 1246 4872 sponsa
1272 4797 1414 4860 sollicite
1440 4799 1547 4872 affuit,
1573 4803 1610 4861 ut
1632 4815 1693 4860 nec

78 4894 165 4949 serere
177 4893 239 4953 mei
259 4895 295 4954 et
315 4892 460 4954 dominae
476 4891 698 4968 paupertatis;
716 4894 846 4954 namet
899 4893 1065 4953 modicum
1089 4909 1185 4970 aquae
1204 4910 1319 4972 posses
1338 4894 1461 4957 habere
1478 4918 1486 4957 :
1502 4897 1559 4958 sed
1583 4898 1616 4958 et
1633 4911 1693 4972 per

103 5069 196 5153 (ll-Qui
207 5080 449 5146 beneventanam,
461 5078 711 5151 caplmajorisL
751 5077 844 5148 endae,
900 5077 974 5150 apud
1008 5078 1102 5140 solum
1133 5079 1316 5147 Ubertinum,
1342 5080 1389 5137 lib.
1417 5082 1452 5149 V,
1481 5080 1601 5138 Arboris
1627 5081 1692 5138 uita

78 5134 164 5210 hient
178 5146 258 5227 iacile
277 5151 461 5218 assendetnr,
486 5151 652 5220 tirmiusque
684 5164 733 5205 cre
752 5156 790 5214 et,
812 5152 843 5206 B.
900 5150 1018 5219 Christi,
1034 5165 1096 5222 cap.
1118 5150 1145 5218 3,
1162 5151 1217 5208 huc
1235 5166 1325 5223 nsque
1341 5153 1477 5208 latitasse.
1509 5152 1562 5208 ilic
1592 5161 1690 5209 temen

78 5216 162 5273 lehem
175 5215 407 5300 thnsOretionis
418 5227 643 5299 anctorennesse,
654 5225 843 5291 utpoteqnem
899 5235 951 5291 pro
959 5221 1055 5278 inultis
1066 5219 1213 5278 habendus
1223 5229 1276 5290 est,
1289 5222 1394 5304 quippe
1413 5223 1460 5293 qni
1477 5221 1578 5279 librum
1598 5223 1688 5292 illum,

77 5287 223 5367 idoneitatis
236 5292 326 5358 zelus,
354 5299 382 5347 et
400 5292 537 5347 eximium
560 5305 623 5363 epus
652 5290 845 5361 adipiscendia
899 5290 1133 5363 coelitusadjmns
1147 5293 1211 5362 (uti
1232 5307 1264 5348 se
1279 5293 1307 5347 iu
1326 5299 1462 5363 prunoet
1481 5292 1608 5349 meando
1621 5308 1687 5366 pro·

78 5345 278 5442 wdennnmflsd
306 5361 529 5443 ardnuqnaenne
553 5361 688 5418 acuenda
716 5360 842 5418 deduxit.
899 5361 967 5434 logo
982 5361 1125 5418 humiliter
1151 5308 1312 5430 condietur)
1339 5365 1367 5417 in
1381 5377 1463 5419 sacro
1481 5371 1510 5419 et
1520 5366 1689 5435 mysterioso

78 5413 123 5496 bet
136 5428 289 5488 incredibile
309 5441 364 5488 eru
390 5432 463 5488 votis
475 5439 504 5487 et
518 5432 650 5503 precibus
668 5445 733 5486 eam
750 5446 765 5486 a
787 5434 842 5488 llo·
899 5438 996 5488 monte
1010 5433 1333 5504 Alvernaeconscrlpsit3
1351 5447 1404 5489 nec
1415 5447 1501 5504 parva
1514 5434 1570 5491 llde
1582 5435 1690 5509 dignus

79 5497 138 5570 mino
158 5496 308 5576 legittime,
325 5509 355 5557 et
370 5517 453 5573 prece
473 5501 528 5558 hac
556 5502 676 5573 aliisque
704 5502 844 5560 similibus
898 5503 1159 5574 est,quippeexsui
1171 5504 1266 5560 saeculi
1278 5504 1408 5560 virisuec
1419 5503 1529 5562 doctior
1545 5519 1690 5566 necsanc·

80 5566 226 5625 nationibus
235 5586 338 5628 orasse
349 5580 378 5629 et
388 5585 532 5630 exorasse.
543 5574 647 5632 Verum
664 5571 755 5629 femor
770 5573 845 5630 hanc
898 5573 952 5629 lior
961 5574 1128 5631 credebatur
1143 5573 1225 5631 alios.

196 5705 310 5753 earnem.
330 5711 403 5754 noun
423 5697 469 5754 vl.
957 5691 962 5700 '
1499 5702 1516 5758 9
