3950 6200
712 996 1092 1126 APPENDIX

855 1338 937 1361 —

620 1593 933 1687 OPUSGULA‘
978 1597 1170 1687 IlUBIA.

924 1881 993 1954 plte,
1012 1888 1043 1941 et
1061 1880 1090 1940 ln
1118 1898 1259 1942 concessu
1278 1893 1496 1958 purpuratorum
1509 1894 1633 1960 patrum,
1660 1888 1723 1964 lpse

923 1984 1021 2028 coram
1040 1971 1178 2030 Pontidce
1197 1972 1232 2030 ad
1250 1973 1304 2031 viri
1323 1975 1466 2049 loquelam
1489 1976 1720 2051 obstupescente,

924 2060 1051 2133 plerique
1065 2059 1191 2120 referunt
1209 2064 1376 2138 Scriptores.
1399 2067 1493 2125 Unum
1509 2067 1629 2141 sublicio
1643 2068 1720 2126 'lbo-

924 2164 978 2206 me
1002 2150 1187 2223 Spalatensis,
1203 2160 1232 2210 et
1251 2152 1369 2212 alterum
1393 2155 1508 2213 Henrici
1526 2157 1624 2216 Willat
1644 2158 1722 2215 testi-

924 2239 1062 2309 monium,
1082 2248 1113 2298 ut
1134 2242 1233 2313 quale
1259 2240 1363 2300 iuarlnt
1396 2244 1539 2302 Franciscl
1567 2246 1721 2304 Sermones

923 2328 1025 2385 Lector
1047 2328 1199 2402 expendat.

269 1898 314 1945 DE
337 1895 519 1946 opuscuuis
546 1897 669 1945 bulum.

126 2014 308 2073 lioluiincerta
323 2015 422 2083 certis,
439 2028 494 2071 nac
506 2012 578 2072 laisa
596 2015 674 2073 veris
693 2011 869 2085 admiscere3

103 2117 129 2161 nc
138 2118 209 2177 quam
229 2104 274 2161 illa
290 2109 438 2161 merentur
451 2111 481 2161 et
494 2103 677 2163 obtinuerunt
691 2102 787 2173 udam,
804 2117 869 2161 cum

102 2192 171 2250 dubiis
183 2199 314 2250 vocentur
324 2195 355 2249 in
369 2190 497 2250 dubium.
513 2191 635 2250 Proinde
647 2199 802 2265 sequentes
816 2190 870 2250 bos

102 2295 229 2350 emanas,
255 2281 382 2353 binaque
405 2279 451 2338 bis
465 2281 575 2338 adnarm
590 2282 726 2354 opuscula
746 2297 762 2341 a
781 2296 867 2355 sups-

101 2370 194 2427 rloribus
209 2370 330 2429 discrevi
345 2387 353 2428 :
367 2376 520 2443 suppetunt
539 2370 616 2428 enim
638 2371 764 2428 rationes
785 2369 867 2427 dubi·

102 2456 157 2513 tandi
169 2456 199 2515 de
212 2466 338 2527 auctore,
365 2472 436 2530 quas
454 2457 525 2532 ipsis
540 2458 731 2532 praeligemus.
752 2460 813 2517 Nec
824 2465 867 2516 ta·

101 2560 148 2602 neo
166 2546 356 2604 beaomnino
376 2544 541 2619 rejicienda,
565 2553 613 2604 aut
641 2549 755 2620 penitus
778 2547 864 2605 omit-

101 2633 162 2690 tenda
175 2635 237 2693 mibi
252 2634 435 2705 videbantur,
447 2633 516 2691 dum
525 2643 596 2704 erat,
612 2636 661 2707 qui
676 2636 722 2693 illa
735 2635 866 2693 Francis·

102 2735 125 2778 to
138 2722 303 2783 adscriberet.
334 2723 452 2782 liliusna
473 2724 540 2794 sint,
557 2738 593 2782 aa
608 2724 735 2795 alterius,
754 2724 869 2783 lectoris

102 2811 286 2884 cupidiciam.

926 2549 1016 2607 l'crbn
1031 2550 1138 2609 Tbonte
1161 2552 1346 2623 desistentis,
1371 2551 1443 2611 aicit
1466 2557 1493 2611 ct
1519 2555 1715 2613 archidiaconi

957 2638 1077 2696 eccesie
1087 2639 1259 2697 celeratis
1272 2641 1378 2713 Epetii,
1390 2642 1448 2700 tiae
1462 2642 1584 2715 Spoleti,
1594 2643 1628 2702 dc
1636 2643 1720 2703 beato

957 2727 1299 2799 Franciscoproedicante.

956 2879 1020 2952 Ego
1035 2877 1160 2936 Thomas
1171 2878 1243 2938 civis
1258 2880 1433 2953 spalatensis
1455 2889 1483 2940 ct
1499 2880 1719 2943 archidiaconus

921 2964 1050 3039 eiusdem
1063 2967 1185 3025 civitatis
1200 2967 1373 3027 cathedralis
1386 2971 1526 3042 ecclesie,
1544 2986 1621 3029 anno
1637 2973 1717 3043 lano,

460 3053 481 3141 Ι
921 3054 951 3112 in
963 3053 1010 3113 die
1022 3055 1235 3130 assumptionis
1250 3057 1302 3115 liei
1321 3058 1482 3129 Genitricis,
1503 3058 1560 3118 vidi
1583 3061 1612 3120 S.
1626 3062 1715 3119 Fran·

920 3143 1029 3202 ciscum
1044 3144 1247 3217 predicantem
1261 3147 1407 3216 Bononle,
1420 3147 1449 3203 in
1464 3146 1525 3205 loro
1545 3155 1612 3211 ante
1624 3150 1715 3208 Sena·

123 3222 328 3285 SERMONES
352 3222 515 3285 BREVES
536 3225 573 3285 B.
596 3224 831 3286 FRANCISCI.

97 3370 179 3429 unna
198 3380 223 3431 et
247 3373 414 3432 testimonia
437 3373 471 3430 dc
497 3373 542 3430 bis
572 3373 744 3432 ermanhilt
771 3373 865 3447 dcqnc,

186 3461 213 3522 8.
233 3462 386 3521 armacani
399 3462 574 3520 sermonibus
593 3461 625 3519 in
637 3477 746 3535 ponere.

120 3584 214 3644 ldmibi
226 3585 427 3661 obrepitdubii
436 3586 511 3645 circa
525 3593 671 3644 auctorem
683 3588 863 3657 Sermonum,

96 3673 151 3744 tund
163 3677 247 3734 solum
267 3675 348 3750 apud
367 3674 543 3734 Lndoucum
559 3675 743 3733 liebolledum
758 3678 864 3735 Necte·

96 3761 171 3832 mum,
184 3780 237 3822 non
255 3772 316 3822 tam
336 3763 506 3833 secundum,
525 3779 611 3836 quam
626 3762 780 3822 iocundum
796 3779 863 3823 nos·

96 3853 176 3907 tantm
188 3867 280 3911 rarrtm
294 3851 543 3920 concinnatorem,
558 3866 609 3909 eas
626 3851 723 3908 videre
741 3852 862 3922 licuerit,

95 3936 134 4008 lp.
146 3954 250 3998 suorum
274 3941 493 4000 chronicorum.
513 3942 598 3999 iuvat
613 3939 702 3997 etiam
722 3941 862 4013 suspicio·

95 4036 143 4082 nem
161 4029 238 4087 nimis
253 4030 333 4088 culta
359 4035 389 4086 et
412 4035 526 4102 compta
555 4029 710 4101 Hispanico
739 4028 862 4101 phrasis,

95 4112 181 4174 uias
202 4117 395 4192 scriptoribus
414 4124 472 4174 tam
490 4124 584 4192 grata,
602 4132 688 4189 quam
704 4116 861 4188 familiaris,

96 4214 158 4271 trem
168 4220 219 4281 ego
234 4210 369 4266 Latinam
389 4204 508 4263 reddidi.
533 4207 688 4264 Plurimum
704 4212 801 4264 tamen
816 4222 861 4264 re·

920 3233 1027 3302 culum,
1042 3231 1091 3289 ubi
1105 3240 1163 3291 tota
1177 3247 1252 3305 pena
1271 3233 1372 3292 civitas
1385 3244 1568 3295 convenerat.
1583 3238 1646 3295 Fuit
1661 3252 1713 3295 au·

920 3328 978 3379 tem
997 3320 1146 3378 exordium
1168 3323 1312 3380 sermonis
1334 3322 1416 3395 ejus:
1432 3324 1547 3398 Angeli,
1570 3323 1716 3396 homines,

920 3409 1077 3468 demones.
1094 3411 1135 3467 De
1150 3408 1195 3467 his
1208 3418 1304 3468 autem
1317 3410 1464 3485 spiritibus
1477 3412 1516 3471 ita
1528 3412 1602 3471 bene
1614 3420 1642 3471 ct
1656 3413 1715 3473 dis·

919 3498 1008 3557 tincta
1023 3498 1180 3572 proposuit,
1196 3505 1226 3557 ut
1235 3499 1332 3557 multis
1342 3500 1500 3559 litterarum
1514 3502 1633 3560 scientia
1641 3518 1714 3576 pre·

919 3587 986 3646 ditis
998 3595 1028 3645 et
1039 3588 1147 3644 ornatis
1161 3587 1240 3657 viris,
1266 3588 1314 3660 qui
1334 3585 1462 3648 aderant.
1481 3589 1561 3648 lieret
1576 3601 1635 3648 non
1649 3607 1712 3650 mo·

919 3675 991 3733 dice
1017 3674 1213 3733 admirationis
1237 3689 1332 3732 sermo
1361 3673 1487 3736 hominis
1516 3676 1621 3736 idiote.
1647 3679 1712 3738 Non

918 3771 1016 3822 tamen
1043 3763 1106 3837 ipse
1131 3762 1248 3820 modum
1273 3763 1454 3837 predicantis
1481 3765 1630 3838 servabat,
1658 3768 1711 3828 sed

918 3852 1001 3926 quasi
1015 3852 1222 3922 concionantis,
1230 3851 1286 3909 boc
1300 3858 1353 3922 est,
1362 3853 1479 3911 dimissa
1494 3853 1593 3913 fucosa
1608 3864 1636 3913 et
1649 3872 1712 3931 spo·

918 3941 962 3998 cie
987 3939 1136 4014 splendida
1158 3940 1339 4013 eloquentia,
1358 3940 1516 4016 discipline
1537 3944 1714 4018 evangelice

918 4028 1201 4103 adpcrpendiculum
1221 4029 1308 4088 verba
1334 4044 1391 4088 non
1416 4031 1617 4105 componebat.
1638 4034 1713 4092 Nam

916 4125 975 4176 tota
998 4118 1061 4193 eius
1075 4118 1120 4177 vis
1134 4125 1164 4176 et
1181 4118 1333 4177 verborum
1355 4119 1418 4193 eius
1435 4121 1526 4178 series
1544 4120 1574 4180 in
1588 4120 1644 4180 boc
1655 4137 1714 4180 uno

916 4207 1094 4277 versabatur,
1121 4206 1158 4266 ad
1180 4207 1401 4281 restinguendae
1420 4207 1601 4280 hostilitates,
1620 4216 1649 4267 et
1676 4209 1714 4269 ad

94 4288 167 4352 dolen
177 4296 318 4355 Francisei
329 4295 490 4353 doctrinam
504 4294 700 4368 superioribus
714 4293 864 4369 opusculis
917 4296 997 4370 pacis
1009 4294 1115 4353 loedere
1132 4295 1312 4354 reformanda
1329 4313 1336 4354 :
1359 4297 1441 4370 cup’us
1455 4295 1570 4355 habitus
1581 4295 1714 4357 sordidus

95 4378 237 4443 adnotaum.
252 4384 431 4445 Crediderim
456 4382 535 4442 bunc
553 4399 591 4442 ex
616 4386 696 4442 vario
718 4385 863 4443 Francisci
916 4391 987 4453 erat,
1001 4383 1173 4453 minacitas,
1188 4391 1217 4442 et
1234 4398 1356 4458 persona
1379 4385 1610 4459 contemptibilis,
1624 4392 1653 4444 et
1666 4386 1710 4444 ia·

93 4465 200 4542 mamete
212 4472 265 4532 bos
276 4474 315 4533 nd
333 4488 418 4532 suum
429 4473 580 4546 ingenium
594 4480 622 4531 et
640 4473 744 4546 stylum
763 4472 861 4547 dispo·
915 4471 975 4530 cies
990 4471 1134 4530 indecore.
1155 4471 1210 4530 Sed
1223 4478 1331 4529 tantam
1349 4475 1425 4530 Deus
1442 4474 1537 4533 verbis
1550 4473 1625 4534 illius
1639 4490 1709 4533 con·

92 4559 161 4617 suite
181 4564 349 4632 Sermones3
377 4563 552 4636 multamque
574 4563 688 4620 lllorum
712 4562 861 4620 materiam
915 4561 978 4619 tulit
998 4559 1167 4630 efficaciam,
1191 4567 1219 4617 et
1239 4561 1378 4618 orationis
1398 4562 1519 4620 nitorem
1543 4562 1655 4634 inludit,
1680 4571 1712 4622 ut

92 4645 207 4709 lentisci
222 4667 296 4722 essa,
314 4652 521 4709 tormam‘vero
534 4658 563 4707 et
576 4650 792 4726 dispositionem
804 4652 858 4709 lte-
916 4650 1019 4707 multas
1028 4648 1173 4706 Nobilium
1181 4647 1320 4706 lectiones
1328 4649 1402 4707 inter
1409 4665 1441 4709 se
1452 4650 1637 4712 acerbissimo
1645 4651 1712 4711 odio

90 4731 178 4796 bdledi.
204 4743 272 4810 lice,
294 4739 372 4814 qaod
398 4738 434 4798 ad
453 4742 606 4799 Sermones
633 4740 747 4809 attinet,
771 4740 860 4797 ullum
915 4739 1076 4807 sevientes,
1096 4744 1124 4794 et
1147 4738 1290 4795 universe
1303 4738 1466 4813 reipublice
1478 4740 1712 4814 perniciemalie·

91 4831 141 4892 liii
154 4829 257 4888 calamo
272 4836 391 4888 notasse
414 4829 609 4898 Franciscum‚
624 4827 675 4886 sed
689 4829 767 4886 serio
786 4843 859 4901 pre·
914 4833 1021 4897 rentes,
1038 4824 1074 4883 ad
1088 4826 1168 4898 pacis
1182 4825 1365 4885 concordiam
1379 4835 1408 4886 et
1418 4830 1556 4888 unitatem
1568 4830 1652 4889 simul
1664 4828 1711 4888 de

90 4911 157 4971 ulsso
168 4919 301 4976 orationis
315 4925 346 4977 et
358 4931 449 4975 sacre
461 4918 613 4990 scripture
630 4916 725 4974 studio
745 4915 857 4975 serven·
914 4914 1039 4973 duceret.
1060 4916 1137 4988 Erga
1151 4916 1244 4988 ipsum
1258 4931 1328 4974 vero
1339 4924 1398 4974 tam
1413 4932 1519 4991 magna
1539 4926 1599 4975 orat
1614 4916 1706 4974 homi·

90 5004 121 5055 ter
137 5013 288 5072 smctasse.
310 5006 447 5079 quidquid
469 5006 590 5080 Spiritus
617 5004 751 5064 dictabat.
777 5008 860 5080 ipsas
913 5019 981 5061 num
993 5004 1084 5077 pietas
1099 5012 1128 5062 et
1141 5004 1400 5078 religio,utomnes
1412 5004 1448 5063 ad
1462 5021 1527 5063 eum
1543 5005 1710 5065 catervatim

88 5089 155 5148 tham
179 5095 347 5152 collationes
368 5096 538 5152 monasticas
559 5096 691 5167 superius
707 5095 857 5168 repositas,
912 5093 1104 5164 confluerent3
1125 5099 1154 5151 et
1175 5092 1290 5151 beatum
1316 5109 1348 5151 se
1373 5093 1555 5168 predicabat,
1580 5093 1709 5167 quisquis

88 5188 131 5234 aon
147 5188 198 5238 tam
219 5183 367 5253 chartulis,
391 5198 478 5257 quam
498 5183 701 5257 discipulorum
716 5184 858 5242 mantibus
913 5188 1011 5254 posset
1034 5182 1078 5239 vel
1102 5181 1244 5239 fimbriam
1272 5180 1435 5239 vestimenti
1461 5183 1523 5255 eius
1553 5183 1706 5256 attingere.

88 5271 288 5342 commendasse,
325 5271 496 5342 existimem,
532 5271 569 5330 ab
606 5272 719 5346 illisque
746 5272 858 5330 calamo
911 5272 985 5328 Nam
1001 5271 1080 5329 verbi
1093 5270 1145 5328 Dei
1167 5270 1378 5328 annuntiationi
1390 5270 1504 5328 assidue
1518 5285 1635 5344 operam
1654 5286 1706 5330 na·

88 5365 243 5428 acceptasset
260 5359 296 5418 ad
312 5376 365 5419 nos
378 5361 579 5433 transmissas3
595 5362 635 5419 utl
648 5368 677 5419 et
691 5359 727 5419 de
738 5361 855 5434 quibus·
911 5374 994 5430 vans,
1008 5366 1118 5418 tantum
1133 5357 1262 5433 proiecit,
1281 5365 1319 5416 ut·
1331 5358 1472 5416 innumeri
1488 5357 1620 5433 naufragi
1639 5375 1706 5433 pec·
1739 5383 1742 5390 ¹

88 5439 138 5500 dam
156 5447 316 5508 indubitatis
328 5450 389 5508 suis
411 5448 550 5523 Operibus
564 5465 632 5508 suos
648 5449 750 5508 iecisse
767 5450 853 5508 disci·
911 5456 1034 5518 catores,
1048 5448 1077 5504 in
1092 5448 1167 5505 viam
1181 5447 1298 5520 justitie
1313 5446 1474 5517 redeuntes,
1487 5448 1631 5521 gregatim
1646 5447 1708 5507 viro

89 5530 159 5602 illos,
175 5537 256 5595 refert
270 5538 431 5597 bernardus
444 5541 534 5611 Epist.
559 5540 602 5608 18,
619 5539 648 5596 in
672 5539 739 5597 irae.
762 5539 853 5598 Nihil·
911 5546 1022 5606 saneto,
1034 5551 1087 5593 ceu
1100 5536 1273 5609 peritissimo
1288 5541 1382 5592 naute
1393 5534 1582 5606 adherentes,
1596 5551 1612 5594 a
1624 5543 1704 5594 tene-

89 5620 179 5681 tminus
189 5640 324 5700 magnum
336 5628 431 5702 egisse
440 5627 655 5701 predicatorem
672 5629 855 5686 Franmscunr
910 5626 968 5684 bris
990 5624 1075 5698 hujus
1100 5623 1199 5681 mundi
1214 5625 1243 5680 in
1257 5623 1320 5696 ejus
1341 5623 1429 5698 puppi
1447 5625 1577 5683 securius
1593 5623 1629 5683 ad
1642 5627 1707 5684 coeli

89 5702 223 5770 iadirersis
238 5713 336 5774 mundi
357 5716 460 5789 plagis,
483 5716 593 5789 inipso
614 5715 692 5786 urbe,
714 5715 792 5774 orbis
804 5732 852 5774 ca·
910 5722 1022 5789 portam
1045 5715 1199 5772 transvecti
1214 5714 1279 5771 sint.
1299 5713 1518 5785 (Testimonium
1542 5712 1598 5772 boc
1619 5713 1707 5775 babet
