3950 6200
60 269 139 331 1241
443 270 552 332 rans
582 271 726 333 nnius.
747 302 787 318 -
807 272 1030 342 nxrosrno
1059 280 1104 344 nv
1132 277 1335 349 assinos.
1554 246 1558 247 ⁷
1636 290 1715 356 1212

61 425 158 488 retici
174 426 339 504 sanguine
352 428 432 489 Jesu
451 428 587 491 Christi.
610 432 712 494 Bruta
736 447 862 508 cogno·
914 439 1032 501 nectem
1058 445 1214 506 scientiar
1240 447 1328 519 bont,
1345 446 1379 509 et
1397 450 1481 510 mati
1495 463 1539 510 nc
1553 456 1714 515 concedas
1799 493 1802 497 .

60 525 185 586 verunt
197 547 206 600 ;
220 525 254 586 et
282 526 386 586 lsrael
413 541 481 610 non
514 529 669 603 cognovit
697 544 768 599 me,
793 530 860 592 imo
916 533 1012 614 (tien.
1026 540 1056 609 2,
1074 542 1112 600 16
1127 540 1160 601 et
1176 541 1240 621 17).
1257 544 1331 619 Ipse
1345 545 1576 621 transgressus
1592 549 1657 623 est;
1679 552 1714 612 et

61 636 267 697 cognoscere
291 622 413 697 noluit3
441 623 698 687 undeieremiae
715 626 759 705 (2,
781 627 858 707 31):
915 632 991 693 ideo
1019 635 1146 698 homini
1175 639 1327 702 exulanti
1363 658 1485 704 novum
1519 646 1713 720 paradisum

61 736 80 780 tt
96 719 265 797 Numquid
281 720 427 782 solitudo
443 721 551 782 lactus
564 739 638 783 sum
658 725 786 797 Israeli,
803 728 862 789 aut
916 730 1089 806 plantavit,
1105 736 1139 796 et
1156 735 1284 811 lignum
1298 738 1388 810 vitae,
1403 739 1534 802 scilicet
1545 742 1715 805 Christum

59 818 155 878 terra
182 818 351 878 serotinal
376 819 485 889 Quare
511 835 591 895 ergo
620 819 701 883 dicit
720 823 861 899 populus
916 830 950 891 in
966 846 1006 892 eo
1018 832 1139 907 posuit,
1152 834 1322 896 etmutata
1336 837 1504 899 sententia
1520 841 1713 902 mandatum

61 929 158 973 meus
175 935 183 973 ε
200 914 424 986 RecessimuS,
447 931 514 976 non
529 918 703 979 veniemus
716 919 804 980 ultra
819 920 860 980 ad
916 928 1017 996 dedit,
1039 929 1075 990 ut
1089 929 1129 990 de
1144 929 1204 991 illo
1225 933 1376 994 comedat
1391 934 1501 1006 homo,
1518 939 1553 997 et
1572 938 1663 999 vivat
1678 938 1714 999 in

60 1012 116 1072 tet
129 1028 148 1070 »
163 1011 258 1088 quasi
276 1012 365 1073 dicat
379 1033 386 1071 :
401 1012 478 1074 Ideo
490 1014 639 1081 recessit,
652 1015 728 1091 quia
743 1016 858 1087 credit,
917 1025 1089 1086 aeternum.
1116 1028 1304 1090 innotuisti
1318 1034 1362 1097 ct,
1379 1032 1511 1107 quando
1524 1048 1584 1109 per
1597 1038 1712 1111 Ange-

62 1109 151 1186 quod
167 1108 198 1170 ei
222 1108 423 1171 adhaerendo
447 1110 576 1171 nullum
598 1127 642 1173 ex
662 1127 702 1173 eo
717 1113 861 1175 fructum
917 1122 1214 1186 lnmnunciataest
1226 1126 1384 1188 nativitas
1396 1130 1591 1191 salvatoris.
1605 1134 1643 1193 In
1657 1132 1714 1194 do-

61 1205 222 1283 recipiat;
245 1208 280 1267 et
306 1206 342 1266 in
374 1208 489 1268 eodem
514 1207 560 1286 (2,
583 1207 635 1288 18)
653 1230 660 1269 :
676 1226 695 1269 s
710 1211 750 1272 Et
775 1228 863 1272 nunc
918 1235 971 1281 mo
989 1221 1187 1296 panisdatus
1204 1223 1255 1284 est
1269 1221 1365 1285 nobis
1380 1227 1476 1302 panis
1494 1228 1711 1302 Angelorum:

62 1303 143 1380 quid
156 1303 217 1365 tibi
231 1303 283 1364 vis
297 1302 332 1363 in
347 1305 402 1365 via
420 1306 568 1382 AEgypii,
586 1309 622 1369 ut
634 1306 729 1369 bibas
742 1324 863 1386 aquam
917 1317 1118 1388 investiatis,
1145 1318 1265 1395 inquit,
1290 1323 1470 1395 iterantem.
1509 1324 1622 1386 Infans
1648 1326 1712 1388 iste

61 1400 254 1462 turbidaml
268 1400 390 1479 etquid
404 1401 467 1463 tibi
479 1419 554 1463 oum
566 1404 622 1465 via
633 1406 861 1483 Assyriorum,
919 1430 1031 1476 senam
1044 1414 1163 1490 lactat;
1180 1419 1215 1478 ut
1229 1418 1318 1478 enim
1330 1419 1624 1496 dicitsugustinus
1637 1422 1684 1502 (2)
1702 1445 1710 1484 ε

62 1502 102 1559 ut
124 1496 220 1558 bibas
235 1514 356 1575 aquam
378 1498 578 1562 fluminist»
595 1503 631 1563 ln
653 1503 708 1565 via
731 1504 864 1581 quidem
919 1512 996 1574 Ideo
1010 1511 1148 1573 verbum
1163 1528 1242 1575 caro
1256 1514 1454 1588 factumest,
1469 1520 1505 1578 ut
1517 1518 1566 1579 sic
1580 1535 1714 1581 cresce-

62 1596 213 1672 AEgypti,
230 1595 317 1657 idest
330 1596 432 1673 hujus
445 1598 571 1671 mundi,
589 1615 687 1677 aqua,
705 1601 791 1663 idest
805 1601 865 1664 de·
919 1624 990 1671 rem
1004 1609 1045 1670 ad
1060 1625 1177 1686 panem
1191 1611 1392 1687 Angelorum
1407 1616 1463 1676 :ut
1475 1630 1594 1690 panem
1606 1620 1714 1692 Ange·

61 1691 200 1753 lectatio
214 1692 347 1754 turbida
363 1695 424 1765 est,
439 1695 518 1771 quia
534 1697 567 1757 et
578 1695 815 1771 turbationem,
831 1701 864 1761 et
918 1706 1028 1767 lorum
1055 1706 1272 1770 manducaret
1297 1708 1408 1783 homo,
1436 1711 1545 1786 ipsum
1568 1712 1713 1773 Verbum

63 1788 275 1865 iniquitatem
302 1791 440 1852 mixtam
465 1792 575 1854 hahet.
603 1797 642 1855 nt
655 1797 862 1869 transitoria,
919 1802 1042 1865 tactum
1055 1807 1105 1867 est
1117 1820 1207 1876 caro,
1224 1808 1329 1882 utper
1342 1822 1476 1869 carnem
1491 1810 1587 1885 panis
1602 1810 1715 1873 coeles-

64 1887 162 1962 quasi
188 1902 275 1964 aqua
300 1887 460 1959 fluminis,
488 1892 539 1951 est
562 1889 786 1967 fructificatio,
810 1894 864 1955 vel
919 1901 963 1961 tis
977 1903 1135 1964 transiret
1145 1902 1186 1963 ad
1199 1902 1354 1964 infantes.

65 1982 244 2044 delectatio
257 1983 469 2061 temporalib3
490 1988 651 2049 ettamen
674 2004 694 2049 a
713 1990 864 2051 carnali-

64 2079 128 2140 bus
144 2079 314 2155 diligitnr3
329 2080 416 2142 unde
435 2082 470 2142 in
487 2082 628 2144 Threnis
644 2082 688 2162 (4,
705 2084 738 2164 5)
750 2107 757 2144 :
771 2102 790 2145 t
802 2086 865 2158 Qui
1143 2080 1283 2142 SERMO
1315 2082 1478 2142 GCLXIX·

63 2176 291 2238 vescebantur
301 2178 513 2254 voluptuose,
527 2180 729 2243 interierunt
742 2182 777 2242 in
787 2183 863 2255 viis,

65 2274 100 2336 et
125 2274 184 2350 quq
211 2272 447 2335 nutriebantur
469 2277 511 2347 m
525 2277 664 2353 croceis,
683 2279 865 2356 amplexati
920 2249 1069 2320 Quomodo
1085 2254 1161 2309 Deus
1175 2253 1323 2311 inclinavit
1334 2254 1434 2324 coelos,
1448 2254 1591 2328 quomodo
1603 2257 1714 2330 planta·

64 2372 145 2433 sunt
159 2373 349 2442 stercora»
365 2372 451 2433 idest
464 2373 705 2436 immunditias.
1044 2341 1100 2413 ‘¹¹¹3
1115 2348 1145 2398 ⁶¹
1163 2341 1231 2412 qnid
1245 2342 1414 2415 meminus
1429 2358 1480 2415 lei
1494 2344 1590 2401 ⁰⁰3⁰&

108 2467 268 2544 seqnitur
281 2490 288 2527 ³
302 2468 371 2530 Aut
399 2473 480 2543 qnid
503 2471 555 2532 est
581 2473 673 2543 'mm
697 2476 863 2546 nomm&
921 2515 1076 2583 Dorntne,
1102 2513 1231 2573 inclina
1252 2517 1353 2573 coetos
1368 2513 1456 2584 tnos,
1477 2513 1511 2574 et
1530 2516 1718 2576 descende:

63 2568 148 2640 quta
167 2565 311 2638 reputas
330 2564 522 2674 commen
541 2567 626 2628 tanti
641 2567 736 2678 faci&
755 2571 791 2631 ut
805 2585 864 2631 Γθ·
933 2618 938 2625 “
961 2609 1063 2684 tange
1075 2610 1220 2680 montes,
1237 2609 1270 2670 ct
1281 2610 1510 2685 seminabunt.
1524 2607 1628 2688 (Psal.
1646 2613 1715 2684 113,

65 2661 863 2741 compensestNonenrmhomoredrmipoterat.
961 2704 1008 2785 5)

65 2758 176 2834 Digna
199 2759 309 2819 autem
338 2758 401 2821 fuit
429 2759 502 2821 haec
525 2763 803 2838 recompensatio,
834 2766 867 2825 et

67 2871 230 2932 congrua.
246 2855 351 2917 Adam
362 2857 450 2917 enim
461 2858 590 2919 medius
603 2859 692 2921 inter
704 2862 819 2933 Deum,
835 2862 867 2923 et
962 2857 1141 2919 Inclinavit
1164 2860 1251 2919 Deus
1275 2859 1388 2930 coelos,
1412 2860 1446 2920 et
1467 2861 1719 2921 exinanientes

67 2953 250 3020 hominem,
280 2953 359 3030 quia
387 2953 494 3016 iactus
522 2957 572 3017 est
591 2956 742 3018 mortalis
758 2955 817 3036 (1),
835 2958 869 3019 et
921 2958 1073 3029 foratam
1098 2959 1195 3017 seret
1220 2959 1392 3030 accipiens
1408 2953 1547 3033 (Philip.
1562 2958 1594 3029 2,
1610 2956 1655 3034 7).
1672 2959 1719 3018 De

67 3049 280 3112 immortalis.
292 3048 423 3112 Medius
433 3053 869 3129 ergointerDeumimmor-
923 3067 987 3130 qua
1014 3051 1243 3123 inclinatione,
1271 3052 1368 3113 Isaiae
1396 3050 1461 3129 (51,
1476 3051 1530 3131 26)
1550 3073 1558 3113 z
1581 3055 1649 3115 snb
1665 3051 1716 3132 (3)

68 3147 184 3222 talem,
200 3150 233 3210 et
251 3148 422 3209 hominem
444 3151 629 3222 mortalem,
647 3149 868 3213 obedientiam
922 3152 1047 3210 umbra
1066 3162 1194 3208 matins
1207 3162 1295 3208 mccc
1306 3149 1448 3222 proteat
1468 3149 1512 3221 te,
1534 3150 1574 3209 ut
1584 3151 1720 3223 ptcntcs

68 3231 269 3322 postposuit,
286 3246 319 3306 et
337 3246 412 3322 post
426 3261 500 3307 eam
522 3249 661 3308 mortem
680 3248 866 3319 incurrens,
923 3248 1035 3316 coetos,
1051 3246 1084 3305 et
1105 3247 1229 3317 fundes
1242 3246 1388 3306 terram.
1405 3244 1513 3306 Coelos
1529 3245 1717 3317 inclinavit,

69 3341 264 3403 hominibus
279 3343 419 3403 mortem
439 3343 582 3405 induxit.
605 3344 666 3405 Dei
681 3346 792 3406 autem
809 3345 869 3405 Fi·
924 3342 1056 3419 quando
1071 3339 1173 3401 coelos
1188 3340 1362 3417 plautavit.
1376 3342 1467 3412 Quod
1487 3341 1668 3418 plantatur,
1683 3343 1719 3403 in

69 3439 149 3510 lius,
174 3454 431 3515 recompensare
456 3440 572 3501 volens
595 3440 763 3514 damnum,
783 3442 869 3518 quod
924 3444 1013 3502 terra
1042 3438 1222 3516 plantatur.
1258 3438 1383 3499 (ioelum
1421 3454 1500 3514 ergo
1538 3440 1719 3516 plantatur,

68 3536 198 3610 intulit,
214 3551 288 3597 cum
303 3536 444 3613 aequalis
459 3538 636 3606 essetDeo,
649 3539 739 3599 inter
752 3541 867 3610 Deum,
925 3533 1498 3615 quandoDivinitasincarnalur(4).
1509 3539 1616 3599 Coetos
1627 3537 1721 3614 plan·

71 3635 106 3695 et
115 3633 285 3693 hominem
295 3648 356 3709 per
365 3648 501 3694 carnem
509 3636 714 3711 assumptam
725 3634 869 3696 medium
924 3635 1019 3708 tavit,
1033 3635 1066 3694 et
1084 3635 1220 3694 terram
1234 3632 1396 3705 fundavit,
1424 3633 1553 3695 scilicet
1572 3650 1718 3696 carnem.

70 3745 108 3791 se
122 3729 211 3802 fecit,
236 3730 269 3790 et
284 3729 507 3791 obedientiam
522 3732 758 3808 praeponendo,
770 3748 869 3793 -mor-
925 3732 1071 3793 Plantati
1086 3731 1164 3792 sunt
1182 3731 1269 3801 coeli,
1283 3730 1337 3792 vel
1348 3731 1501 3792 inclinati
1515 3731 1550 3791 in
1566 3734 1722 3794 incarna-

69 3828 138 3890 tem
156 3827 309 3898 incurrit,
334 3842 394 3903 per
409 3842 508 3904 quam
529 3827 570 3888 ad
585 3829 870 3891 immortalitatem
924 3830 1016 3891 tione
1041 3850 1049 3888 ε
1077 3827 1215 3889 lundata
1248 3829 1299 3889 est
1323 3828 1477 3889 terrain
1505 3828 1719 3890 ascensione.

70 3924 225 3985 homines
246 3924 391 3984 reduxit.
926 3925 1079 3999 Quandiu
1090 3925 1179 3986 enim
1190 3924 1345 3996 vivimus,
1356 3926 1503 4002 quandiu
1516 3942 1595 3987 caro
1608 3927 1722 3988 nostra

113 4020 270 4098 Sequitur
287 4042 294 4080 ε
311 4021 500 4082 innotuisti
525 4024 579 4094 et,
605 4023 683 4098 quia
707 4024 873 4098 apparent
927 4025 961 4085 in
975 4024 1098 4085 mundo
1113 4024 1277 4094 versatur,
1292 4022 1377 4090 huit,
1390 4023 1561 4084 etdeiluit
1573 4026 1653 4083 Cum
1667 4039 1724 4085 au·
1827 4029 1829 4036 '

70 4118 275 4194 benignitas,
300 4118 544 4180 cthnmcnttcs
555 4120 748 4181 Sctcctorts
760 4121 873 4181 nostri
925 4123 992 4183 tem
1014 4124 1198 4195 raptemur
1218 4122 1354 4181 obviam
1372 4121 1507 4181 Christo
1522 4124 1558 4180 tn
1572 4134 1669 4191 cera,
1689 4121 1724 4181 et

72 4218 138 4276 Det
154 4212 231 4292 (Tit.
249 4216 279 4285 3,
297 4213 343 4291 4).
363 4214 498 4276 Homini
524 4215 632 4291 primo
655 4216 808 4277 instituto
836 4218 872 4277 in
926 4222 976 4282 stc
985 4233 1125 4291 semper
1138 4232 1217 4278 ccam
1231 4220 1377 4277 Domino
1397 4220 1529 4277 erimns
1544 4213 1674 4294 (Thess.
1690 4220 1721 4287 4,

71 4310 870 4389 paradisomandatum‚etprohihitionemdedit:
928 4314 992 4394 16),
1013 4316 1092 4375 tunc
1105 4313 1197 4374 terra
1213 4316 1340 4384 nostra,
1364 4312 1452 4373 idest
1466 4327 1544 4372 caro
1563 4309 1723 4372 fundabi-

73 4413 125 4470 Dc
140 4410 234 4469 mant
251 4409 344 4484 ttqrto
363 4411 521 4481 paradisi
541 4412 873 4486 concatenatione
926 4413 993 4487 tur,
1009 4413 1046 4472 ut
1060 4410 1210 4471 effundat
1222 4409 1307 4486 quod
1319 4408 1429 4481 babet,
1446 4411 1479 4471 et
1491 4409 1626 4471 hauriat
1637 4410 1723 4487 quod

112 4583 459 4652 (1)Fcctuscstmortatis,
468 4588 520 4641 etc.
532 4586 559 4642 S.
575 4585 766 4658 Augustinus,
775 4583 825 4642 lib.
835 4586 873 4643 vt
965 4583 1006 4655 (2)
1027 4585 1069 4640 En
1083 4581 1191 4639 Euanl
1206 4582 1234 4637 in
1247 4581 1321 4638 Pssl.
1335 4580 1380 4648 32,
1389 4596 1467 4638 uum.
1480 4582 1507 4650 6,
1520 4589 1549 4639 et
1559 4581 1588 4638 iu
1601 4584 1646 4639 Ps.
1660 4582 1723 4650 131,

74 4652 267 4711 chenesiad
283 4653 323 4708 lit.
339 4668 403 4723 cap.
419 4654 466 4720 it,
493 4669 586 4728 agens
600 4655 636 4712 de
656 4655 726 4712 Adae
741 4670 873 4727 corpore,
929 4668 1009 4710 num.
1020 4654 1047 4722 5,
1066 4660 1094 4709 et
1114 4667 1149 4709 ex
1162 4654 1252 4712 Serm.
1266 4653 1300 4708 97
1312 4650 1349 4708 de
1362 4651 1440 4708 verb.
1465 4653 1517 4710 Ev.
1533 4655 1600 4711 tel
1619 4652 1668 4720 (al.
1685 4653 1721 4708 38
1847 4703 1850 4708 ,

75 4725 134 4780 ait:
153 4744 164 4772 ‹
182 4719 337 4788 illudente
357 4732 518 4794 peccatum,
539 4733 567 4782 et
581 4727 700 4783 mortale
716 4724 874 4783 secundum
929 4724 965 4781 de
977 4724 1055 4780 verb.
1073 4726 1181 4791 llum),
1198 4737 1276 4778 num.
1293 4722 1337 4779 16.

75 4795 173 4860 uliam,
190 4800 219 4848 et
233 4792 394 4849 immortale
405 4795 562 4851 secundum
586 4796 673 4851 aliam
688 4810 805 4852 causam
819 4795 875 4852 dici
966 4794 1008 4865 (3)
1028 4794 1114 4864 vulg.
1132 4809 1139 4849 ε
1156 4795 1198 4850 ln.

76 4869 189 4937 poterat
206 4877 214 4932 ².
230 4862 303 4918 idest
316 4864 525 4934 mortaleque
540 4872 649 4936 poterat
659 4867 740 4931 mori,
755 4868 872 4921 immor·
966 4864 1008 4934 (l)
1022 4863 1138 4930 Quando
1149 4863 1285 4919 diuinitas
1303 4863 1489 4927 incarnatum
1500 4861 1582 4931 idest,
1593 4876 1658 4919 cum
1673 4863 1722 4918 Dr-

74 4932 876 5006 tatequiapoteratuonmori.Atiudestcnimnonposse
929 4935 1036 4991 vinitas
1061 4948 1111 5006 por
1132 4933 1339 5005 hypostaticam
1362 4931 1446 4988 Verbi
1468 4933 1604 4987 unionem
1623 4934 1726 5002 juncta

75 5004 151 5061 mori
176 5003 251 5059 sicut
271 5002 412 5075 quasdam
427 5013 544 5061 naturas
563 5005 739 5062 immortales
768 5006 877 5062 creavit
930 5007 987 5077 snit
997 5004 1179 5069 lamentati,
1191 5005 1230 5060 uti
1245 5001 1355 5058 dixerat
1368 5004 1505 5058 Sermone
1516 5003 1595 5071 CLV,
1605 5010 1634 5058 et
1646 5004 1722 5059 alibi.

77 5079 174 5133 Dens:
192 5072 268 5128 eliud
298 5081 342 5130 est
363 5082 458 5131 autem
488 5089 571 5147 posse
593 5089 650 5131 nou
670 5073 753 5146 mori,
772 5090 875 5133 secun·
933 5076 985 5133 llic
1001 5083 1094 5132 autem
1109 5074 1206 5131 alludit
1221 5071 1256 5129 ad
1272 5072 1460 5144 praecedentia
1481 5073 1608 5143 Apostoli
1627 5073 1725 5138 verbs,

77 5147 146 5203 dum
183 5156 248 5199 uem
268 5143 506 5216 modumprimus
527 5144 798 5202 ereatusesthomo
821 5147 875 5202 im·
932 5145 1034 5218 quihus
1060 5144 1203 5200 inhaerens
1224 5143 1310 5199 etiam
1335 5143 1434 5198 Glossa
1456 5142 1517 5199 ord.
1541 5144 1600 5200 ait:
1619 5165 1630 5193 ‹
1648 5145 1728 5200 lunc

77 5157 352 5294 mortaliquuodei
368 5215 555 5285 prestabatur
568 5214 604 5270 de
627 5215 707 5287 ligno
728 5216 803 5283 vitas,
821 5230 877 5272 non
933 5216 1064 5283 innotuit,
1080 5212 1194 5286 quando
1207 5215 1370 5294 incarnatus
1388 5227 1424 5283 ep
1445 5215 1527 5294 aruit.
1545 5214 1655 5293 inclina
1667 5227 1727 5269 coe·

78 5286 115 5344 de
144 5290 348 5341 constitutione
374 5292 481 5342 naturae
497 5302 504 5342 :
522 5300 538 5341 a
558 5299 614 5355 quo
628 5285 708 5358 ligno
729 5294 879 5357 separatus
933 5288 986 5354 los,
1011 5287 1075 5356 quia
1099 5284 1172 5352 haec,
1193 5285 1246 5340 nist
1268 5283 1402 5364 inclinata
1417 5229 1579 5351 divinitate,
1596 5282 1728 5338 horinon

77 5365 123 5416 est
146 5370 213 5412 cum
240 5361 397 5425 peccasset,
411 5362 442 5411 ut
457 5361 554 5427 posset
566 5357 649 5424 morl,
665 5356 714 5427 qui
731 5356 787 5413 nisi
810 5371 876 5429 pec·
933 5362 1074 5428 poterant.
1090 5355 1219 5412 inclinati
1230 5361 1296 5410 sunt
1310 5354 1384 5421 cmlv,
1401 5352 1515 5425 quando
1531 5353 1659 5409 honoret
1670 5355 1728 5409 vir·

78 5432 175 5485 cesset
187 5431 286 5495 posset
295 5439 351 5480 non
366 5426 449 5481 mori.
461 5426 589 5484 llortalis
608 5439 679 5498 ergo
698 5432 759 5481 eret
777 5426 877 5483 condi·
934 5435 979 5484 tus
998 5438 1187 5497 supernorum
1205 5424 1240 5480 ed
1256 5424 1400 5480 hominem
1416 5422 1573 5490 descendit,
1594 5431 1622 5479 et
1637 5421 1728 5480 torma

78 5494 313 5624 doneccorporis
332 5496 475 5563 animalis,
493 5495 661 5553 immortalis
680 5502 775 5552 autem
797 5498 880 5553 bene
934 5497 986 5553 [tei
1002 5494 1122 5552 formam
1138 5496 1211 5552 servi
1229 5495 1388 5566 suscepit.»

80 5570 146 5627 licio
185 5572 339 5622 rectoris.»
