3950 6200
1737 9 1767 10 *⁷⁷
1820 20 1823 27 t

112 208 163 269 tal
482 205 591 269 PARS
622 204 766 264 PRIMA.
787 234 826 247 -
848 203 1068 265 EXPOSITIO
1097 203 1142 265 IN
1170 203 1373 265 PSALMOS.
1693 207 1753 268 822

110 369 194 429 11111
207 326 630 438 murzduscructstccccccal,
644 365 678 424 ct
697 377 758 439 epo
773 364 900 423 meando
954 362 1139 438 acceperim
1164 363 1197 424 et
1222 362 1371 439 loquitur
1394 363 1435 424 de
1455 362 1526 435 illo,
1539 352 1609 441 'qui
1631 365 1752 429 merito

111 462 193 541 (Gal.
206 464 237 523 6.
253 460 318 539 11).
333 462 414 521 Item
438 460 762 531 mannarohoratur,
780 458 902 520 atsoli-
956 462 1093 521 suorum
1115 476 1253 537 operum
1276 460 1372 523 debet
1405 464 1472 525 Deo
1501 463 1668 539 acceptus,
1698 464 1753 524 in-

110 561 206 621 datur
229 560 270 620 ad
288 558 410 635 ignem,
437 561 469 620 61
494 558 623 635 liquefit
640 558 680 617 ad
699 557 802 618 solem
820 574 826 611 :
846 558 900 616 Sic

108 658 164 719 bei
178 656 529 733 sapientiarohoratur
544 655 716 717 incamiuo
728 655 901 731 pauperta-

106 757 158 826 tis,
180 756 215 816 et
242 754 372 831 liquefit
397 754 438 814 ad
467 753 705 814 abundantiam
732 754 901 829 tempora-

106 854 199 914 lium.

145 950 307 1026 Sequitur
324 971 331 1008 :
346 949 488 1010 «Estote
504 948 599 1024 quasi
617 945 768 1008 columba
784 946 899 1007 611111-

107 1064 185 1108 cans
198 1048 231 1107 in
246 1063 373 1108 summo
389 1062 447 1107 ore
460 1045 845 1107 foraminis.»Foramen
859 1044 902 1105 is-

106 1145 159 1208 tud
175 1148 229 1206 est
241 1145 362 1205 vulnus
388 1145 423 1205 in
447 1144 553 1206 latera
575 1142 709 1215 Christi,
724 1142 842 1218 dequo
865 1142 900 1202 in

106 1243 252 1303 canticis
265 1242 311 1321 (2,
334 1244 372 1303 13
387 1244 420 1303 et
436 1241 486 1320 14)
504 1263 512 1301 :
530 1243 646 1317 Surge,
667 1256 899 1318 propera-co·

105 1340 216 1401 lumba
231 1355 318 1410 mea,
333 1340 441 1399 amica
455 1355 540 1411 mea,
568 1354 691 1414 sponsa
705 1336 753 1417 (1)
769 1353 854 1409 mea,
868 1339 902 1399 et

105 1438 177 1498 reni
193 1438 229 1497 iu
247 1436 466 1497 foraminibus
495 1437 608 1512 petrae,
627 1437 663 1495 in
676 1451 819 1497 caverna
835 1450 902 1495 ma·

106 1535 214 1594 ceriae.
230 1533 383 1594 Christus
398 1533 487 1595 enim
509 1548 576 1593 non
592 1532 699 1593 solum
715 1547 750 1593 se
767 1530 826 1610 (2),
843 1530 900 1592 sed

106 1631 204 1693 etiam
217 1630 320 1702 latus,
332 1631 366 1692 et
377 1629 602 1691 corcolumbae
612 1630 754 1705 aperuit,
765 1629 801 1691 ut
808 1644 844 1689 se
854 1629 901 1689 ibi

106 1727 334 1798 absconderet,
351 1729 384 1789 et
394 1727 661 1788 machinamenta
672 1726 795 1787 diaboli
810 1742 902 1788 corn-

105 1824 339 1901 prehenderet.
356 1825 485 1885 Dicitur
507 1824 620 1895 etiam,
642 1823 728 1900 quod
754 1821 902 1884 nidificet

104 1923 137 1983 in
151 1938 283 1983 summo
298 1937 356 1983 ore
369 1921 554 1983 foraminis
568 1923 638 1983 Hoc
659 1922 748 1982 enim
763 1920 902 1982 torami-

104 2019 155 2081 uis
178 2036 226 2092 os,
259 2019 391 2096 quoad
417 2035 479 2081 nos
508 2018 665 2096 loquitur,
688 2020 738 2079 661
764 2018 900 2093 sanguis

105 2117 238 2189 Christi,
269 2118 326 2195 qui
360 2116 529 2195 loquitur3
556 2116 643 2177 unde
672 2115 713 2176 ad
742 2115 901 2177 Hehraeos

105 2214 168 2291 (12,
189 2217 230 2275 24
246 2217 280 2276 et
295 2213 350 2293 25)
364 2237 370 2273 :
388 2213 620 2277 «accessistis
643 2214 685 2275 ad
705 2214 782 2275 novi
798 2214 902 2275 testa-

105 2312 206 2374 menti
221 2312 440 2373 mediatorem
459 2313 584 2383 Jesum,
602 2312 635 2373 61
650 2309 825 2386 sanguinis
839 2326 899 2371 as-

105 2410 292 2486 persionem
315 2408 435 2470 melius
466 2409 654 2486 loquentem
676 2423 774 2485 quam
798 2407 898 2480 Abel;

104 2505 898 2584 quoniamsanguisAbelloquebaturvtudictam,

105 2604 240 2680 sanguis
255 2620 337 2666 vero
353 2603 488 2676 Christi,
506 2604 790 2677 misericordiam
812 2603 900 2665 unde

106 2701 257 2763 subditur
273 2723 281 2761 ε
297 2702 415 2762 Videte
442 2717 484 2763 ne
505 2702 668 2763 recusetis
683 2699 872 2778 loquentem
890 2718 898 2761 :

105 2799 160 2861 sed
183 2800 217 2859 in
248 2814 378 2860 summo
393 2814 451 2860 ore
470 2799 650 2870 niditlcate,
675 2799 806 2860 scilicet
825 2814 899 2859 cum

105 2896 269 2958 columba.
287 2896 352 2958 Sed
362 2896 480 2973 dequo
490 2896 605 2956 nidum
620 2896 798 2958 iaciemus?
813 2899 898 2974 Ipse,

106 2995 254 3070 iuquam,
280 2994 433 3054 Christus
450 2994 618 3055 ministrat
646 2993 742 3055 nohis
763 2993 898 3068 laeuum,

105 3092 191 3153 uude
210 3092 327 3154 nidum
356 3090 467 3152 iacere
493 3107 694 3169 possumus:
711 3093 785 3169 Ipse
810 3093 900 3156 enim

106 3189 212 3252 iactus
227 3205 319 3262 caro,
337 3189 443 3252 tactus
467 3191 518 3251 est
543 3189 680 3264 loeuum,
702 3190 799 3252 nobis
813 3207 901 3266 prae-

106 3286 186 3349 bens
200 3287 390 3364 exemplum
406 3287 623 3364 paupertatis,
640 3286 850 3361 humilitatis,
868 3289 902 3349 et

105 3384 307 3462 hujusmodi.
326 3385 381 3445 Sic
397 3399 478 3461 ergo
500 3385 557 3460 qui
577 3384 668 3447 dedit
681 3384 776 3446 nobis
791 3385 900 3446 locum

106 3481 310 3553 nidificandi,
324 3480 413 3542 dedit
426 3485 459 3544 et
474 3482 609 3553 loeuum,
626 3481 816 3557 exemplum
828 3483 899 3544 sci-

105 3578 182 3641 licet
201 3579 481 3651 mausuetudinis,
499 3581 532 3641 et
548 3579 759 3642 humilitatis.

366 3857 505 3916 sanilo
527 3856 639 3916 XCIX.

107 4006 194 4075 Quam
208 4003 574 4076 161661611116611161661166
585 4001 812 4068 ioeneratoris‚et
824 4003 899 4075 quod

141 4110 175 4150 ex
199 4095 296 4150 multis
320 4093 392 4150 locis
415 4093 566 4165 Scripturas
598 4107 688 4149 sacrae
714 4098 808 4165 potest
832 4106 897 4165 per·

142 4182 236 4255 pendi.

106 4329 182 4388 Non
196 4329 318 4402 defecit
327 4330 368 4387 de
377 4326 501 4499 [(1161616
514 4329 589 4398 ojus
603 4341 724 4498 αζιινα,
740 4326 775 4386 61
790 4328 896 4387 dolos.

400 4420 487 4480 Psal.
505 4421 554 4490 54,
573 4421 621 4479 12.

145 4556 247 4626 Quam
267 4552 473 4614 detestabilis
497 4553 542 4613 sit
567 4551 728 4629 iniquitas
748 4550 897 4612 foenera-

106 4652 197 4724 toris,
214 4668 257 4713 ex
269 4650 384 4711 multis
401 4650 484 4711 locis
500 4664 605 4709 sacrae
631 4649 812 4723 Scripturas
836 4663 899 4724 po·

105 4752 168 4810 test
185 4748 355 4826 perpendi.
381 4747 564 4808 Ezechielis
578 4745 642 4824 (18,
664 4744 698 4824 8)
726 4766 733 4804 ε
757 4763 775 4804 c
799 4746 835 4805 Si
856 4745 898 4805 ad

107 4862 241 4910 usuram
252 4862 318 4906 non
332 4844 603 4914 commodaverit,
622 4842 811 4919 etamplius
831 4858 897 4903 non

80 5019 85 5027 ,
142 4969 182 5040 (1)
202 4968 287 5040 Vulg.
306 4966 470 5040 :speciosa

143 5040 181 5111 (1)
201 5041 264 5096 1166
279 5038 371 5094 solum
384 5051 427 5104 se,
442 5045 496 5093 etc.
508 5036 638 5094 Christus
649 5049 706 5091 non
721 5035 815 5092 solum
831 5049 897 5106 ape·

106 5111 160 5165 ruit
173 5124 204 5165 sc
220 5110 324 5181 ipsunt,
341 5107 408 5164 dum
424 5106 539 5164 brachia
550 5105 678 5165 extendit
692 5106 721 5163 in
735 5120 830 5172 cruce,
847 5105 897 5163 sed

107 5180 190 5237 etiam
206 5181 290 5247 latus,
306 5185 335 5235 et
346 5193 395 5234 cor
407 5177 473 5236 dum
489 5179 588 5235 lancea
602 5176 732 5249 transfigi
748 5185 898 5248 utrumque

107 5252 242 5323 permisit,
259 5258 289 5306 ut
303 5248 433 5306 columba
445 5249 524 5306 ibice
540 5247 736 5305 absconderet.

143 5323 181 5391 13)
202 5320 262 5379 Lib.
280 5322 329 5377 Vl.
345 5320 535 5377 commentar.
553 5320 581 5375 in
594 5335 619 5374 c.
634 5319 668 5376 18
696 5316 799 5374 Erech.

144 5394 181 5464 11)
202 5391 345 5462 intellige,
362 5404 477 5446 usuram
488 5392 595 5456 vocari,
611 5390 709 5445 61616
725 5387 808 5445 editis
822 5387 895 5460 legi-

109 5469 152 5518 tur
167 5481 173 5520 ε
189 5464 314 5519 «Putant
329 5460 455 5531 quidam,
470 5475 585 5516 usuram
602 5465 711 5516 tantum
727 5473 793 5515 esse
805 5458 834 5515 iu
847 5473 896 5531 pe·

107 5537 197 5591 cunia
216 5531 296 5602 Quod
316 5530 474 5602 previdens
492 5529 633 5601 Scriptura
650 5529 744 5586 divina
760 5530 839 5585 omni
857 5530 896 5586 rei

956 573 1063 618 nuens
1089 574 1246 633 magnum
1273 558 1395 619 honum
1424 575 1515 632 esse,
1543 576 1676 621 cessare
1711 561 1753 623 ab
1818 554 1820 561 ’

956 670 1075 729 usura3
1093 656 1169 717 etin
1186 656 1301 717 eodem
1313 657 1465 733 sequitur
1476 656 1541 736 (18,
1556 657 1607 736 11)
1622 680 1629 718 :
1643 660 1754 720 61166-
1842 695 1849 707 ·

955 768 1040 819 ram,
1062 753 1095 814 et
1121 753 1462 829 superabundantiam
1485 770 1552 817 uon
1567 756 1750 832 acceperim

955 848 1013 910 ubi
1028 850 1108 912 dicit
1120 850 1342 926 Hieronymus
1356 850 1403 930 (3)
1419 852 1603 928 :intellige
1615 866 1752 914 usuram

954 947 1070 1009 vocari
1087 946 1134 1026 (4)
1148 947 1511 1024 superabundantiam,
1538 950 1626 1011 idest
1653 950 1753 1025 quid-

956 1045 1035 1121 quid
1059 1047 1120 1112 est,
1145 1046 1173 1105 si
1189 1045 1230 1107 ab
1255 1060 1307 1118 eo,
1325 1047 1411 1122 quod
1432 1046 1572 1119 dederit,
1598 1047 1749 1123 6166661.

956 1142 996 1204 Et
1016 1143 1254 1205 attendendum
1278 1143 1365 1220 quod
1396 1144 1537 1216 dicitur,
1566 1147 1750 1218 qzctdqutd,

955 1240 1043 1302 idest
1057 1256 1254 1318 quocunque
1266 1242 1401 1305 nomine
1417 1241 1597 1303 loenorator
1609 1241 1753 1318 illudap·

956 1338 1071 1414 pellat,
1088 1338 1175 1415 quod
1192 1339 1279 1400 ultra
1292 1342 1418 1401 sortem
1430 1340 1561 1415 recipit,
1578 1339 1663 1400 idest
1682 1334 1753 1401 sive

955 1436 1091 1496 nomine
1117 1435 1348 1513 eleemosynas,
1372 1436 1444 1497 sive
1468 1436 1602 1497 nomine
1626 1436 1753 1498 carita-

955 1532 1011 1603 tis,
1023 1548 1125 1593 usura
1140 1533 1201 1593 est.
1220 1535 1300 1595 item
1312 1533 1397 1610 quod
1419 1549 1522 1595 usura
1542 1533 1587 1594 sit
1609 1533 1753 1595 homici-

957 1628 1060 1701 dium,
1083 1629 1243 1691 habemus
1263 1630 1297 1691 in
1321 1630 1558 1693 Ecclesiastico
1579 1627 1643 1707 (34,
1666 1628 1751 1709 25):

956 1743 974 1785 6
995 1727 1096 1787 Panis
1119 1728 1299 1803 egentium,
1321 1726 1391 1790 vita
1414 1729 1571 1805 pauperis
1592 1726 1639 1805 (5)
1670 1728 1751 1788 est:

957 1823 1014 1899 qui
1029 1823 1117 1885 hunc
1128 1823 1313 1892 defraudat,
1327 1826 1380 1886 vir
1392 1824 1441 1904 (6)
1462 1825 1636 1901 sanguinis
1657 1824 1718 1886 est.
1734 1838 1753 1884 a

957 1922 1039 1983 Item
1053 1922 1138 1999 quod
1152 1923 1196 1983 sit
1210 1922 1345 1994 lurtum,
1362 1939 1406 1985 ex
1420 1923 1646 1999 descriptione
1673 1920 1752 1983 furti

956 2018 1073 2081 haberi
1089 2022 1207 2096 potest.
1231 2022 1368 2083 Furtum
1391 2021 1480 2082 enim
1505 2023 1557 2081 est
1577 2018 1752 2096 occupatio

956 2116 1007 2177 rei
1021 2117 1141 2178 alienae
1152 2118 1257 2179 invito
1272 2118 1417 2181 domiuo.
1437 2120 1518 2180 ltom
1533 2117 1695 2179 hahemus
1710 2115 1751 2179 de
1857 2124 1860 2131 ’

955 2214 1027 2285 1116,
1044 2216 1101 2292 qui
1114 2214 1249 2289 collegit
1261 2215 1353 2290 ligna
1377 2215 1412 2276 in
1431 2215 1485 2277 die
1504 2213 1645 2285 sabbati,
1663 2212 1750 2290 quod

955 2314 1091 2389 propter
1109 2311 1353 2375 observationis
1376 2312 1500 2373 sanctae
1526 2310 1655 2372 sabbati
1677 2325 1751 2371 mo-

956 2409 1088 2471 lestiam
1109 2409 1258 2485 graviter
1281 2410 1417 2486 punitus
1439 2410 1501 2481 est,
1524 2408 1664 2470 Domino
1688 2410 1749 2484 ju-

954 2505 1064 2574 bente,
1087 2508 1120 2569 61
1144 2507 1275 2571 dicente
1301 2528 1308 2567 :
1334 2508 1441 2568 Morte
1462 2506 1626 2568 moriatur
1650 2504 1750 2567 homo

955 2604 1031 2675 iste,
1072 2604 1191 2666 obruat
1214 2620 1290 2665 eum
1320 2603 1488 2681 lapidibus
1517 2602 1626 2666 omnis
1651 2600 1751 2664 turha

956 2699 1069 2780 (Num.
1092 2703 1142 2773 15,
1165 2699 1231 2779 35).
1258 2700 1294 2762 Si
1320 2716 1400 2776 ergo
1421 2701 1557 2777 propter
1580 2698 1753 2761 collectio*

955 2813 1031 2858 nem
1046 2798 1213 2873 lignorum
1238 2798 1292 2859 dle
1311 2797 1441 2859 sabbati
1460 2798 1509 2859 ita
1522 2797 1671 2872 graviter
1683 2811 1750 2874 pu·

956 2897 1047 2958 uitus
1061 2896 1113 2959 est
1126 2895 1225 2961 homo
1239 2895 1298 2958 ille
1314 2916 1322 2955 :
1340 2895 1418 2972 quid
1433 2895 1498 2957 erit
1521 2894 1562 2955 de
1582 2893 1750 2964 usurario,

956 2993 1012 3071 qui
1028 3009 1159 3055 marcas
1175 2993 1308 3068 argenti
1335 2992 1474 3068 colligit,
1504 2992 1538 3054 et
1561 2990 1752 3068 hujusmodi

956 3090 1110 3156 omnihus
1134 3088 1251 3153 diebus
1276 3089 1428 3153 166116161
1450 3088 1573 3151 Saltem
1602 3087 1751 3150 obruen-

955 3189 1018 3249 dus
1033 3189 1084 3249 est
1103 3186 1287 3250 foenerator
1308 3185 1474 3263 lapidibus
1492 3184 1749 3256 maledictionis,

956 3287 989 3346 et
1019 3283 1390 3354 excommunicationis,
1428 3281 1548 3359 quibus
1583 3280 1752 3358 lapidatur

956 3382 1076 3453 omnis,
1104 3381 1162 3459 qui
1184 3379 1493 3444 excommunicatur
1520 3395 1540 3440 a
1565 3377 1749 3450 sacerdote,

955 3481 988 3542 et
1001 3495 1021 3541 a
1034 3477 1144 3550 turba,
1159 3494 1236 3539 cum
1247 3477 1372 3553 singuli
1387 3476 1600 3554 respondent,
1624 3479 1746 3538 Amen.

996 3578 1078 3639 Item
1106 3575 1263 3638 Habacuo
1284 3574 1330 3655 (2,
1347 3573 1403 3653 5):
1429 3590 1448 3635 v<
1469 3571 1629 3636 Dilatavit
1653 3571 1752 3650 quasi

954 3671 1105 3733 internus
1127 3671 1285 3741 animam,
1311 3672 1344 3731 et
1372 3669 1443 3745 1666
1463 3668 1558 3746 quasi
1584 3681 1690 3738 mors,
1717 3667 1752 3728 61

954 3785 1022 3830 non
1032 3767 1266 3845 adimplebitur
1277 3764 1337 3847 (7).
1363 3768 1443 3827 Cum
1459 3781 1525 3827 non
1536 3765 1605 3826 sint
1619 3764 1687 3826 alia
1701 3763 1750 3826 ita

955 3866 1104 3938 odibilia,
1128 3866 1214 3928 sicut
1236 3880 1338 3936 mors,
1368 3865 1401 3926 61
1423 3864 1588 3934 internus,
1619 3860 1751 3924 interno

955 3965 1167 4040 comparatus
1191 3964 1252 4034 661,
1279 3962 1357 4039 quia
1386 3977 1453 4022 non
1482 3961 1593 4037 potest
1620 3958 1749 4031 satiari,

955 4061 1048 4122 velut
1072 4060 1235 4123 internus.
1264 4062 1346 4124 Item
1358 4059 1444 4122 hene
1458 4059 1557 4120 morti
1573 4070 1775 4136 compara-x

955 4160 1009 4220 tur
1021 4181 1028 4218 :
1039 4161 1129 4219 Mors
1140 4160 1229 4219 enirn
1243 4174 1308 4219 nou
1318 4156 1478 4218 discernit
1488 4169 1660 4231 personas,
1673 4167 1753 4229 quo·

954 4258 1045 4317 niam
1060 4257 1133 4317 sine
1146 4256 1309 4317 electione
1325 4267 1541 4330 personarum
1554 4249 1684 4311 invadit
1698 4248 1753 4310 di-

953 4354 1307 4431 vitem,etpauperem,
1320 4355 1489 4428 juvenem,
1506 4350 1538 4410 61
1550 4362 1683 4422 senem3
1700 4346 1752 4409 616

953 4453 1056 4515 etiam
1070 4452 1245 4512 usurarius
1261 4448 1533 4525 recipit'usuram
1553 4462 1573 4507 a
1588 4458 1747 4522 paupere,

953 4550 1041 4611 sicut
1054 4564 1073 4610 a
1086 4547 1200 4609 divite.
1217 4548 1292 4609 Nou
1308 4546 1398 4607 euim
1413 4543 1585 4615 discernit,
1612 4542 1667 4605 661
1691 4558 1752 4604 66·

952 4648 1016 4718 rat,
1038 4648 1149 4707 utrum
1169 4643 1347 4720 recipiata
1371 4642 1514 4719 leproso,
1537 4640 1592 4703 vel
1613 4656 1633 4702 a
1653 4654 1748 4711 sano,

953 4744 1092 4822 pupillo,
1109 4742 1162 4804 vel
1176 4740 1290 4809 vidua,
1313 4741 1367 4802 vel
1391 4740 1491 4801 etiam
1511 4739 1622 4800 utrum
1641 4753 1748 4815 pecu·

953 4843 1044 4904 niam
1066 4840 1256 4902 accumulet
1276 4839 1317 4900 de
1342 4838 1439 4900 bonis
1460 4836 1637 4905 Ecclesiae,
1663 4834 1751 4896 idest

953 4966 1045 5023 aulert
1064 4961 1366 5091 superabundantiam,
1386 4967 1417 5017 ut
1440 4959 1502 5031 plus
1526 4972 1584 5039 non
1614 4956 1748 5038 recipias,

953 5051 1038 5163 puam
1054 5034 1089 5091 da
1111 5035 1165 5091 isli.
1183 5036 1242 5090 »Et
1257 5033 1340 5104 p‘aulo
1355 5037 1439 5103 post:
1457 5051 1475 5108 ι,
1489 5029 1545 5084 Alii
1560 5041 1611 5109 pro
1626 5040 1747 5108 pecunia

964 5113 1090 5163 oenerata
1113 5105 1206 5161 solent
1225 5101 1394 5159 rnunuscula
1416 5112 1547 5171 accipere
1571 5095 1674 5153 diversi
1694 5110 1747 5169 ge·

953 5178 1040 5244 neris,
1057 5182 1086 5232 at
1104 5190 1161 5238 uon
1185 5174 1355 5255 intelligunt,
1375 5184 1488 5252 usuram
1505 5168 1640 5250 appellari
1657 5174 1686 5223 et
1697 5182 1746 5223 su·

973 5244 1218 5309 orabundantiam‚
1235 5240 1369 5314 quicqmd
1384 5239 1451 5297 illud
1466 5246 1519 5308 est,
1536 5254 1562 5295 si
1577 5238 1612 5295 ab
1625 5236 1747 5309 eoquod

952 5264 1092 5384 Redeunt,
1105 5316 1168 5386 plus
1180 5313 1351 5385 acceperint,
1367 5333 1378 5362 ›

990 5388 1025 5460 (δ’
1046 5386 1132 5456 Vulg.
1150 5398 1338 5456 :pauperum
1413 5406 1415 5411 ⁸

990 5459 1020 5526 (6
1052 5457 1138 5528 Vulg.
1153 5472 1160 5512 :
1178 5454 1224 5526 qui
1235 5451 1384 5510 defraudat
1399 5451 1488 5520 illum,
1504 5450 1601 5507 homo.

989 5531 1030 5602 (7)
1051 5528 1137 5599 vulg.
1156 5524 1354 5596 :adimpletur
