3950 6200
245 411 303 473 all
668 416 701 475 S.
728 415 903 476 nn'lorln
934 416 1121 479 cannam
1149 416 1287 480 OPERA
1313 416 1460 482 onnth.
1813 424 1863 487 alt

245 586 305 646 per
328 571 440 653 carnis
455 570 754 645 mortificationem,
775 575 808 634 et
821 573 964 637 libamen
979 586 1038 651 per
1091 575 1179 638 sicut
1201 576 1444 639 firmamentum
1463 579 1541 641 coeli
1568 579 1686 643 dividit
1712 598 1814 656 aquus
1831 584 1865 646 ot

243 669 364 729 mentis
380 668 605 743 devotionem3
622 671 656 731 et
671 670 749 732 talis
768 687 846 734 vere
861 673 968 749 potest
980 673 1036 732 di·
1090 676 1200 746 opicis,
1222 673 1349 737 scilicet
1378 676 1569 751 superiores
1590 678 1632 737 ab
1655 678 1863 754 interioribus,

244 781 320 827 cere
336 786 344 825 :
360 765 458 826 Salus
474 781 559 827 mea.
1091 769 1140 828 sic
1154 769 1215 845 ipsi
1236 770 1355 832 dehent
1376 774 1565 848 superiores
1580 774 1719 837 delicias
1735 776 1864 838 dividere

281 865 391 939 Repes
407 865 568 933 Arabum,
585 864 619 924 et
635 866 724 925 Saba
743 868 833 926 dorio
855 866 1034 926 adducent.
1091 880 1110 924 a
1126 866 1278 936 terrenis,
1294 866 1328 926 iu
1341 867 1460 944 seipsis
1471 868 1650 946 operando,
1666 873 1700 930 et
1718 869 1752 930 in
1766 871 1863 932 subdi-

243 958 364 1021 Arabia
380 961 617 1036 interpretatur
632 960 783 1035 hnmilis;
801 961 887 1023 unde
908 962 1036 1022 Arabes
1091 961 1134 1021 tis
1158 962 1364 1035 instruendo,
1390 980 1410 1024 a
1436 965 1667 1037 similitudine,
1692 968 1763 1028 sive
1777 969 1864 1028 lirni-

242 1057 397 1118 humiles.
414 1057 454 1117 lli
471 1058 947 1131 offeruntliominoanrnm,et
961 1074 1038 1119 con·
1091 1060 1158 1121 tate
1182 1060 1385 1122 denominati
1408 1061 1529 1124 debent
1550 1079 1607 1124 eos
1629 1064 1864 1135 confirmarem

240 1170 323 1230 grue
336 1172 344 1229 ;
359 1159 490 1215 Aurum
502 1155 590 1216 enim
615 1157 793 1231 pretiosius
813 1158 863 1217 est
883 1155 1036 1218 omnibns
1091 1156 1266 1230 multiplici
1288 1158 1451 1220 varietate
1466 1159 1594 1235 fulgere
1612 1162 1781 1232 virtutum,
1795 1162 1864 1223 sicut

241 1252 396 1320 metallis,
414 1255 446 1312 et
462 1252 572 1328 aptius
592 1251 633 1312 ad
653 1268 736 1327 opus
758 1252 926 1329 quodlibet
941 1252 981 1313 de
997 1266 1035 1312 eo
1093 1252 1333 1315 llrmamenlum
1352 1256 1524 1317 stellarum
1539 1257 1763 1329 multitudine,
1776 1261 1864 1320 elta·

240 1348 440 1409 saciendum.
465 1348 520 1408 Sic
542 1348 712 1413 humilitas
737 1348 934 1410 obedientiae
954 1364 1035 1425 pre·
1091 1348 1220 1411 rietate.
1242 1350 1335 1412 Unde
1357 1352 1420 1428 ipsi
1442 1352 1562 1415 debent
1585 1371 1660 1415 esse
1680 1359 1718 1416 tn
1739 1358 1864 1416 sumnus

238 1446 358 1507 tiosior
386 1447 436 1505 est
468 1444 621 1506 omnibus
653 1445 843 1519 virtutibus,
868 1448 902 1509 et
929 1445 1036 1521 magis
1090 1448 1271 1519 moratium,
1296 1447 1383 1509 idest
1408 1466 1508 1526 super
1530 1451 1615 1512 alios
1639 1456 1778 1522 montes,
1796 1452 1865 1512 idest

240 1541 363 1603 habilis
374 1542 414 1603 ad
424 1541 593 1618 quodlibet
603 1558 685 1619 opus
694 1544 900 1605 meritorium
914 1542 1037 1604 lacien·
1091 1543 1236 1605 minores
1251 1545 1451 1619 sacerdotes,
1463 1548 1497 1607 in
1508 1549 1656 1610 Ecclesia
1669 1549 1862 1610 excellentes.

240 1639 329 1700 dum.
346 1640 407 1711 Qui
419 1639 506 1699 hanc
521 1639 656 1710 hahent,
672 1656 751 1702 vere
764 1641 903 1701 Domino
916 1655 1035 1701 aurum
1092 1640 1153 1700 Sed
1170 1640 1358 1703 invenimus
1384 1644 1473 1705 inter
1487 1645 1642 1722 praelatos
1668 1646 1775 1706 nostri
1793 1647 1865 1706 ten·

240 1738 395 1798 oli'ernnt.
417 1737 478 1796 Hic
499 1740 549 1798 est
564 1737 702 1799 effectus
722 1738 885 1811 caritatis,
905 1738 961 1814 qui
977 1751 1037 1813 per
1090 1737 1181 1813 poris
1203 1755 1326 1815 paucos
1348 1741 1443 1801 tales.
1460 1743 1543 1803 Eece
1566 1758 1682 1803 omnes
1704 1742 1781 1803 huic
1799 1758 1866 1802 sen·

240 1835 314 1895 auri
333 1834 476 1896 colorem
496 1834 691 1909 designatur
708 1858 714 1895 :
731 1834 843 1895 Vincit
859 1834 947 1895 enim
967 1834 1034 1895 hu·
1090 1835 1203 1895 tentiae
1218 1835 1470 1909 contradicunt;
1488 1837 1575 1898 unde
1585 1841 1673 1900 Osee
1688 1837 1733 1915 (5,
1748 1839 1763 1897 1
1778 1840 1809 1898 et
1818 1838 1866 1915 ⁴2):

240 1932 364 1992 militas
394 1947 493 1993 omne
524 1932 670 2004 malu1n;
697 1932 783 1992 nude
813 1932 969 1993 Salomon
1001 1932 1035 1990 in
1089 1930 1208 1993 Audite
1227 1931 1302 1998 hoc,
1324 1934 1527 2005 sacerdotes,
1544 1936 1577 1995 et
1594 1934 1757 1995 attendite
1770 1934 1867 1995 domus

241 2028 413 2091 Parabolis
438 2028 501 2106 (21,
522 2030 599 2105 28):
623 2033 682 2090 Vir
702 2032 861 2091 obediens
878 2030 1036 2102 loquetur
1091 2027 1206 2099 lsrael,
1226 2029 1260 2089 et
1274 2028 1390 2091 domus
1405 2030 1494 2107 regis
1507 2032 1717 2093 auscultate:
1733 2032 1807 2108 quia
1818 2047 1869 2092 ro·

239 2123 1033 2204 nictortas(l).hrabiainterpretaturOccidens
1089 2122 1217 2185 hiscum
1232 2124 1280 2204 (2)
1303 2129 1357 2188 est
1378 2127 1552 2203 judicium,
1565 2129 1723 2204 quoniam
1747 2129 1869 2206 laqueus

240 2225 274 2285 et
285 2222 391 2284 Arabs
416 2222 656 2296 Occidentalis;
672 2223 757 2300 quod
780 2222 865 2284 hene
880 2220 1037 2299 competit
1090 2220 1169 2283 tecti
1182 2222 1263 2283 estis
1279 2222 1510 2298 speculationi,
1525 2227 1558 2287 et
1572 2225 1660 2287 sicut
1673 2228 1746 2287 rete
1758 2241 1870 2302 expan-

239 2318 368 2393 humili,
385 2300 417 2383 et
432 2319 598 2382 obedienti
616 2321 765 2398 pauperi,
780 2321 832 2382 cui
850 2320 938 2381 totus
951 2319 1037 2380 occi·
1091 2334 1163 2378 sum
1179 2335 1280 2395 super
1298 2319 1442 2391 Thabor,
1458 2322 1491 2383 et
1514 2322 1668 2383 uictimas
1692 2322 1869 2383 declinastis

239 2418 286 2479 dit
302 2418 411 2491 lulpor
434 2418 545 2478 inanis
564 2418 693 2493 gloriae,
714 2420 747 2479 et
765 2418 970 2495 temporalis,
984 2417 1036 2476 si·
1090 2415 1124 2475 in
1143 2415 1353 2492 protundum.
1375 2435 1394 2477 »
1416 2418 1536 2479 Audite
1555 2419 1631 2490 hoc,
1648 2435 1743 2480 ovos
1756 2422 1868 2480 Socer·

239 2517 295 2577 cut
323 2516 357 2577 in
390 2515 568 2577 Occidente
594 2515 754 2592 splendor
779 2515 903 2576 decidit
929 2512 1036 2575 nostri
1089 2514 1195 2584 dotes,
1208 2512 1293 2575 idest
1306 2514 1448 2590 praelati,
1465 2516 1521 2592 qui
1532 2517 1614 2576 estis
1631 2516 1751 2577 domus
1769 2516 1867 2582 lsrael,

241 2612 339 2674 Solis.
354 2614 416 2684 Qui
439 2613 523 2674 tales
545 2616 633 2683 sunt,
655 2628 755 2688 repes
778 2615 929 2673 Arabum
945 2611 1033 2682 sunt,
1091 2609 1147 2685 qui
1163 2610 1313 2671 videntes
1324 2612 1405 2672 estis
1421 2628 1481 2687 per
1494 2611 1676 2688 scripturae
1691 2612 1867 2688 intelhgen·

240 2710 311 2772 sive
330 2711 456 2771 Arabes
479 2713 556 2771 sunt
576 2731 584 2769 ε
608 2726 686 2770 uere
709 2709 796 2770 enim
823 2724 953 2779 aurum,
973 2707 1036 2768 hoc
1091 2705 1187 2780 tiam;
1213 2707 1246 2768 et
1269 2706 1385 2768 domus
1411 2709 1511 2784 regis,
1533 2711 1612 2786 quia
1634 2710 1736 2786 positi
1751 2708 1868 2771 estisad

240 2810 291 2868 est
307 2808 464 2867 virtutum
476 2807 610 2867 odorem
624 2807 764 2867 Domino
777 2806 930 2867 offerunt.
947 2808 1036 2866 Sabe
1090 2804 1271 2879 regendum
1293 2804 1377 2866 alios
1401 2822 1409 2865 :
1432 2808 1605 2867 vobiscum
1621 2809 1790 2879 judicium
1813 2807 1865 2873 est,

240 2904 479 2979 interpretatur
499 2903 662 2973 incensio,
685 2902 737 2963 vel
762 2901 1036 2973 conversio,sive
1090 2900 1168 2975 qnia
1179 2903 1271 2978 justo
1286 2901 1415 2978 judicio
1433 2903 1509 2977 eget
1523 2901 1698 2963 vobiscum
1716 2904 1867 2964 Dominus.
1937 2964 1938 2967 ,

242 3002 329 3073 rete;
352 3016 424 3076 quae
450 2999 515 3061 tria
544 3001 703 3060 notantur
726 2999 761 3060 in
786 2998 953 3075 lsaiahn,
976 2998 1034 3077 6):
1092 2998 1255 3060 heberent
1290 2999 1453 3076 siquidem
1492 3000 1683 3063 sacerdotes
1716 3001 1868 3062 victimare
1937 3048 1938 3071 ,

237 3100 392 3160 «Omnes
414 3099 455 3160 de
480 3096 565 3158 Saba
588 3090 735 3169 vernent,
757 3112 887 3169 aurum,
904 3099 937 3159 et
958 3096 1036 3159 thus
1090 3094 1239 3157 subditos
1271 3097 1339 3158 Deo
1373 3113 1433 3173 per
1468 3099 1728 3160 macerationem
1762 3099 1866 3167 carnis,

239 3196 438 3267 deferentes,
449 3197 481 3256 et
492 3195 621 3257 laudem
632 3195 1034 3256 Dominoannunciantes.
1091 3209 1189 3269 quam
1216 3193 1250 3253 in
1271 3194 1360 3270 ipsos
1382 3193 1498 3268 serbo,
1511 3197 1545 3256 et
1566 3197 1721 3273 exemplo
1733 3195 1867 3257 effunde-

240 3295 302 3368 Qui
325 3294 412 3354 enim
439 3296 480 3354 cte
499 3297 588 3355 Sabo
613 3293 715 3364 venit,
744 3293 819 3352 dnm
846 3307 904 3353 cor
932 3291 1036 3369 ipsius
1091 3291 1176 3361 rent,
1194 3291 1227 3351 et
1247 3290 1295 3351 sic
1311 3306 1368 3352 eos
1390 3291 1432 3351 ad
1451 3291 1600 3353 coelestia
1616 3289 1867 3354 elevarentzsed
1936 3335 1937 3362 2

240 3407 335 3454 amor
349 3391 481 3452 divinus
493 3390 655 3461 accendit,
673 3389 703 3450 ei
720 3391 798 3451 thies
816 3389 943 3451 devotae
959 3404 1037 3450 ora·
1091 3386 1156 3463 ipsi
1181 3402 1340 3463 perverso
1361 3403 1472 3464 opere,
1489 3389 1522 3451 et
1544 3405 1650 3466 prava
1664 3390 1808 3451 doctrina
1821 3403 1869 3448 eos
1936 3447 1937 3460 ,

240 3491 341 3552 tionis
356 3489 464 3550 offert.
482 3490 584 3561 Quem
606 3502 684 3549 vere
708 3489 795 3547 Deus
816 3485 990 3556 convertit,
1005 3485 1036 3547 ei
1091 3483 1263 3545 victimant
1278 3484 1422 3558 diaholo,
1439 3489 1471 3546 et
1493 3486 1528 3547 in
1549 3486 1749 3562 protundum
1763 3484 1868 3547 interni
1936 3473 1937 3480 '

241 3587 406 3650 exdebito
427 3585 544 3647 laudes
565 3584 675 3646 solvit.
693 3584 753 3655 Qui
774 3581 958 3644 autemhoc
981 3582 1034 3643 la·
1091 3580 1280 3656 declinant3
1304 3581 1486 3657 undelccti
1508 3585 1585 3644 sunt
1596 3590 1749 3657 loqueris,
1763 3586 1793 3645 et
1806 3582 1868 3643 rete
1935 3663 1936 3666 Ἴ

242 3687 298 3760 cit,
313 3686 347 3745 in
362 3686 445 3754 rete,
457 3683 528 3743 sive
545 3683 578 3743 in
590 3682 781 3757 compedem
795 3681 909 3757 pedem
926 3680 1035 3757 ponit;
1092 3678 1215 3744 diaboli
1240 3694 1424 3755 expansum
1451 3695 1552 3756 super
1582 3680 1728 3741 Thabor.
1754 3678 1867 3740 Thabor
1935 3743 1936 3748 ,

242 3783 324 3843 dicit
337 3781 426 3842 enim
437 3779 692 3841 Ecclesiasticus
708 3778 754 3853 (6,
765 3777 819 3857 25)
834 3800 842 3838 t
859 3778 965 3848 «Fili,
979 3777 1036 3839 in·
1092 3777 1331 3852 interpretatur
1345 3777 1484 3838 veniens
1500 3777 1624 3838 lumen.
1641 3780 1699 3840 Est
1713 3794 1788 3854 ergo
1799 3791 1864 3836 seu·
1935 3811 1936 3852 q

238 3881 308 3960 jlce
323 3879 451 3955 pedem,
468 3877 586 3938 »idest
606 3877 727 3937 mentis
748 3876 898 3944 affectus,
916 3874 1036 3952 quibus
1092 3890 1170 3935 sus:
1189 3876 1292 3947 Vos,a
1305 3874 1424 3951 quihus
1435 3873 1548 3936 debuit
1558 3876 1673 3935 venire
1693 3875 1808 3943 lumen,
1822 3887 1865 3933 ex·
1935 3877 1936 3888 ¹

243 3978 348 4038 lentur
362 3976 461 4036 homo
474 3973 705 4050 spiritualiter,
721 3989 739 4031 «
754 3977 788 4032 ia
798 3976 986 4047 cmrrpedes,
1003 3975 1038 4035 et
1093 3972 1254 4048 pandistis
1265 3973 1336 4032 rete
1344 3972 1496 4032 avaritiae
1505 3974 1625 4033 vestrae
1640 3975 1675 4034 et
1688 3970 1863 4049 iniquitatis,

241 4079 362 4136 codrem
379 4073 473 4132 telum
492 4071 678 4143 intorques
693 4069 944 4142 ipsius,»idest
960 4085 1036 4129 ser·
1092 4085 1157 4148 quo
1186 4069 1381 4146 laqueastis,
1408 4068 1460 4129 vel
1494 4069 1645 4130 retnistis
1672 4065 1866 4138 subditoset
1934 4057 1935 4130 J

244 4186 359 4233 mones
375 4172 461 4239 tuos,
477 4166 554 4245 qnia
571 4165 691 4226 collum
711 4166 765 4225 via
786 4166 953 4226 sermonis
965 4169 1035 4239 est;
1092 4167 1140 4227 sic
1153 4166 1345 4227 declinastis
1358 4166 1510 4227 victimas
1532 4167 1567 4226 in
1581 4166 1788 4242 protundum,
1802 4162 1865 4240 qnia
1934 4199 1935 4216 ,

244 4269 311 4348 qui,
337 4268 485 4344 inquam,
513 4263 590 4326 talis
617 4262 732 4332 fuerit,
759 4264 794 4323 ut
819 4262 954 4323 nonnisi
978 4278 1038 4338 per
1092 4279 1149 4323 eus
1165 4261 1362 4323 victimastis
1378 4261 1866 4325 diabolo.Vel:Thaborinter·

244 4365 443 4443 sapientiam
458 4364 537 4439 egat
551 4361 689 4437 aliquid,
704 4360 756 4420 vel
776 4359 943 4436 loquatur,
965 4375 1038 4436 pro·
1093 4362 1242 4436 pretatur
1262 4359 1354 4436 lepra
1371 4360 1521 4420 veniens.
1541 4361 1648 4436 Lepra
1662 4361 1869 4434 venienspec»
1933 4369 1934 4394 ¹

244 4464 329 4526 tecto
362 4477 480 4525 aurum
512 4458 687 4538 sapientiae
719 4459 944 4534 competenter
970 4460 1037 4519 Deo
1092 4459 1202 4520 catum
1220 4457 1369 4533 irrepens
1379 4459 1440 4527 est,
1457 4458 1553 4534 quasi
1567 4456 1609 4518 de
1624 4457 1679 4519 via
1694 4458 1729 4519 in
1743 4457 1868 4518 minores

245 4561 353 4624 offert.
1092 4554 1192 4615 rudes
1225 4553 1348 4614 veniat
1385 4554 1660 4629 Superexcrescit
1692 4560 1798 4615 tamen
1820 4561 1869 4626 per

1093 4651 1281 4727 exemplum
1297 4650 1478 4726 pessimum
1501 4650 1727 4728 praelatorum,
1744 4648 1815 4712 ethi
1826 4645 1870 4706 di·

472 4719 612 4779 SERMO
633 4717 809 4778 CXXXIII·
1093 4751 1214 4811 cuntur
1234 4747 1419 4825 «laqueus,
1435 4749 1468 4809 et
1490 4748 1561 4808 rete
1583 4764 1767 4825 expansum
1785 4756 1870 4821 super
1931 4719 1933 4742 '

502 4858 605 4918 Conna
629 4855 775 4915 meletos.
1092 4846 1235 4908 Thabor.
1257 4847 1335 4907 »Et
1358 4843 1443 4906 bene
1469 4845 1591 4906 dicitur
1619 4860 1817 4921 emponsron,
1840 4839 1870 4899 ut

1094 4944 1205 5021 plures
1229 4942 1358 5019 capiat;
1384 4942 1463 5019 quia
1487 4941 1577 5018 capit
1601 4942 1713 5018 plures
1736 4937 1868 5002 diabolus

1094 5057 1152 5120 per
1177 5041 1301 5101 malum
1321 5039 1508 5117 exemplum
1533 5040 1762 5116 prelatorum,
1785 5047 1867 5114 quan

1093 5141 1301 5202 ceterorum.
1686 5187 1694 5196 .

1131 5236 1296 5298 heberent
1319 5235 1420 5297 etiam
1443 5249 1517 5296 esse
1541 5238 1671 5296 montes
1697 5233 1789 5306 firmi,
1808 5241 1863 5290 non

1092 5333 1223 5405 lubrici,
1241 5333 1328 5394 sicut
1342 5333 1471 5393 montes
1485 5331 1619 5404 Gelboe,
1634 5332 1691 5409 qui
1705 5328 1815 5391 lubrici
1826 5325 1865 5383 in·

281 5443 384 5500 Terra
400 5439 464 5499 ista
479 5439 530 5498 est
547 5434 707 5505 Ecclesia,
720 5436 816 5508 cnjus
828 5435 1035 5505 lirneomen-
1090 5432 1326 5509 terpretantur,
1354 5429 1475 5506 quibus
1506 5429 1681 5491 maledixit
1708 5425 1812 5490 David,
1836 5417 1863 5477 ut

152 5511 160 5530 ’
244 5535 445 5598 tamdebent
457 5550 530 5595 esse
545 5531 741 5610 presbyteri,
755 5532 788 5593 et
803 5530 1036 5609 praelati3qnia
1092 5529 1232 5591 habetur
1249 5529 1282 5589 iu
1305 5526 1451 5590 secundo
1474 5526 1561 5589 libro
1586 5530 1712 5605 Regum
1732 5511 1860 5605 (1‚18ad

242 4999 322 5062 Erit
353 4994 614 5070 firmamentum
642 4995 679 5053 in
703 4992 802 5053 terro
828 4993 864 5051 in
890 4992 1039 5051 summis

281 5096 468 5164 moratium
491 5090 781 5165 mipcremtottetur
800 5101 908 5162 super
931 5090 1037 5148 Libo·

282 5209 366 5254 reum
384 5190 519 5265 tructam
537 5189 633 5262 ejus:
646 5187 680 5247 et
703 5185 872 5257 florebunt
891 5187 932 5245 de
946 5188 1036 5244 civi-

283 5291 353 5352 tate
370 5289 459 5351 sicut
481 5288 614 5361 smitam
636 5287 753 5345 ter-ree.
778 5281 882 5362 (Psal.
898 5283 949 5353 al,
971 5279 1036 5359 16.)

281 5736 321 5804 (1)
337 5732 421 5803 vulg.
435 5733 593 5789 victoriam.
1126 5731 1166 5804 (2)
1185 5730 1270 5804 vulg.
1288 5727 1378 5789 vobis.
