3950 6200
209 265 269 326 183
824 263 1001 330 HONORII
1022 268 1067 328 111
1087 269 1237 332 OPERA.
1801 273 1875 334 184

207 423 292 486 nulli
315 423 500 504 presbyteri
522 425 555 487 et
571 425 685 487 clerici
706 425 773 487 tuae
794 424 947 487 dioecesis
970 426 1004 487 in
1059 427 1148 488 Idem
1165 443 1245 490 vero
1264 430 1300 488 T.
1323 427 1365 488 ad
1386 427 1561 490 ecclesiam
1581 429 1713 491 Sanctae
1734 431 1875 492 Mariae

208 521 372 594 ecclesiis,
402 525 435 586 et
460 524 537 585 aliis
565 522 801 584 ecclesiasticIs
833 522 1004 610 beneflciis
1059 525 1265 601 Magdalenae
1282 525 1500 586 virdunensis
1514 526 1668 597 accessit,
1682 529 1716 588 et
1730 527 1874 588 finibus

208 618 399 680 immediate
412 620 561 695 patribus
575 622 808 682 successerunt
823 621 937 682 contra
952 636 1006 681 ca·
1059 622 1205 683 mandati
1225 622 1413 698 praeteritis,
1434 623 1596 684 decanum
1618 624 1651 684 et
1669 624 1873 700 capitulum

209 717 348 777 nonicas
359 718 561 787 sanctiones,
572 719 605 778 et
616 717 728 794 plures
740 717 798 777 alii
813 717 1002 778 sacerdotes
1059 720 1230 794 suspendit
1249 719 1290 779 ab
1310 720 1473 780 electione
1495 721 1722 796 praepositurae
1745 721 1874 796 ipsius

209 813 242 872 et
259 812 371 872 clerici
388 814 536 889 eJ'usdem
550 814 715 881 diaecesis,
732 817 790 875 tua
806 813 1003 874 inhibitione
1058 816 1208 876 ecclesiae
1233 816 1291 877 illo
1315 817 1462 892 tempore
1486 832 1552 877 non
1576 817 1738 877 vacantis.
1768 816 1873 877 Dicti

211 909 409 983 contempta,
423 909 554 986 publice
569 911 682 971 tenent
693 910 727 969 in
738 910 881 986 propriis
897 909 1004 971 domi·
1058 916 1168 973 autem
1187 912 1333 972 decanus
1354 915 1387 974 et
1405 913 1597 989 capitulum,
1614 929 1673 989 pro
1695 929 1734 974 eo
1751 913 1869 989 quod,

208 1003 269 1064 bus
285 1006 497 1094 concubinas.
516 1007 609 1068 Unde
625 1007 720 1072 nobis
736 1006 908 1068 humiliter
922 1023 1003 1081 sup·
1059 1010 1144 1070 sicut
1160 1010 1283 1070 dictum
1299 1012 1360 1080 est,
1377 1011 1523 1071 mandati
1544 1010 1628 1070 lines
1645 1014 1866 1080 excesserat,

210 1101 353 1177 plicasti,
367 1103 404 1163 ul
417 1103 496 1164 licet
508 1105 688 1180 procedere
700 1106 816 1164 contra
827 1102 1004 1179 praedictos
1059 1122 1120 1166 nec
1130 1122 1290 1168 revocare
1297 1107 1404 1168 voluit
1413 1108 1610 1167 sententiam
1622 1107 1871 1183 suspensionis

209 1213 253 1258 ex
274 1199 383 1258 allicio
405 1199 462 1260 tuo
487 1200 607 1276 possis,
633 1202 711 1277 quia
729 1201 841 1261 tamen
861 1201 934 1276 plus
957 1200 1003 1260 ti·
1059 1203 1107 1263 sic
1128 1204 1327 1264 inordinatae
1347 1203 1521 1279 prolatam,
1542 1205 1688 1264 nostram
1708 1204 1872 1264 audien-

210 1294 295 1354 meri
330 1295 425 1366 solet,
461 1297 546 1372 quod
582 1296 772 1373 specialiter
798 1295 1001 1371 indulgetur,
1058 1300 1139 1360 tiam
1149 1300 1371 1376 appellarunt
1381 1301 1593 1362 Postmodum
1602 1315 1682 1361 vero
1692 1300 1877 1376 praeposi-

210 1406 309 1486 quam
323 1391 408 1467 quod
426 1393 533 1453 edicto
549 1392 758 1454 concluditur
776 1392 937 1467 generali,
949 1391 1004 1451 fa·
1058 1397 1134 1458 tura
1148 1397 1340 1473 supradicta
1355 1399 1506 1468 vacante,
1518 1396 1648 1474 praelati
1663 1397 1816 1458 decanus
1834 1397 1877 1458 et

209 1502 324 1548 vorem
339 1488 400 1550 tibi
421 1490 535 1550 contra
557 1505 614 1550 eos
634 1491 847 1565 dignaremur
860 1489 1004 1564 Aposto-
1059 1493 1241 1570 capitulum
1276 1494 1482 1554 attendentes
1513 1493 1765 1569 suspensionem
1795 1493 1877 1554 hu-

209 1582 311 1644 licum
326 1584 501 1659 impertiri.
519 1587 588 1646 Nos
603 1601 682 1661 ergo
697 1586 764 1646 tuis
779 1584 933 1661 precibus
948 1584 1005 1643 in·
1055 1589 1201 1667 jusmodi
1232 1605 1305 1651 esse
1337 1590 1472 1651 omnino
1505 1591 1703 1661 invalidam,
1739 1592 1872 1666 utpote

210 1679 337 1751 clinati,
355 1683 567 1756 praesentium
582 1682 643 1743 tibi
663 1682 860 1744 auctoritate
880 1696 1004 1743 conce·
1060 1686 1241 1748 excedente
1263 1687 1346 1747 lines
1365 1688 1523 1758 mandati,
1543 1687 1583 1747 de
1604 1687 1767 1748 beneficio
1788 1703 1872 1747 non

211 1775 331 1848 dimus,
346 1779 382 1838 ut
395 1781 584 1840 memoratis
598 1779 812 1856 presbyteris,
826 1781 860 1840 et
873 1777 1005 1840 clericis
1060 1786 1199 1845 vacante
1224 1787 1468 1860 praesumptam,
1494 1799 1534 1844 ac
1553 1784 1594 1844 de
1617 1783 1869 1859 appellationis

212 1872 429 1948 abeneliciis,
450 1876 486 1935 in
510 1876 627 1952 quibus
648 1876 797 1966 patribus
817 1875 1006 1937 immediate
1061 1898 1129 1942 suae
1152 1881 1286 1955 juribus
1309 1881 1523 1950 confidentes,
1541 1881 1691 1941 eumdem
1715 1880 1874 1941 Guillel-

211 1974 444 2033 successerunt
458 1974 590 2044 amatia,
606 1975 639 2034 et
657 1972 924 2043 concubinarios,
946 1988 1008 2047 ap·
1061 1994 1148 2058 mum
1163 1978 1199 2037 in
1217 1978 1323 2053 ipsius
1337 1978 1487 2038 ecclesiae
1510 1978 1722 2052 praepositum
1737 1977 1869 2051 elege-

209 2066 388 2142 pellatione
408 2073 546 2141 remota,
573 2070 678 2131 libere
701 2069 816 2130 valeas
836 2069 938 2129 olticii
957 2068 1006 2129 tui
1060 2076 1189 2150 gerunt.
1216 2077 1377 2136 Caeterum
1400 2074 1558 2151 praelatus
1582 2074 1871 2149 archiepiscopus

211 2163 357 2225 debitum
373 2181 540 2237 exercere,
558 2167 831 2238 contradictores,
853 2167 915 2227 etc.
935 2167 1004 2225 Da-

211 2259 281 2321 tum
306 2263 472 2335 Laterani,
500 2266 559 2325 XV
582 2264 744 2324 kalendas
768 2262 891 2333 martii,
917 2276 1006 2321 anno

213 2357 399 2420 undecimo.

563 2562 656 2647 LIII

214 2713 266 2770 Act
286 2712 524 2772 scholasticum
547 2714 581 2772 s.
602 2712 705 2771 Parui
724 2711 957 2777 Treuereasls
973 2707 1008 2767 ct

252 2809 435 2881 Hisponem
463 2810 704 2883 marpessam,
735 2806 769 2866 ct
798 2806 1008 2880 magistrum

253 2907 361 2977 Gonu,
378 2908 581 2965 conuincam
595 2907 811 2964 Rementem.

485 3042 520 3100 tt
532 3042 655 3116 januarii
671 3041 749 3099 lttl.

245 3176 367 3241 [Regest.,
376 3175 412 3226 lib
421 3177 467 3239 XI,
479 3176 553 3240 epist.
564 3176 619 3226 510.
630 3177 688 3227 Mas.
701 3177 737 3227 La
749 3176 824 3226 Porto
834 3173 868 3224 du
880 3171 974 3236 Theil.]

128 3306 131 3315 '
212 3310 334 3368 Causam
357 3308 393 3366 de
417 3309 602 3381 praepositura
627 3308 755 3365 ecclesiae
779 3308 890 3364 Sancte
911 3305 1008 3363 bleriae

385 3397 573 3457 virdunensis
586 3397 656 3469 ipsis
670 3396 829 3452 committit.

252 3533 429 3605 Honorius,
443 3534 519 3601 etc„
535 3532 665 3594 dilectis
680 3531 795 3591 liliis...
807 3526 1008 3591 stholastico

215 3631 248 3691 S.
271 3630 367 3692 Pauli
384 3629 611 3701 Treverensis,
628 3630 660 3689 et
680 3628 811 3704 Hugoni
833 3626 1008 3701 Burgiensi

215 3728 249 3788 et
262 3728 421 3803 magistro
437 3730 474 3787 G.
490 3729 583 3804 Goyn
597 3724 757 3786 canonico
771 3722 939 3790 Remensi,
953 3738 1010 3783 sa·

215 3821 329 3894 lutem,
349 3824 412 3884 etc.

253 3922 303 3979 Ex
337 3921 431 3996 parte
459 3918 572 3980 dilecti
597 3917 659 3978 lilii
688 3920 726 3978 G.
758 3916 798 3976 de
827 3915 1009 3991 Tirangulo

214 4015 312 4077 electi
335 4017 371 4077 in
397 4016 612 4093 praepositum
648 4015 682 4075 et
712 4013 850 4089 capituli
877 4012 1009 4074 Sanctae

214 4114 330 4174 Mariae
344 4112 550 4188 Magdalenae
568 4110 788 4171 virdunensis
803 4109 866 4171 fuit
885 4124 1009 4185 propo-

214 4212 314 4273 situm
334 4226 446 4271 coram
466 4207 572 4281 nobis,
589 4207 674 4285 quod
688 4205 891 4269 venerabilis
906 4204 1010 4266 irater

214 4310 328 4369 noster
339 4306 610 4382 archiepiscopus
624 4302 840 4364 Treverensis
853 4316 1009 4363 asserens

214 4421 275 4466 nos
291 4403 355 4465 sibi
375 4403 497 4465 litteris
515 4400 715 4478 apostolicis
730 4399 951 4470 mandavisse,
974 4399 1010 4459 ut

216 4500 257 4561 de
284 4501 396 4577 aliquo
417 4502 598 4575 personatu
619 4499 760 4559 vacante
787 4497 821 4557 in
845 4511 905 4556 sua
926 4511 1008 4571 pro-

214 4597 327 4658 vincia
342 4595 604 4668 R.,Virdunensi
620 4595 792 4665 canonice,
808 4591 1007 4669 provideret,

215 4692 404 4771 injunxisse
419 4691 541 4752 dicitur
552 4695 602 4761 T.,
617 4691 778 4751 canonico
793 4688 1008 4757 Virduneusi,

216 4792 252 4852 ut
267 4790 295 4852 si
314 4804 380 4866 qua
400 4788 544 4863 dignitas
566 4787 645 4848 tunc
659 4785 800 4846 vacabat
819 4787 855 4846 in
874 4785 1009 4847 dioecesi

214 4885 429 4957 virdunensi,
449 4883 502 4945 vel
517 4885 652 4944 vacaret
669 4882 704 4943 in
724 4884 904 4957 posterum,
921 4881 1012 4942 elec-

216 4986 306 5048 tores
320 4983 427 5058 ipsius
442 4980 483 5042 ab
498 4980 643 5056 eilgendi
661 4979 879 5055 suspenderet
895 4980 1009 5054 potes-

216 5086 295 5154 tate,
326 5081 430 5142 donec
460 5093 560 5155 super
585 5077 777 5155 provisione
812 5075 941 5154 praetati
969 5078 1009 5136 R.

217 5178 408 5242 mandatum
449 5179 539 5239 esset
568 5175 795 5253 Apostolicum
826 5174 1008 5235 assecutus.

1061 2173 1136 2247 post
1154 2171 1410 2248 appellationem
1425 2171 1466 2233 ad
1480 2187 1540 2231 nos
1556 2170 1597 2232 ab
1619 2171 1691 2246 ipso
1708 2169 1870 2246 capitulo

1061 2267 1291 2343 interpositam
1309 2268 1479 2328 mandavit
1498 2268 1620 2328 dictum
1642 2269 1679 2327 R.
1695 2267 1730 2326 in
1749 2266 1870 2342 ipsius

1061 2366 1288 2440 praepositurae
1308 2365 1550 2441 possessionem
1569 2364 1693 2433 induci,
1713 2363 1750 2423 in
1771 2379 1869 2424 con-

1061 2461 1257 2521 tradictores
1272 2460 1435 2537 quoslibet
1448 2475 1487 2520 ac
1503 2459 1643 2520 rebelles
1660 2475 1868 2520 excommu-

1061 2555 1240 2616 nicationis
1273 2554 1471 2615 sententiam
1509 2552 1717 2630 proterendo.
1749 2555 1870 2614 Porro

1061 2651 1168 2712 dictus
1183 2653 1222 2712 R.
1243 2650 1284 2710 ad
1308 2649 1531 2724 Apostolicam
1554 2650 1671 2710 Sedem
1692 2648 1870 2709 accedens

1063 2764 1163 2823 super
1182 2747 1244 2807 hoc
1259 2747 1389 2806 nostras
1408 2747 1450 2806 ad
1470 2747 1513 2818 te,
1526 2745 1573 2805 nli
1590 2745 1804 2816 scholastice,
1824 2762 1871 2807 ac

1062 2841 1868 2921 quosdamaliostamcontradictumcapitulum,

1063 2956 1161 3019 quarn
1176 2942 1290 3001 contra
1306 2939 1461 3015 praelatos
1474 2939 1635 3000 decanum
1648 2942 1700 3009 G„
1717 2940 1749 2999 et
1762 2955 1872 3014 quos-

1062 3038 1137 3100 dam
1148 3037 1234 3097 alios
1249 3038 1289 3097 de
1304 3035 1450 3113 capitulo
1465 3036 1577 3112 plures
1592 3035 1715 3096 dicitur
1727 3035 1871 3096 litteras

1062 3137 1258 3212 impetrasse
1281 3135 1321 3194 de
1340 3134 1574 3210 appellatione,
1587 3150 1660 3211 quae
1682 3133 1871 3209 interjecta

1062 3233 1180 3302 fuerat,
1200 3247 1266 3292 non
1281 3231 1395 3292 habita
1417 3232 1595 3292 mentione.
1615 3233 1724 3301 Quare
1739 3231 1868 3291 humi-

1063 3329 1139 3390 liter
1169 3329 1335 3405 petierunt
1368 3327 1440 3398 tibi,
1473 3328 1507 3388 el
1534 3328 1611 3387 aliis
1642 3327 1789 3399 inhiberi
1818 3344 1868 3390 ne

1063 3425 1286 3502 procederetis
1314 3425 1513 3485 auctoritate
1546 3423 1737 3499 huJ'usmodi
1763 3423 1868 3484 litte-

1062 3539 1186 3593 rarum,
1204 3523 1360 3583 revocato
1373 3521 1407 3581 in
1426 3521 1570 3592 irritum,
1592 3520 1656 3580 sia
1678 3522 1711 3581 te
1728 3535 1769 3581 ac
1788 3518 1866 3582 illis
1954 3556 1955 3559 =

1063 3620 1098 3679 in
1121 3619 1233 3696 aliquo
1257 3621 1307 3680 est
1328 3634 1519 3694 processum
1542 3620 1574 3678 et
1594 3633 1730 3678 causam
1750 3616 1868 3693 ipsam

1063 3717 1175 3792 probis
1191 3716 1273 3776 viris
1291 3715 1480 3791 suspicione
1500 3713 1690 3775 carentibus
1709 3713 1869 3789 delegari

1064 3813 1229 3889 mediante
1251 3812 1382 3889 justitia
1409 3810 1629 3873 terminanda.
1655 3812 1724 3871 Nos
1747 3812 1869 3872 autem
1954 3886 1955 3891 ἵ

1063 3912 1196 3987 utrique
1211 3909 1298 3985 parti
1317 3924 1412 3969 suam
1426 3908 1576 3969 volentes
1588 3908 1754 3983 lustitiam
1778 3923 1871 3969 con·

1063 4022 1210 4078 servare,
1231 4008 1267 4067 ut
1282 4006 1445 4083 judicium
1467 4005 1539 4065 sine
1563 4004 1753 4082 suspicione
1776 4021 1869 4081 pro-

1064 4104 1169 4175 cedat,
1186 4120 1256 4174 voe,
1274 4102 1334 4163 filii
1352 4105 1392 4162 H.
1409 4104 1442 4163 et
1456 4105 1507 4173 G„
1523 4102 1596 4164 vice
1611 4101 1758 4162 omnium
1774 4102 1872 4164 alio-

1063 4218 1137 4262 rum
1148 4199 1299 4278 jndicum
1315 4215 1357 4260 ex
1369 4201 1482 4260 nostro
1502 4198 1720 4274 subrogantes
1735 4196 1869 4272 officiO,

1063 4297 1135 4370 tibi,
1156 4297 1204 4357 lili
1220 4296 1427 4368 scholastice,
1445 4295 1601 4356 duximus
1617 4294 1869 4370 adjungendos

1064 4394 1258 4456 discretioni
1283 4394 1403 4455 vestrae
1432 4409 1492 4469 per
1517 4392 1706 4469 apostolica
1732 4394 1869 4469 scripta

1064 4492 1271 4562 mandantes,
1287 4492 1449 4566 quatenus
1461 4490 1502 4549 ad
1518 4505 1725 4550 communem
1737 4488 1869 4564 locum,

1064 4591 1097 4651 et
1113 4590 1219 4650 tutum
1234 4587 1465 4665 personaliter,
1483 4587 1513 4647 si
1528 4586 1697 4647 commode
1712 4586 1788 4646 lieri
1801 4604 1871 4663 po-

1064 4687 1154 4755 terit,
1182 4684 1332 4761 alioquin
1356 4684 1442 4744 alter
1467 4684 1615 4744 vestrum
1644 4685 1782 4744 Remea.
1807 4700 1874 4746 ac-

1065 4782 1221 4854 cedendo,
1239 4780 1388 4858 partibus
1399 4781 1600 4851 convocatis,
1615 4779 1760 4841 audiatis
1775 4796 1871 4842 cau-

1065 4896 1147 4950 sam,
1174 4880 1207 4941 el
1232 4877 1318 4956 quod
1354 4877 1551 4938 canonicum
1585 4876 1697 4948 tuerit,
1734 4876 1871 4955 absque

1066 4992 1168 5038 morae
1196 4974 1381 5052 dispendio,
1412 4973 1635 5050 appellatione
1665 4974 1869 5050 postposita,

1065 5074 1230 5144 statuatis,
1256 5071 1428 5138 facientes,
1455 5072 1518 5132 etc.
1546 5072 1666 5131 Datum
1690 5071 1869 5148 Laterani,

1065 5174 1125 5234 Vll
1140 5169 1301 5231 kalendas
1314 5167 1487 5240 februarii,
1504 5183 1591 5229 anno
1608 5167 1797 5229 undecimo.
