3950 6200
105 302 165 363 865
485 298 594 365 PARS
622 302 823 365 PRIMA.-
839 303 1059 366 EXPOSITIO
1088 304 1132 367 IN
1161 302 1366 367 PSALMOS.
1686 308 1747 369 866

102 461 198 530 dicio,
215 462 328 523 utrum
343 475 443 538 opere
457 462 697 540 compleverint
710 462 896 526 doctrinam
953 478 1039 536 mea,
1065 479 1164 541 quam
1187 463 1418 541 multipliciter
1440 462 1500 525 tibi
1524 479 1603 526 caro
1626 480 1748 527 mee.»

101 575 204 621 sacrae
235 558 428 636 scripturae,
463 562 497 623 et
529 560 640 621 utrum
667 577 769 638 opera
796 561 897 637 digua
952 563 1040 622 Vere
1065 562 1177 623 anima
1201 577 1269 623 nou
1297 564 1406 639 potest
1432 562 1561 631 satiari,
1587 563 1653 623 nisi
1676 564 1749 625 solo

100 657 206 733 gloria
218 658 344 718 aeterna
360 656 511 729 iecerint,
524 661 556 721 et
572 661 681 720 utrum
698 660 770 720 haec
785 660 898 720 interr·
954 661 1036 732 Deo;
1068 659 1156 719 unde
1181 661 1420 735 Augustinus:
1447 661 1528 720 Cum
1563 661 1604 721 ad
1640 661 1747 722 solum

101 755 190 816 tione
209 753 298 815 bona
318 753 470 825 fecerint,
492 759 525 817 et
546 758 657 819 utrum
676 757 896 818 humilitatem
953 758 1055 816 Deum
1069 752 1116 834 (2)
1133 756 1354 833 appetendum
1369 760 1482 818 creata
1495 757 1539 819 sit
1553 759 1676 829 anima,
1692 760 1747 820 vi·

101 851 224 913 Christi
239 852 361 913 imitati
377 851 510 925 tuerint,
528 855 565 915 ut
580 869 601 915 a
616 854 759 925 Christo,
775 856 897 914 etcum

101 949 234 1011 Christo
258 964 390 1026 semper
413 951 647 1013 invenirentur
666 951 839 1023 vivificati,
866 954 898 1012 et

101 1047 290 1119 nutritius
311 1052 348 1109 in
369 1051 510 1122 foecthus
527 1052 612 1120 suis,
633 1050 720 1111 idest
739 1051 898 1126 peccato-

101 1162 172 1207 rum
186 1146 441 1208 damnarentur.

373 1415 513 1476 sliRMo
535 1415 630 1475 CXV.

99 1552 177 1624 Quod
201 1552 290 1611 beata
316 1554 407 1629 Virgo
428 1553 531 1612 dicitur
555 1554 668 1625 domus,
693 1555 738 1612 vel
761 1556 899 1628 templum

133 1642 235 1712 heta
258 1657 314 1715 qua
336 1643 436 1716 repleti
452 1654 568 1715 simus3
589 1652 619 1702 et
639 1643 675 1701 de
690 1643 792 1718 triplici
806 1643 900 1701 studio

131 1739 249 1789 nostro.

98 1879 324 1951 sepiebimur
337 1879 375 1961 tn
387 1880 485 1939 horus
499 1880 621 1943 domem
636 1879 726 1940 tuae:
740 1880 901 1940 serzeium

134 1974 193 2036 est
204 1975 371 2049 tempium
381 1975 491 2045 tuum,
508 1979 713 2038 mirabilem
725 1977 899 2051 nequitate.

133 2070 248 2150 (Psal.
263 2074 315 2144 64,
331 2070 380 2152 6.)

134 2224 266 2283 Domus
281 2221 416 2299 proprie
431 2221 577 2283 hominis
589 2224 641 2284 est
651 2222 809 2300 templum
823 2223 899 2299 Dei;

98 2319 153 2380 sed
176 2319 247 2381 hoc
271 2318 439 2395 praeoipue
458 2318 601 2394 intelligi
621 2321 730 2396 potest
749 2318 900 2381 debeata

96 2417 251 2493 Virgine.
269 2416 373 2477 Beata
395 2417 506 2477 autem
527 2417 632 2492 Virgo
656 2418 690 2478 et
710 2417 828 2478 domus
850 2418 902 2478 est

99 2513 226 2575 Christi
242 2512 401 2585 hominis,
419 2515 452 2574 et
466 2514 626 2589 templum
648 2513 719 2575 Dei.
742 2516 822 2586 Quae
837 2530 899 2576 ve-

98 2628 169 2672 rum
186 2614 308 2682 Deum,
323 2611 357 2672 et
371 2627 488 2673 verum
503 2611 672 2673 hominem
685 2612 810 2688 genuit,
827 2613 899 2688 ipsa

97 2708 180 2770 bene
196 2709 311 2785 potest
329 2707 396 2770 dici
415 2708 544 2781 domus,
568 2710 601 2771 et
618 2710 787 2787 templum.
809 2710 899 2772 Istud

96 2806 256 2884 equidem
275 2805 435 2883 templum
454 2806 697 2869 sanctificatum
713 2809 766 2870 est
786 2811 901 2870 mirc-

97 2906 158 2966 bitc
172 2907 214 2965 in
229 2905 405 2977 accitare.
421 2903 576 2966 Mirabile
588 2905 623 2965 in
635 2905 793 2982 aequitate
807 2905 902 2967 obla-

21 3037 22 3040 =
95 2999 213 3071 tionis,
226 2998 385 3061 videlicet
395 2999 625 3073 humanitatis,
638 3016 736 3077 quam
747 3015 902 3078 assump-

97 3097 139 3160 sit
159 3097 226 3160 Dei
252 3096 358 3158 Filius
374 3113 417 3159 ex
435 3099 584 3174 Virgine.
608 3099 727 3161 Docuit
747 3099 847 3171 enim,
865 3103 901 3161 ut

97 3196 192 3257 tanta
235 3194 410 3256 humilitas
453 3198 542 3258 esset
582 3194 617 3256 in
659 3196 898 3273 redemptione,

97 3294 227 3370 quanta
250 3290 315 3353 suit
339 3291 496 3368 superbia
522 3292 558 3353 in
582 3294 780 3370 perditione.
807 3296 900 3355 Unus

96 3391 185 3452 enim
233 3389 464 3450 creaturarum
501 3390 764 3462 rationabilium,
800 3391 900 3453 homo

96 3489 245 3562 scilicet,
260 3487 340 3564 quia
351 3487 460 3549 elatas
474 3488 681 3551 divinitatem
697 3490 897 3566 concupivit,

97 3586 154 3647 hei
170 3585 283 3647 Filius
299 3582 347 3664 (1)
359 3587 591 3647 creaturarum
606 3601 753 3647 summus
765 3601 803 3648 sc
816 3591 898 3649 emt-

94 3684 238 3745 uontctt
260 3684 414 3757 sormam
438 3685 535 3744 seret
553 3687 725 3759 compens
746 3682 897 3763 (Philip,

94 3782 124 3852 2,
140 3779 189 3860 7).
205 3781 290 3841 Haec
303 3781 355 3841 est
368 3779 428 3841 illa
443 3779 607 3841 mirabilis
622 3781 775 3858 aequitas,
788 3783 822 3843 et
836 3767 900 3842 miss

93 3877 217 3939 rabilis
246 3876 382 3949 oblatio,
418 3878 505 3941 mira
535 3878 693 3941 videlicet
726 3878 899 3941 humilitas

93 3979 216 4037 contra
253 3975 391 4053 impiam
419 3977 567 4037 nostram
603 3976 794 4054 superbiam
821 3998 828 4037 :
856 3979 900 4038 Iu

95 4074 197 4134 horris
221 4071 388 4148 siquidem
412 4072 512 4149 hujus
536 4076 658 4135 domus
677 4076 897 4149 replebamur.

91 4172 175 4232 orta
199 4169 257 4231 est
279 4169 368 4230 enim
393 4169 496 4231 tames
520 4170 556 4231 in
579 4172 748 4248 AEgypto:
774 4171 898 4248 ioseph

91 4266 271 4344 congessit
283 4266 485 4329 trumentum
499 4268 536 4329 in
549 4268 725 4330 cellarium
739 4268 779 4330 ad
791 4268 900 4330 reiec-

90 4366 224 4427 tionem
250 4364 352 4427 totius
376 4365 502 4443 populi.
539 4367 657 4427 Fames
681 4366 716 4427 in
740 4367 897 4443 AEgypto,

953 852 1050 914 detur
1064 853 1094 914 ei
1111 853 1196 914 nihil
1211 853 1375 926 sufficere,
1397 854 1482 931 quod
1505 871 1569 917 non
1590 857 1634 917 sit
1649 859 1746 917 Deus.

953 946 1090 1011 Constat
1103 949 1250 1027 proiecto
1266 952 1300 1011 in
1316 954 1359 1026 te,
1376 967 1395 1012 o
1411 952 1507 1014 beata
1522 953 1641 1025 Maria,
1659 971 1748 1031 quo-

953 1047 1044 1108 niam
1059 1048 1095 1108 in
1113 1042 1288 1109 cellariu'm
1303 1049 1390 1111 uteri
1410 1050 1459 1111 tui
1475 1051 1643 1126 congessit
1658 1068 1752 1113 sum-

953 1161 1027 1206 mus
1038 1143 1279 1221 paterfamilias
1289 1145 1401 1208 omnia
1412 1148 1604 1209 necessaria
1613 1148 1750 1211 familiae

954 1258 1036 1304 sum.
1054 1244 1158 1314 Quam
1173 1243 1390 1305 refectionem
1405 1245 1478 1323 ipsa
1494 1260 1572 1307 caro
1588 1247 1752 1325 multipli-

954 1341 1039 1402 citer
1054 1341 1134 1413 sitit,
1152 1342 1230 1418 quia
1245 1343 1435 1415 esuriendo,
1451 1344 1605 1417 sitiendo,
1621 1345 1750 1407 lasses-

954 1437 1071 1511 cendo,
1088 1454 1155 1500 uon
1170 1440 1299 1502 invenit
1310 1440 1411 1501 homo
1425 1440 1608 1502 remedium
1623 1442 1657 1503 in
1672 1446 1753 1506 tem·

954 1535 1141 1613 poralibus;
1163 1537 1251 1599 unde
1273 1538 1483 1613 Gregorius:
1506 1539 1671 1617 Quidquid
1687 1541 1753 1603 sibi

955 1634 1052 1710 parat
1066 1631 1114 1713 (3)
1136 1633 1237 1695 homo
1256 1634 1298 1695 ad
1318 1634 1484 1708 solatium,
1502 1636 1644 1698 vertitur
1663 1638 1695 1698 ei
1717 1636 1752 1699 tn
1803 1642 1807 1657 ’

954 1730 1101 1792 radium.
1116 1732 1260 1809 ideoque
1270 1731 1375 1794 tames
1390 1734 1488 1795 estin
1502 1735 1642 1809 mundo;
1656 1750 1751 1814 prop

955 1830 1007 1890 ter
1019 1829 1104 1906 quod
1118 1829 1276 1892 videlicet
1288 1830 1461 1892 cellarium
1476 1832 1562 1893 uteri
1577 1833 1753 1910 virginalis

956 1927 1100 1988 munivit
1114 1930 1202 1988 Deus
1221 1926 1281 1989 illo
1297 1927 1474 2003 frumento,
1491 1929 1531 1991 de
1550 1946 1615 2007 quo
1630 1931 1755 1994 dicitur

957 2023 1082 2103 (ioan,
1106 2026 1155 2100 12,
1171 2027 1210 2086 24
1233 2026 1267 2087 et
1285 2026 1339 2104 25)
1356 2047 1364 2086 2
1380 2043 1399 2087 s
1414 2028 1488 2088 Nisi
1510 2043 1652 2103 granum
1677 2029 1775 2111 inu-¹

957 2123 1059 2184 menti
1081 2123 1205 2185 cadens
1230 2123 1422 2193 interram,
1447 2127 1613 2187 mortuum
1640 2126 1752 2202 suerit,
1801 2171 1807 2177 ·

955 2221 1065 2297 ipsum
1078 2222 1187 2282 solum
1201 2224 1322 2294 manet,
1337 2224 1399 2283 etc.
1414 2240 1433 2283 r

995 2317 1073 2379 ideo
1085 2317 1170 2380 bene
1182 2318 1326 2381 dicitur:
1343 2322 1572 2394 sectabimur,
1588 2316 1674 2384 idest
1690 2323 1752 2386 ite-

955 2428 1042 2487 rum,
1064 2416 1245 2489 etiterum,
1267 2417 1363 2494 quasi
1383 2417 1435 2478 bis
1454 2418 1677 2496 implebimur,
1694 2422 1751 2482 vi-

955 2512 1076 2575 delicet
1102 2514 1254 2591 corporis
1281 2514 1542 2589 immortalitate,
1573 2520 1606 2580 et
1631 2519 1753 2581 animae

955 2611 1216 2687 glorificatione;
1237 2613 1396 2689 quoniam
1411 2628 1455 2675 ex
1468 2614 1542 2691 ipsa
1557 2614 1655 2678 beata
1670 2618 1753 2678 Vir·

955 2708 1034 2784 gine
1048 2709 1210 2771 habemus
1225 2710 1311 2787 quod
1330 2711 1463 2787 supplet
1484 2713 1519 2773 in
1542 2713 1637 2774 nobis
1653 2715 1753 2792 quid-

956 2803 1034 2881 quid
1055 2805 1181 2875 deerat,
1204 2804 1362 2868 videlicet
1381 2807 1594 2883 corruptione
1610 2813 1751 2882 naturae,

956 2901 1129 2964 etdeiectu
1140 2901 1357 2976 virtutumet
1366 2902 1572 2967 abundantia
1582 2906 1751 2969 vitiorum.

956 3002 1053 3062 Hunc
1078 3000 1245 3077 triplicem
1274 2999 1439 3063 detectum
1471 3004 1565 3065 notat
1589 3007 1755 3068 ieremias

955 3096 1001 3177 (1,
1017 3095 1071 3178 23)
1084 3119 1092 3159 :
1106 3114 1124 3159 u
1139 3099 1263 3175 Aspexi
1277 3101 1415 3172 terram,
1432 3102 1465 3163 et
1479 3117 1557 3163 ecce
1571 3105 1644 3165 erat
1656 3107 1753 3180 quasi

954 3211 1073 3269 vacua,
1092 3197 1125 3258 et
1144 3195 1241 3273 quasi
1261 3196 1345 3258 nihil
1363 3195 1457 3276 »(4).
1481 3198 1652 3276 Siquidem
1677 3217 1754 3263 cor-

954 3294 1144 3371 ruptionem
1175 3293 1321 3355 hominis
1353 3295 1508 3367 ostendit,
1537 3312 1613 3357 cum
1645 3298 1750 3361 dicit:

955 3394 1086 3464 aspect
1119 3390 1270 3463 terram
1301 3389 1457 3467 quoniam
1489 3407 1549 3468 per
1580 3396 1752 3470 peccatum

955 3487 1055 3548 homo
1080 3487 1116 3547 in
1142 3487 1280 3561 terram,
1306 3490 1341 3550 et
1365 3489 1593 3552 terrenitatem
1618 3494 1669 3552 est
1691 3508 1751 3555 re-

954 3599 1084 3658 versus,
1101 3585 1157 3663 qui
1173 3585 1214 3646 ad
1229 3584 1410 3662 imaginem
1426 3587 1485 3649 Dei
1500 3587 1607 3651 luctus
1623 3589 1748 3664 luerat;

954 3683 1042 3744 unde
1065 3682 1149 3745 dicit
1170 3682 1233 3745 iob
1257 3682 1322 3762 (38,
1349 3682 1402 3762 14)
1417 3699 1463 3745 2«
1484 3686 1690 3750 Restituetur
1716 3693 1752 3751 ut

954 3771 1061 3842 lutum
1076 3779 1298 3857 signaculum.
1315 3798 1334 3841 o
1354 3783 1401 3843 lte
1419 3782 1479 3843 rili
1501 3783 1664 3861 siquidem
1679 3786 1751 3849 luto

954 3877 1062 3940 iactus
1083 3880 1136 3940 est
1155 3876 1256 3941 homo
1271 3878 1306 3939 iu
1328 3880 1435 3956 prima
1458 3881 1512 3942 sui
1532 3883 1748 3946 conditiones

953 3976 1115 4038 honorem
1130 3979 1243 4038 autem
1262 3978 1402 4055 accepit,
1418 3994 1494 4040 cum
1516 3979 1623 4042 lactus
1642 3986 1694 4044 est
1707 3983 1749 4048 ad

953 4073 1145 4148 imaginem,
1162 4075 1196 4136 et
1209 4074 1462 4137 similitudinem
1484 4077 1555 4138 Dei.
1572 4080 1669 4141 Hunc
1682 4096 1748 4140 au-

953 4173 1019 4231 tem
1034 4170 1194 4233 honorem
1207 4171 1321 4233 amisit
1333 4187 1394 4249 per
1405 4175 1589 4249 peccatum,
1603 4176 1636 4236 et
1650 4177 1749 4240 rediit

954 4267 995 4328 ad
1015 4267 1194 4344 pristinum
1214 4269 1349 4342 statum,
1372 4268 1500 4330 scilicet
1520 4271 1695 4346 vilitatem,
1715 4279 1748 4337 et

953 4364 1211 4440 corruptionem.
1235 4364 1435 4427 Restituitur
1448 4369 1558 4428 alitem
1578 4383 1637 4445 per
1657 4370 1749 4434 truc·

91 4462 205 4525 fames
215 4463 269 4524 est
279 4462 315 4522 iu
325 4463 459 4535 mundo,
472 4464 646 4541 postquam
654 4477 753 4524 verus
761 4462 896 4541 ioseph,
952 4462 1022 4522 tum
1047 4461 1134 4523 uteri
1154 4462 1348 4537 virginalis3
1370 4461 1445 4524 ideo
1465 4463 1612 4527 diciturz
1632 4470 1749 4532 Resti-

89 4562 252 4624 Christus
265 4559 432 4630 videlicet,
448 4559 651 4623 trumentum
665 4560 813 4622 omnium
827 4562 899 4623 rir-
953 4560 1065 4620 tuetur
1079 4559 1116 4619 ut
1134 4558 1239 4619 lutum
1260 4558 1482 4635 signaculum.
1502 4562 1624 4625 Dicens
1644 4565 1749 4643 igitur

90 4661 206 4720 tutum
221 4657 393 4734 congessit
406 4659 441 4719 in
457 4658 629 4720 cellarium
645 4674 753 4729 suum,
770 4658 899 4721 scilicet
951 4655 1144 4718 ieremias:
1172 4660 1304 4731 aspect
1325 4658 1472 4734 terram,
1498 4664 1747 4739 corruptionem
1813 4651 1833 4676 ‘

88 4755 205 4818 heatae
234 4754 384 4830 Virginis
410 4754 451 4817 ad
486 4754 702 4817 reiectionem
731 4757 895 4828 nostram;
952 4752 1111 4828 ostendit3
1140 4752 1304 4816 deiectum
1330 4755 1441 4818 autem
1472 4757 1644 4832 virtutum,
1670 4777 1746 4825 cum

90 4868 198 4930 quam
232 4851 450 4914 reiectionem
487 4852 655 4929 Propheta
687 4852 895 4924 desiderans,
952 4850 1375 4916 dioltzli'ccecacuaerot.
1390 4855 1746 4922 Menaenimhominis
1853 4913 1859 4922 .

88 4950 180 5012 dicit
203 4947 309 5029 (Psal.
334 4951 386 5025 62,
408 4947 442 5031 2)
464 4967 508 5011 :s
530 4949 644 5014 sitivit
668 4950 702 5011 in
726 4951 760 5012 te
784 4951 897 5011 anima
951 4948 1742 5035 estuirtutibusracua‚cumestpeccatispleua;

127 5144 175 5214 (1)
195 5142 248 5200 bei
263 5142 359 5208 Filius,
375 5152 429 5201 etc.
451 5146 483 5203 ln
500 5145 625 5217 Epistola
648 5144 684 5202 ad
700 5143 895 5216 colossenses,
951 5145 1084 5203 tentiaer
1097 5145 1147 5203 lib.
1159 5149 1171 5205 l
1181 5144 1357 5215 Contemm.
1370 5148 1384 5203 1
1395 5160 1403 5202 :
1414 5169 1425 5198 ι
1437 5148 1541 5210 Fecisti
1552 5165 1605 5208 uos
1616 5151 1652 5208 ed
1663 5159 1702 5222 te,
1715 5162 1745 5213 et

87 5228 161 5287 cap.
185 5214 211 5283 1,
231 5227 308 5271 vers.
326 5214 369 5271 15.
392 5216 443 5273 Dei
464 5215 552 5273 Filius
576 5215 679 5273 dicitur
732 5216 788 5271 imo
804 5215 897 5272 unitus
952 5217 980 5275 in
1003 5218 1108 5274 uictum
1119 5222 1219 5275 estoor
1229 5226 1367 5287 nostrum,
1376 5217 1675 5291 donecrequlescate'n
1685 5231 1741 5283 te.»

87 5284 189 5341 omnis
205 5289 346 5341 mouture
350 5301 363 5352 ,·
377 5284 460 5353 idest,
474 5286 516 5343 uti
531 5287 653 5358 explicat
668 5288 769 5344 Gossa
785 5231 895 5343 futerli·
982 5230 1029 5416 ἓ)
1043 5286 1183 5358 Quidquid
1195 5288 1249 5345 sibi
1264 5293 1353 5361 parat,
1368 5297 1423 5345 etc.
1438 5292 1520 5347 Forte
1534 5294 1745 5368 9111οωί166,

88 5355 195 5412 neoris
210 5370 218 5413 :
236 5355 310 5411 Ante
328 5370 435 5412 munem
453 5361 616 5413 cremuram
630 5358 756 5427 pentum
770 5365 819 5414 et:
836 5357 898 5427 lpse
951 5358 981 5415 iu
1016 5356 1513 5431 rang.:«Corporalesdetlciacum
1524 5362 1742 5437 nonhabentur,

87 5426 176 5482 sotus
184 5426 306 5495 mauu,
321 5427 382 5482 olio
395 5431 501 5483 creato
514 5426 621 5484 Eodem
632 5442 719 5484 sensu
733 5428 779 5484 hic
793 5427 898 5485 dicitur
950 5425 1744 5576 fiftenmeggnuffigegffiffigffeffissuz{mggtffiffi

84 5499 300 5552 creaturam
323 5512 466 5565 summus,
493 5496 567 5555 idest
589 5512 675 5572 supra
694 5512 795 5555 omnes
814 5511 895 5555 crea·

87 5575 189 5624 tures.
951 5576 1067 5628 vertunt
1082 5589 1105 5626 ι.
1577 5597 1587 5616 ·

128 5637 178 5708 (2)
193 5637 263 5696 Cum
275 5635 310 5694 od
320 5637 412 5696 solum
420 5638 705 5710 hermophilum
713 5647 825 5714 sumpte
835 5655 897 5699 sen·
986 5642 1029 5712 (1)
1045 5641 1128 5714 vulg.
1148 5653 1155 5695 :
1171 5647 1428 5713 moeremium,
1443 5642 1573 5736 etnihhi.

243 5781 453 5830 urrunnun
469 5774 519 5834 Vl.
566 5803 568 5806 ·
1298 5787 1307 5806 ¹
1370 5785 1376 5800 '
1473 5773 1557 5842 ’ΞΒ
1618 5797 1623 5806 ·
