3950 6200
54 3149 56 3208 v

54 3361 56 3498 l

54 3503 56 3592 l
136 3502 215 3566 Quod
227 3503 363 3577 matres
377 3516 447 3563 aon
461 3501 629 3563 vocentur
641 3502 816 3578 mapale.

54 3601 56 3676 l

107 345 158 410 329
433 340 541 403 PARS
561 300 725 403 usaria.
741 373 781 387 -
795 342 1080 404 COLLATIONES
1107 341 1374 403 MONASTICAE.
1655 346 1725 405 «330

108 504 184 567 nisse
196 503 251 564 aut
267 500 391 563 vidisse
404 499 583 572 affirmant,
604 516 639 561 se
653 500 871 576 ingurgitant,
1177 521 1379 581 COLLATIO
1401 522 1471 580 XX,

108 598 259 664 dalnntur
266 598 507 659 immundorum
514 613 606 658 more
619 598 826 670 animalium,
837 598 873 659 in

108 696 299 762 conscientiis
309 696 380 756 suis
391 694 630 757 immundiores
639 697 672 757 et
681 694 874 756 rabidorum
1030 656 1111 719 ΟΜ
1124 656 1209 714 ὒοηα
1224 654 1431 727 mmmm
1447 656 1566 715 omnm
1581 670 1628 715 θῶ

108 811 181 859 nore
199 810 316 856 canum
329 795 514 870 queruntur
525 792 566 854 de
581 792 758 869 disciplina
772 810 874 870 regu·
1081 752 1290 822 ⁸²⁶⁰se⁰²²⁰²w
1304 754 1349 811 od
1363 754 1572 859 ‚ECCWSWW

106 891 429 967 lari,decorrectione
445 891 632 967 religionis,
658 891 698 951 de
720 891 792 967 ipso
812 894 875 953 Or·
967 891 1076 953 Mater
1097 892 1243 953 omnium
1264 892 1492 964 ecclesiarum,
1521 892 1652 965 fratres,
1674 894 1725 956 est

106 991 209 1052 lineet
225 988 384 1065 praelatis,
401 988 562 1050 adversus
576 1004 633 1050 eos
655 988 828 1057 latrantes,
842 989 875 1050 et
929 990 1090 1060 Romana,
1118 990 1152 1049 et
1170 988 1304 1050 domina
1336 990 1484 1051 omnium
1509 991 1561 1051 est
1585 990 1725 1066 religio·
1750 976 1752 979 ’

106 1088 239 1166 mantum
249 1087 389 1161 possunt
400 1085 602 1147 mordentes.
620 1086 873 1148 Detrabentium
928 1084 1724 1157 numvadam,etrecommendabofratresmeos

106 1185 174 1246 enin
197 1198 262 1245 vox
283 1183 357 1244 baec
381 1183 433 1244 est
457 1203 465 1242 ε
493 1184 577 1244 Vitae
602 1182 686 1243 mibi
713 1182 874 1260 perfectio
928 1183 1052 1244 sanctae
1068 1182 1238 1255 Ecclesiae,
1255 1185 1349 1258 cujus
1366 1184 1522 1259 potentiae
1537 1184 1632 1259 virga
1646 1199 1724 1259 per·

106 1281 188 1353 deest,
202 1279 351 1341 scientiae
360 1279 412 1343 vel
428 1279 611 1357 peculiaris
627 1281 745 1355 gratiae
761 1280 873 1342 facul·
928 1281 1094 1342 cellantur
1118 1280 1286 1352 malevoli,
1310 1282 1343 1342 et
1368 1280 1428 1340 filii
1453 1281 1512 1341 Dei
1533 1282 1569 1341 in
1589 1286 1723 1342 aeternae

105 1380 211 1439 nsnon
225 1376 382 1453 suppetit,
396 1390 437 1438 ac
450 1391 510 1453 per
521 1376 586 1439 boc
598 1392 659 1439 nec
672 1377 758 1454 apud
770 1380 873 1439 Deum
928 1377 1047 1439 salutis
1067 1379 1282 1453 augmentum
1304 1377 1426 1454 ubique
1441 1377 1540 1454 plena
1558 1378 1725 1451 gaudeant

106 1473 193 1537 locun
215 1474 376 1547 invenio,
403 1490 466 1536 nec
487 1475 574 1551 apud
602 1474 765 1536 homines.
796 1476 873 1537 Scio
928 1474 1092 1537 libertate.
1117 1477 1371 1551 Recognoscant
1393 1491 1435 1536 ar
1450 1475 1513 1535 hoc
1535 1474 1598 1535 dlii
1612 1475 1723 1537 dulcia

106 1572 167 1650 qnid
177 1570 292 1634 faciam
307 1588 315 1631 :
331 1574 457 1633 Ponam
473 1571 638 1633 maculam
653 1572 688 1633 in
699 1572 825 1637 electis.
840 1574 875 1634 et
927 1571 1089 1633 beneficia
1103 1572 1230 1644 matris,
1248 1574 1281 1634 et
1295 1572 1433 1649 speciali
1448 1572 1625 1634 devotione
1635 1589 1726 1633 sem-

107 1668 174 1747 apud
193 1671 340 1746 majores
369 1669 513 1745 gratiam
538 1669 766 1747 promerebor.
797 1671 874 1732 Scio
927 1685 987 1747 par
1008 1669 1114 1746 ipsius
1134 1670 1320 1731 reverenda
1340 1669 1482 1745 vestigia
1498 1669 1725 1745 complectan-

105 1766 251 1843 praelatum
269 1782 383 1828 meum
401 1766 572 1828 hominem
590 1782 675 1839 asse,
691 1767 873 1844 eodemque
926 1771 992 1827 tur.
1018 1768 1093 1829 Non
1112 1768 1187 1841 erit,
1213 1767 1288 1844 ipsa
1310 1768 1514 1844 protegente,
1543 1768 1580 1828 in
1602 1769 1721 1829 ordina

107 1879 209 1926 mecum
228 1864 430 1941 quandoque
446 1863 495 1924 uti
510 1864 631 1936 officio,
649 1880 713 1941 quo
732 1865 873 1927 succisis
927 1864 1036 1925 malus
1058 1880 1229 1937 occursus,
1253 1880 1314 1926 nac
1335 1864 1425 1925 illius
1449 1865 1555 1926 Belial
1581 1881 1640 1942 per
1667 1866 1722 1926 vi-
1785 1852 1789 1859 “

105 1961 203 2033 adria,
229 1962 323 2023 solus
353 1962 508 2023 videatur
530 1977 644 2024 ramus
665 1963 700 2023 in
720 1962 787 2025 via.
813 1963 872 2024 Eia
927 1975 1026 2024 neam
1045 1961 1177 2024 Domini
1196 1963 1353 2025 transibit
1381 1962 1528 2040 impunis
1541 1962 1600 2042 (2).
1633 1966 1725 2024 Pau·

105 2059 191 2131 uber,
206 2059 364 2123 humanis
386 2059 741 2136 corporibusvescere,
751 2060 872 2137 etquia
927 2059 1066 2135 pertatis
1081 2061 1204 2121 nostrae
1219 2060 1293 2136 ipsa
1312 2062 1428 2122 sancta
1449 2060 1599 2122 Ecclesia
1614 2077 1722 2123 aemu-

104 2158 193 2218 vivere
215 2157 314 2219 aliter
335 2173 405 2219 non
438 2157 547 2233 putee,
577 2156 719 2220 fratrum
741 2158 872 2220 viscera
926 2155 1051 2218 labitur
1064 2157 1469 2233 gloriam‚etl1umilitatis
1484 2159 1650 2234 praeconia
1665 2174 1724 2234 per

105 2253 224 2315 enode.
254 2255 358 2317 Tales
382 2254 463 2317 boni
488 2255 623 2317 student
645 2254 770 2326 videri,
805 2270 872 2317 non
927 2253 1084 2331 superbia
1107 2254 1257 2315 nubilum
1281 2254 1440 2317 offuscari
1460 2271 1527 2315 non
1542 2256 1640 2316 sinat.
1658 2258 1723 2317 Ca·

105 2349 167 2422 leri,
179 2352 373 2414 accusantes
386 2352 479 2425 vitia,
491 2368 554 2413 nec
563 2353 646 2414 vitia
656 2352 869 2429 deponentes,
926 2352 1037 2413 citatis
1056 2353 1090 2414 et
1114 2353 1208 2429 pacis
1228 2353 1363 2414 vincula
1386 2353 1421 2413 in
1450 2352 1544 2414 nobis
1575 2353 1722 2415 servabit

105 2446 171 2509 solos
184 2464 236 2512 eos
250 2449 404 2522 laudant,
421 2466 561 2527 quorum
573 2451 711 2527 cupiunt
724 2450 873 2511 auctori·
926 2449 1045 2523 illaesa,
1061 2464 1203 2511 censura
1216 2450 1428 2512 strictissima
1447 2451 1637 2527 percutiens
1657 2451 1722 2511 dis-

104 2546 152 2607 tata
162 2546 270 2620 loveri,
285 2548 429 2610 silentes
444 2547 640 2619 alaudibus,
653 2564 735 2625 quas
746 2547 787 2609 ad
802 2547 873 2609 lau·
927 2546 1084 2609 sidentes.
1105 2548 1316 2622 Evangelicae
1338 2547 1493 2624 puritatis
1505 2548 1721 2610 observantia

105 2640 264 2706 Eunonen
279 2645 452 2713 cesimant
472 2645 647 2722 reportari.
670 2648 800 2722 Jejunae
815 2645 870 2706 fa·
926 2660 1024 2711 saera
1048 2646 1206 2708 continue
1232 2647 1305 2722 ejus
1330 2646 1467 2721 aspectu
1491 2645 1634 2719 florebit,
1657 2662 1719 2708 nec

104 2739 307 2817 claipallerem
323 2742 526 2820 perniciosis
540 2743 694 2805 laudibus
708 2743 866 2816 vendunt,
926 2742 1062 2805 odorem
1077 2743 1154 2806 vitae
1164 2743 1218 2806 vel
1234 2743 1276 2805 ad
1291 2743 1409 2805 boram
1423 2743 1511 2805 elabi
1526 2745 1682 2822 patietur.

104 2837 130 2898 ut
138 2839 315 2915 spirituales
326 2840 518 2913 videantur,
534 2841 591 2918 qui
606 2840 789 2918 dijudicent
800 2857 867 2902 om·
992 2870 1000 2879 ·

105 2935 152 3007 uia,
163 2940 193 3000 et
210 2938 271 3015 ipsi
288 2954 309 3001 a
333 2938 467 3000 nemine
484 2938 689 3016 judicentur.
715 2939 868 3001 Gaudent
1165 2977 1368 3037 COLLATIO
1390 2978 1477 3038 XXI·

104 3035 258 3099 alcoinus
282 3036 456 3114 opinione,
481 3051 549 3099 non
575 3051 690 3115 opere;
714 3037 865 3115 angelico

102 3132 217 3207 nonme,
232 3151 298 3196 110„
312 3134 452 3197 virtute·
953 3114 1004 3171 De
1019 3111 1296 3172 tribulationibus
1305 3114 1496 3187 recipiente,
1513 3112 1546 3172 et
1562 3115 1702 3188 Reputo
1811 3191 1815 3198 ἢ

1210 3210 1435 3270 sectatorom.

311 3369 519 3431 COLLAT10
540 3369 627 3429 xlx,
963 3349 1084 3410 Veniet
1109 3351 1248 3425 tempus,
1274 3348 1394 3411 fratres
1420 3350 1496 3422 mei,
1528 3364 1601 3410 cum
1622 3337 1720 3409 malis

922 3543 1722 3620 religiodiffamabitur‚itautpudeaterirainpu·

128 3638 169 3700 Na
187 3641 362 3719 appetatis,
390 3640 522 3713 fratres,
555 3642 669 3704 vocari
701 3642 864 3718 magistri,
922 3641 1718 3717 blicamQuiverotunctemporisadsuscipian·

54 3743 55 3760 ¹
101 3734 214 3800 scientes
234 3754 359 3802 nomen
381 3739 567 3814 magisterii
582 3739 645 3802 soli
656 3740 719 3815 ipsi
735 3739 867 3801 Christo
922 3738 1162 3801 dumhabitum
1178 3738 1310 3799 Ordinis
1329 3739 1495 3811 venerint,
1517 3738 1588 3800 sola
1611 3738 1719 3799 sancti

54 3825 55 3844 ¹
102 3837 559 3915 movenire,perquemomnia
571 3836 864 3913 factasuntopera.
924 3837 1069 3915 Spiritus
1084 3836 1278 3913 operatione
1293 3837 1467 3907 ducentur,
1488 3838 1522 3900 et
1540 3836 1667 3898 nullam
1682 3837 1718 3897 in

102 3929 270 4006 lgovallem
282 3935 430 3997 libenter
443 3935 529 3996 scira
545 3934 656 3996 facere
671 3934 793 4007 omnia,
809 3934 866 3996 sed
922 3936 972 3997 eis
1004 3935 1170 3997 maculam
1198 3950 1277 3996 caro
1308 3935 1471 4011 impinget
1502 3935 1536 3997 et
1567 3934 1716 4010 sanguis,

102 4027 196 4092 nollem
207 4048 278 4095 esse
294 4032 468 4109 magister,
487 4047 551 4094 nec
565 4032 717 4108 magistri
732 4031 868 4094 nomine
922 4036 1086 4112 erurmque
1100 4050 1179 4096 vare
1192 4050 1212 4095 a
1226 4033 1366 4095 Domino
1385 4033 1562 4097 benedicti.
1586 4034 1626 4094 Et
1640 4035 1719 4095 licet

101 4121 240 4205 indgnior,
256 4148 299 4192 ne
312 4147 358 4192 ex
371 4130 432 4193 tali
448 4131 582 4192 nomina
596 4133 713 4191 contra
728 4128 866 4191 verbum
922 4132 957 4192 in
972 4132 1022 4192 eis
1036 4131 1161 4194 fuerint
1173 4131 1385 4209 operationes
1398 4132 1590 4202 meritoriae,
1606 4133 1718 4193 tamen

103 4219 197 4287 cinni
210 4228 244 4288 in
258 4228 445 4304 Evangelio
459 4227 666 4305 prohibentis
689 4227 805 4289 facere·
814 4227 867 4288 ui·
921 4228 1123 4305 frigescente
1134 4227 1307 4301 charitate,
1320 4245 1394 4306 quoae
1405 4227 1484 4291 facit
1499 4232 1631 4289 sanctos
1642 4245 1717 4304 ope·

101 4315 182 4382 darer.
207 4326 287 4397 Quia
313 4324 434 4386 melius
455 4326 506 4388 est
530 4324 775 4386 essebumilem
792 4341 867 4386 cum
921 4326 991 4388 rari
1006 4326 1185 4398 ferventer,
1207 4325 1358 4387 venturae
1376 4326 1454 4386 sunt
1471 4325 1540 4385 illis
1559 4325 1718 4387 tentatio·

101 4423 272 4496 paupercula
282 4439 347 4484 sua
363 4424 518 4497 scientia,
530 4437 641 4500 quam,
656 4422 685 4483 si
696 4425 782 4484 esset
794 4438 867 4499 pos·
921 4440 980 4484 nes
995 4424 1167 4485 immensae
1182 4439 1189 4484 :
1204 4423 1305 4499 etqui
1317 4423 1510 4499 intempore
1524 4422 1582 4482 illo
1594 4422 1717 4486 fuerint

101 4510 183 4590 oble,
197 4523 280 4582 scira
293 4521 408 4582 facere
429 4521 541 4582 omnia
561 4518 608 4600 (1)
625 4519 804 4591 mirabilia,
833 4521 866 4581 et
920 4520 1049 4582 inventi
1062 4519 1203 4597 probati,
1220 4522 1319 4582 erunt
1333 4520 1402 4579 suis
1414 4520 1715 4597 praedecessoribus

100 4617 250 4691 magnalia,
284 4620 319 4680 et
349 4633 553 4696 praesumere
582 4619 698 4680 contra
726 4617 864 4694 gloriosi
914 4618 1086 4708 meliores.
1110 4620 1167 4680 Vae
1184 4618 1239 4695 qui
1260 4618 1301 4678 da
1323 4617 1395 4678 sola
1422 4618 1532 4694 specie
1554 4620 1586 4680 et
1608 4634 1714 4696 appa-

100 4711 223 4785 magistri
237 4715 379 4778 humilia
398 4716 606 4777 documenta.
632 4717 717 4777 Nam
744 4731 864 4776 nomen
919 4716 1028 4778 rentia
1050 4714 1315 4777 conversationis
1330 4714 1505 4791 ‘religiosae
1527 4715 1591 4777 sibi
1617 4716 1714 4793 plau-

101 4809 255 4883 monsterii
284 4814 410 4875 nemini
442 4814 598 4876 convenit
629 4814 695 4873 nisi
725 4812 864 4874 Domino
919 4813 1046 4888 dentes,
1071 4814 1104 4875 et
1129 4813 1164 4874 in
1178 4829 1238 4873 sua
1259 4813 1423 4890 sapientia
1437 4814 1469 4875 et
1484 4814 1623 4875 scientia
1638 4830 1713 4874 con·

100 4902 160 4965 lesu
172 4908 305 4986 Christo,
321 4914 416 4989 cujus
435 4911 582 4989 perfecta
601 4912 679 4973 sunt
703 4926 815 4987 opera,
832 4913 865 4971 et
919 4910 1069 4983 fidentes
1084 4910 1211 4972 inventi
1227 4909 1350 4972 fuerint
1372 4911 1483 4979 otiosi,
1510 4911 1618 4982 idest,
1646 4925 1712 4971 non

101 5004 242 5070 mandavit
258 5010 293 5071 ut
312 5008 424 5071 nullus
444 5026 545 5086 super
565 5011 689 5071 terram
705 5008 865 5084 magister
919 5009 1143 5070 exercitantes
1155 5023 1191 5069 se
1206 5009 1240 5068 in
1256 5008 1412 5085 operibus
1428 5008 1597 5079 virtuosis,
1628 5008 1711 5068 etin

101 5107 263 5177 vocaretur,
294 5124 354 5169 nec
379 5108 494 5170 vocari
521 5107 755 5184 praesumeret,
785 5107 863 5182 quoia
918 5106 973 5169 via
1002 5107 1112 5168 crucis
1132 5112 1165 5168 et
1186 5106 1408 5183 poenitentiae,
1426 5105 1462 5164 in
1486 5120 1569 5181 pura
1596 5103 1712 5165 obser-

103 5203 263 5265 urseolus
277 5206 309 5267 et
321 5221 420 5267 verus
434 5205 559 5282 absque
572 5204 703 5266 defectu
721 5206 756 5265 in
772 5204 863 5266 caelis
917 5204 1032 5268 varitia
1052 5204 1236 5280 Evangelii,
1265 5203 1351 5279 quod
1366 5218 1408 5261 ex
1425 5200 1632 5277 professione
1656 5205 1710 5263 ta-

103 5296 301 5376 estllaglster
319 5303 513 5365 benedictus
536 5303 707 5374 Christus,
732 5303 790 5380 quvi
813 5303 864 5363 est
918 5302 1030 5363 tantur
1055 5316 1145 5378 pure.
1161 5304 1195 5362 et
1216 5298 1413 5387 simpliciter
1436 5297 1626 5360 observare.
1651 5300 1709 5361 Isti
1740 5303 1741 5308 ’

103 5387 170 5453 Deos
181 5396 284 5472 bomo,
298 5402 330 5463 et
338 5401 418 5476 vita,
435 5400 586 5463 conditor
601 5400 729 5472 mundi,
744 5399 863 5461 lauda·
918 5399 1008 5459 enim
1025 5414 1092 5460 non
1113 5398 1270 5460 resistent
1302 5396 1500 5456 constanter
1515 5396 1709 5457 tentationi-

103 5482 386 5572 bilis,etgloriosus
401 5498 586 5561 insaecula.
606 5503 719 5560 Arnen.
916 5496 989 5568 bus,
1006 5512 1080 5572 quae
1096 5495 1137 5556 ad
1158 5493 1385 5572 probationem
1400 5493 1580 5554 electorum
1600 5510 1621 5556 a
1643 5497 1709 5556 Deo

131 5671 165 5743 (¹)
180 5677 264 5746 llsrt,
279 5696 353 5752 nuru,
368 5685 410 5740 lo.
953 5680 994 5755 11)
1014 5678 1126 5738 Nahum
1140 5694 1158 5748 r,
1177 5680 1219 5736 13.

923 3447 1086 3522 exemplis
1099 3447 1262 3507 malorum
1277 3446 1417 3508 fratrum
1431 3446 1503 3507 lraec
1518 3449 1586 3507 Deo
1596 3446 1719 3508 dilecta
1824 3441 1829 3450 '
