3950 6200
227 184 269 248 115
842 182 1086 248 seneen-111
1107 184 1255 248 OPERA.
1829 192 1869 254 911

226 343 420 407 discretioni
444 345 564 407 vestrae
592 360 651 422 per
678 344 867 421 Apostolica
895 345 1019 421 scripta

229 444 435 514 mandantes,
449 445 612 520 quatenus
622 443 656 503 in
666 442 779 504 eadem
795 458 908 511 causa,
920 445 1019 517 juxta

227 541 375 617 priorum
398 541 586 602 litterarum
612 541 861 612 continentiam,
888 541 1019 602 ratione

223 638 353 714 praevia
377 637 573 715 procedatis.
599 638 691 709 Quod
713 639 742 697 si
757 654 823 699 non
838 653 952 699 omnes
965 638 1019 699 his

228 735 461 813 exsequendis,
472 734 534 796 etc.
549 736 668 796 Datum
682 736 933 807 Laterani,VIII
948 734 1015 795 kal.

224 834 324 911 iunii,
341 849 428 894 auno
443 832 653 908 pontificatus
669 832 774 893 nostri
789 832 926 893 decimo.

577 1072 674 1159 CLV

227 1228 279 1286 Ad
301 1227 497 1299 episcopam
524 1224 557 1284 et
584 1224 793 1298 propanam
824 1227 1017 1285 sciolorum

267 1324 534 1384 Cenomanensis
550 1324 716 1389 dioecesis,
732 1322 766 1382 et
779 1323 1019 1395 archipresby·

266 1420 381 1481 terum
394 1422 638 1495 Sagonensem.

526 1550 543 1607 i
556 1548 629 1622 junii
642 1548 720 1606 ilio.

259 1674 380 1740 [Rogest.,
391 1673 436 1724 lib.
447 1672 480 1732 X,
490 1670 563 1737 epist,
575 1671 631 1721 29².
645 1672 703 1722 Mss.
714 1670 878 1721 11111111
893 1671 986 1736 111111]

226 1797 638 1861 111111111111111111111
666 1796 729 1853 illos
753 1796 881 1854 ecclesie
907 1797 1018 1857 Sancte

262 1890 360 1949 111111
383 1887 536 1954 blesensis,
559 1885 607 1958 qui
635 1891 749 1958 propter
772 1882 1018 1957 participationem

262 1977 377 2036 sceleris
414 1972 551 2032 adversus
583 1975 735 2030 Hervaeum
766 1973 857 2045 ipsius
890 1973 1019 2031 ecclesiae

262 2063 406 2139 quondam
421 2062 552 2120 abbatem
568 2068 742 2134 perpetrato,
760 2060 947 2119 incurrerem
966 2061 1016 2118 de-

261 2152 392 2212 trudendi
408 2158 498 2223 erunt,
511 2149 547 2208 ab
560 2150 613 2207 isto
628 2150 801 2207 monasterio
823 2150 909 2225 longe
923 2157 1016 2208 11111-

263 2242 329 2300 11111
342 2242 456 2299 iaciant.

265 2378 432 2441 Honorius
443 2376 628 2453 episcopus,
639 2391 755 2436 servus
766 2391 936 2438 servorum
945 2375 1016 2447 bei,

225 2472 1016 2548 venerahililratri..episcopo,etdilectisliliis...

225 2573 384 2649 magistro
400 2569 589 2632 scholarum
598 2569 849 2641 cenomanensi,
860 2571 944 2639 et...,
957 2586 1018 2631 ar·

227 2668 476 2746 cbipresbytero
513 2667 711 2741 Sagonensi,
751 2667 1018 2728 Cenomamensis

225 2767 391 2838 dioecesis,
415 2763 555 2825 salutem
572 2763 606 2823 et
618 2762 841 2839 apostolicam
860 2764 1019 2826 benedic-

226 2865 361 2927 tionem.

264 2960 409 3023 Dilectus
433 2957 560 3019 iilius...
586 2957 688 3018 abbas
718 2958 868 3019 ccclesiae
888 2959 1017 3022 Sanctae

224 3059 341 3123 Mariae
358 3054 526 3119 Blesensis
540 3071 601 3117 sua
621 3055 716 3117 nobis
731 3055 889 3132 petitione
905 3073 1018 3118 mons-

224 3158 337 3224 travit,
359 3154 444 3232 quod
468 3170 543 3214 cum
565 3169 624 3229 per
637 3153 861 3214 venerabilem
881 3153 1017 3216 fratrem

225 3257 412 3316 nostrum...
429 3251 620 3328 episcopum
636 3251 882 3324 carnotensem,
899 3253 932 3313 et
944 3253 1017 3328 eJus

225 3352 370 3428 collegas
388 3348 637 3425 inquisitionem
659 3348 732 3408 lieri
751 3348 1017 3409 mandaverimus

225 3464 374 3527 supereo
387 3446 472 3525 quod
483 3446 635 3507 canonici
647 3446 794 3523 ejusdem
805 3445 1018 3508 ecclesiaebo·

225 3565 278 3611 nae
293 3544 461 3608 memoriae
473 3544 649 3603 Hervaeum
670 3544 817 3619 ejusdem
835 3542 900 3604 loci
911 3543 1016 3606 abba-

223 3647 292 3708 tem
311 3641 418 3704 occidi
435 3641 667 3718 procurarunt,
682 3639 813 3701 diabolo
824 3640 1013 3718 instigante,

223 3742 290 3819 ipsi
313 3739 452 3800 veritate
476 3738 643 3812 comperta
667 3737 827 3813 quosdam
841 3738 975 3800 illorum
996 3756 1017 3801 a

225 3839 295 3899 suis
326 3833 497 3897 ordinibus
522 3833 750 3909 degradandos
774 3834 932 3910 quosdam
956 3852 1015 3898 re-

223 3932 404 3997 trudendos
425 3931 461 3991 in
483 3944 660 4004 carcerem,
675 3932 708 3991 11
722 3931 881 4006 quosdam
901 3934 1016 3994 trans-

224 4031 378 4094 ferendos
393 4027 435 4089 ad
450 4026 604 4088 arctioris
619 4027 792 4102 religionis
812 4031 1016 4091 monasteria

224 4127 452 4192 decreuerunt.
478 4125 571 4187 Unde
594 4124 680 4184 idem
706 4123 807 4185 abbas
831 4126 927 4187 nobis
951 4128 1016 4187 hu-

222 4228 348 4289 militer
373 4222 572 4301 supplicavit
589 4224 625 4283 ut
647 4237 722 4281 cum
745 4238 812 4282 non
840 4225 885 4285 sit
907 4226 1015 4286 tutum

224 4341 300 4396 eos,
333 4323 389 4400 qui
422 4322 499 4382 sunt
532 4320 568 4379 in
603 4334 770 4380 carcerem
802 4321 1012 4396 retrudendi,

223 4423 303 4501 poni
332 4422 428 4497 juxta
454 4418 691 4480 monasterium
718 4435 824 4490 suum,
857 4435 896 4481 ec
927 4422 1014 4498 quod

223 4519 305 4580 illud
341 4532 401 4595 per
434 4516 694 4593 propinquorum
727 4530 863 4577 suorum
897 4519 1015 4594 poten-

221 4617 304 4679 tiam
325 4613 460 4692 gravius
481 4612 713 4688 perturbarent
733 4628 835 4689 super
859 4614 1014 4691 1111111-

222 4714 336 4776 ridere
357 4709 536 4771 salubriter
554 4709 778 4784 dignaremur,
795 4711 1014 4774 nihilominus

222 4807 437 4890 providendo,
461 4808 498 4869 ut
526 4805 614 4865 idem
644 4807 882 4867 monasterium
915 4808 1014 4869 citius

223 4907 423 4969 exoneretur
437 4903 478 4965 ab
493 4895 562 4963 iilis
577 4902 723 4980 quisunt
739 4903 780 4963 ad
796 4902 862 4964 alia
875 4919 1013 4966 monas-

221 5006 306 5066 teria
321 5000 553 5071 transferendi,
571 5001 604 5061 et
619 5004 655 5061 ut
667 4999 794 5060 malitia
810 5001 1015 5079 propinquo·

221 5118 296 5163 rum
324 5102 490 5177 ipsorum,
517 5097 573 5173 qui
599 5097 747 5171 graviter
770 5098 1015 5161 comminantur

222 5198 424 5259 monasterio
446 5193 611 5256 antedicto
627 5191 668 5252 ab
690 5193 838 5268 ejusdem
862 5194 1015 5258 molestia

222 5295 462 5369 compescatur.
470 5289 843 5363 Quocircamandamus,
852 5294 1014 5368 quatenus

224 5406 281 5452 eos
299 5390 450 5467 quisunt
468 5388 504 5448 in
527 5402 695 5448 carcerem
709 5386 902 5449 retrudendi
915 5389 1014 5466 longe

224 5487 265 5549 ab
279 5487 352 5564 ipso
364 5485 566 5547 monasterio
582 5485 802 5556 carcerantes,
819 5486 1013 5549 111111111-

1076 344 1179 406 rendo
1207 344 1249 405 ad
1277 344 1344 405 alia
1374 345 1576 408 monasteria
1606 347 1806 410 collocantes
1832 350 1868 411 in

1072 441 1166 514 locis,
1183 442 1218 501 in
1234 441 1351 518 quibus
1363 443 1514 505 videritis
1533 445 1702 521 expedire,
1717 446 1867 522 ipsorum

1074 539 1221 599 locorum
1236 540 1392 615 praelatcs
1416 540 1455 600 ad
1475 542 1702 617 recipiendum
1720 544 1865 616 eosdem,

1073 634 1254 695 monitione
1273 636 1455 711 praemissa,
1478 653 1537 713 per
1555 654 1731 700 censuram
1755 640 1867 700 eccle-

1073 731 1253 803 siasticam,
1280 732 1308 791 si
1333 749 1468 794 necesse
1491 733 1602 807 luerit,
1627 736 1865 812 compellend0,

1073 828 1236 888 dictorum
1252 830 1486 890 canonicorum
1507 832 1721 908 propinquos,
1734 834 1767 893 et
1781 849 1869 895 com·

1073 925 1176 1000 plices
1212 925 1401 986 eorumdem
1436 924 1477 987 ab
1511 928 1724 989 infestatione
1758 931 1866 1007 ipsius

1020 1068 1023 1075 .
1072 1021 1278 1093 monasterii,
1302 1023 1484 1084 monitione
1507 1026 1690 1100 praemissa,
1707 1042 1766 1102 per
1786 1044 1868 1088 cen-

1073 1135 1185 1179 suram
1205 1120 1363 1191 eamdem,
1381 1119 1510 1183 sublato
1530 1121 1763 1207 appellationis
1784 1122 1866 1184 obs-

1072 1216 1193 1288 taculo,
1206 1216 1423 1291 compellatis,
1435 1218 1598 1290 invocate,
1611 1219 1640 1278 si
1655 1234 1738 1296 opus
1753 1220 1864 1293 luerit,

1073 1312 1114 1372 ad
1148 1328 1263 1373 eorum
1293 1314 1455 1375 malitiam
1487 1316 1703 1375 coercendam
1737 1318 1866 1380 auxilio

1071 1409 1201 1470 brachii
1223 1410 1405 1471 saecularis.
1422 1411 1514 1482 Quod
1529 1412 1558 1472 si
1574 1429 1638 1473 non
1658 1429 1784 1487 omnes,
1801 1416 1864 1476 etc.

1073 1507 1192 1566 Datum
1226 1506 1398 1579 Laterani,
1429 1509 1472 1568 IV
1506 1524 1611 1571 nonas
1641 1509 1742 1586 J'unii,
1777 1526 1866 1573 anno

1073 1601 1213 1664 decime.

1413 1756 1529 1844 CLVI

1196 1907 1248 1965 Ad
1262 1908 1492 1977 Fridericum,
1506 1911 1740 1971 Ronccnornm

1337 2005 1595 2078 imperatorem.

1233 2130 1361 2205 (Absque
1379 2133 1465 2206 signo
1479 2133 1705 2208 chronologico.)

1156 2252 1294 2319 [Reyuald,
1308 2257 1401 2306 Annei.
1414 2258 1501 2308 eccles.
1514 2259 1546 2308 ed
1563 2273 1621 2308 ann.
1636 2259 1705 2319 1117,
1719 2260 1780 2324 11]

1073 2380 1114 2437 De
1129 2379 1190 2452 ipso
1207 2379 1392 2439 vehementer
1406 2385 1596 2456 conqueritur,
1616 2384 1692 2458 quod
1706 2385 1867 2443 Ecclesiam

1109 2469 1267 2526 Romanam
1296 2468 1445 2527 diffamare
1473 2472 1586 2541 nitetur,
1614 2473 1697 2546 cujus
1725 2473 1866 2531 beneficia

1107 2570 1177 2629 erga
1205 2558 1299 2628 ipsum
1327 2568 1491 2629 enumerat,
1516 2567 1676 2632 ceteraque
1700 2561 1865 2634 exprobrat,

1108 2658 1230 2701 monens
1247 2659 1281 2701 ne
1296 2645 1375 2702 illurn
1389 2661 1524 2720 prospera
1540 2647 1676 2706 seducant
1691 2657 1721 2707 11
1740 2649 1865 2707 adebita

1107 2730 1259 2789 devotione
1273 2741 1447 2791 removeant.

1112 2868 1313 2930 ‹Friderico
1328 2872 1553 2932 Romanorum
1568 2871 1761 2949 imperatori
1776 2888 1867 2933 sem-

1072 2980 1131 3042 per
1145 2968 1285 3041 augusto
1300 2970 1334 3028 et
1347 2969 1420 3043 regi
1436 2966 1571 3029 Siciliae.

1111 3079 1130 3124 r
1158 3063 1311 3125 Miranda
1337 3065 1404 3126 tuis
1439 3065 1592 3127 sensibus
1625 3067 1738 3128 nostra
1773 3066 1867 3129 venit

1072 3160 1867 3238 epistola,utscripsisti,sedmirabiliortuanos·

1071 3257 1143 3318 tris.
1172 3260 1258 3318 Sane
1286 3260 1315 3319 si
1344 3263 1465 3320 nostrae
1494 3261 1624 3336 paginae
1646 3260 1748 3321 verba
1772 3264 1865 3337 justo

1072 3353 1228 3415 librasses
1253 3357 1417 3427 examine,
1441 3357 1470 3416 si
1488 3357 1633 3418 litteram
1658 3357 1697 3418 ad
1722 3358 1866 3419 rivalem

1071 3467 1216 3524 sensum,
1243 3452 1421 3529 postposito
1444 3457 1596 3529 conjuge,
1612 3469 1678 3513 non
1702 3454 1866 3516 traxisses

1071 3548 1262 3625 interpretis
1277 3564 1343 3609 non
1358 3551 1503 3626 suspecti
1521 3551 1658 3626 jndicio,
1678 3551 1865 3613 invenisses

1070 3645 1209 3715 inillis,
1235 3646 1322 3706 unde
1346 3646 1512 3723 spirituali
1536 3648 1623 3725 patri
1648 3650 1813 3710 tenereris
1833 3651 1866 3712 et

1071 3742 1180 3804 matri.
1196 3744 1274 3803 Tuae
1290 3742 1421 3819 quidem
1436 3745 1532 3805 tenor
1546 3745 1694 3821 epistolae
1708 3747 1863 3808 contine-

1070 3838 1136 3910 bat,
1165 3839 1251 3915 quod
1278 3841 1399 3914 praeter
1427 3841 1573 3902 omnium
1602 3842 1806 3916 opinionem,
1832 3847 1866 3908 et

1071 3936 1213 3996 consilia
1233 3936 1431 4013 principum,
1451 3938 1487 3999 ut
1505 3938 1571 3998 tuis
1587 3938 1696 3998 verbis
1718 3941 1863 4015 utamur,

1070 4033 1862 4113 1111111111111111111111111111111111,

1069 4130 1116 4191 ita
1132 4131 1168 4191 ut
1188 4129 1299 4190 nullus
1322 4131 1602 4206 praedecessorum
1627 4133 1759 4195 tuorum
1784 4136 1864 4197 ullis

1069 4229 1159 4288 retro
1183 4227 1387 4303 temporibus
1408 4229 1576 4290 recolatur
1598 4229 1681 4291 adeo
1705 4232 1864 4295 Ecclesiae

1070 4323 1174 4384 luisse
1193 4324 1342 4385 devotus.
1360 4325 1423 4385 Sed
1439 4325 1479 4386 de
1494 4326 1701 4403 principibus
1716 4344 1783 4389 non
1799 4331 1865 4391 ali-

1069 4421 1120 4482 ter
1145 4420 1262 4481 erbis
1286 4420 1396 4482 verbis
1419 4421 1672 4484 informabimus
1701 4427 1862 4501 animum,

1069 4534 1167 4595 quam
1200 4518 1380 4594 probabilis
1414 4520 1592 4582 credulitas
1627 4520 1749 4584 babeat
1783 4523 1866 4586 11111

1069 4615 1295 4692 experimento
1310 4615 1459 4691 probata,
1476 4617 1516 4677 de
1531 4617 1650 4694 quibus
1662 4615 1864 4695 Apostolicae

1070 4712 1165 4772 Sedis
1189 4713 1375 4774 constantia
1399 4715 1488 4774 recte
1513 4715 1680 4791 opinionis
1696 4716 1865 4794 judiciuin

1069 4810 1215 4870 sinistrae
1227 4811 1450 4885 suggestionis
1461 4812 1621 4873 instantia
1632 4829 1699 4873 non
1709 4814 1863 4888 mutabit,

1069 4922 1144 4967 cum
1158 4906 1245 4967 iacta
1259 4906 1465 4983 praeferenda
1491 4908 1558 4970 sint
1581 4908 1688 4982 dictis,
1714 4914 1747 4971 et
1771 4915 1865 4975 certa

1068 5003 1287 5080 praejudicent
1316 5004 1478 5081 positivis.
1514 5008 1598 5066 Ecce
1636 5006 1676 5067 de
1710 5009 1864 5073 archivio

1068 5101 1225 5160 Ecclesiae
1240 5100 1443 5162 monimenta
1458 5100 1589 5176 publica
1600 5102 1774 5176 prodeunt,
1787 5122 1864 5181 quae

1069 5181 1254 5272 sigillorum
1264 5212 1359 5273 paene
1370 5196 1517 5258 omnium
1532 5199 1718 5276 principum
1733 5203 1865 5265 munita

1068 5293 1250 5368 signaculis
1266 5294 1456 5371 opinionem
1467 5295 1655 5372 repudiant,
1667 5312 1765 5372 quam
1776 5296 1864 5362 forte

1067 5390 1192 5450 videris
1206 5389 1360 5466 ingerere
1377 5391 1493 5482 contra
1510 5390 1597 5465 illos,
1613 5408 1652 5453 eo
1665 5391 1751 5468 quod
1768 5396 1863 5457 veri-

1069 5486 1251 5550 similitudo
1268 5503 1333 5549 non
1353 5487 1473 5566 recipit
1491 5489 1600 5551 tantos
1622 5488 1654 5552 et
1672 5489 1755 5553 tales
1771 5493 1865 5556 viros
