3950 6200
247 221 307 286 667

249 378 406 458 Sequltm
422 397 430 439 t
446 375 492 440 lit
505 372 668 438 desolabit
681 372 813 447 sontem
835 371 921 446 ejus.
948 370 1040 432 Nas-

249 480 345 544 cente
359 476 448 541 euim
469 471 599 535 cbristo
614 469 783 532 desolatus
797 469 848 531 θεῖ
864 469 938 531 1οι1ε
952 482 1043 530 mor-

247 580 303 647 tis,
316 574 404 638 idest
418 569 581 644 diabolum,
597 567 654 645 qui
669 566 742 628 tons
766 566 882 628 mortis
906 565 1040 637 dicitur,

248 674 326 753 quia
348 672 389 734 ab
415 670 487 747 ipso
511 665 691 743 suggestio,
714 664 747 726 θῖ
767 678 827 741 per
845 678 919 726 eam
938 677 1040 736 mors,

247 769 393 834 maxime
415 765 548 828 animae.
571 761 744 826 Desolatus
759 763 810 823 est
823 760 858 822 in
873 759 1040 836 passione,

246 881 322 929 cum
346 862 502 938 alligatus
521 861 573 920 est
590 874 610 919 a
626 856 767 927 fortiori,
788 860 821 918 et
835 857 950 933 erepta
964 857 1042 916 sunt

247 977 329 1026 vasa
350 962 423 1038 ejus
451 957 610 1033 pretiose,
638 953 796 1016 uuellest
819 952 937 1024 electi;
954 951 1041 1013 unde

247 1059 381 1121 additur
397 1055 486 1118 :elit
503 1054 576 1130 ipse
591 1052 711 1127 eripiet
725 1050 918 1114 thesaurum
932 1049 1041 1111 omnis

246 1155 337 1219 vasis
353 1150 622 1215 desiderabilis».

286 1247 443 1326 Sequitur
459 1267 466 1308 :
483 1246 710 1319 opprobrium
722 1244 911 1313 bominum,
927 1240 961 1301 et
980 1242 1041 1302 ab·

239 1347 346 1421 tectio
365 1346 482 1419 11111111.
499 1340 704 1404 Hicnotatur
727 1337 909 1414 ignominia
924 1335 1040 1400 mortis

247 1435 809 1520 ejus,guiancntautumprouobis
819 1435 1041 1496 mortemsus·

246 1541 357 1613 tinuit,
379 1536 464 1615 qued
482 1550 583 1613 supra
598 1534 720 1596 dictum
740 1533 800 1608 est,
818 1531 875 1593 sed
892 1530 1039 1610 ignomi-

247 1637 392 1711 niosam,
406 1633 493 1712 quod
504 1630 797 1707 ostendit,dicens:
811 1631 1041 1706 opprobrium

244 1736 433 1803 bominum,
450 1731 483 1794 et
497 1729 639 1804 abjectio
653 1730 770 1803 1111111.
790 1729 837 1787 De
854 1725 969 1786 eodem
983 1724 1039 1784 di·-

245 1831 291 1894 cit
302 1827 478 1906 Apostolus
492 1823 539 1905 (1)
550 1826 692 1888 :Fccttts
703 1825 753 1885 est
765 1838 825 1901 pro
840 1822 936 1884 nobis
946 1821 1040 1883 Patri

247 1930 416 1994 obediens,
438 1939 545 1997 usque
566 1924 611 1983 ad
631 1923 782 1983 mortem
801 1938 812 1980 :
832 1923 915 1980 Ecce
936 1933 1036 1982 mors.

244 2016 1039 2094 Mortcmcutemomctsfflicceigncmiuiapquae

244 2120 429 2199 ignominia
442 2119 579 2194 operata
592 2119 643 2178 est
655 2114 751 2177 uobis
766 2114 946 2174 maximam
960 2112 1038 2187 glo-

244 2219 340 2282 riam.
354 2216 498 2294 adquod
511 2212 777 2290 significandum,
787 2211 919 2286 signum
928 2208 1038 2271 crucis

243 2316 345 2382 tronti
375 2315 498 2378 nostrae
528 2310 749 2387 imprimimus
784 2307 932 2370 dicentes
962 2322 1037 2368 cum

243 2411 402 2489 Apostolc
415 2409 462 2488 (2)
478 2431 485 2469 :
501 2407 614 2468 11111111
638 2408 750 2467 autem
771 2404 858 2466 absit
884 2403 1035 2479 gloriari,

242 2510 310 2572 uisi
331 2509 365 2572 iu
389 2520 488 2570 cruce
501 2503 633 2567 Domini
655 2501 761 2564 nostri
774 2503 855 2564 iesu
869 2499 1003 2564 curisti.
1018 2516 1037 2560 s

242 2607 283 2668 nt
296 2620 369 2666 cum
381 2601 530 2672 zachaee,
547 2600 604 2678 qui
615 2599 818 2677 justificatus
829 2596 1035 2672 interpreta-

242 2702 309 2774 tur,
324 2700 366 2764 ad
381 2698 558 2760 videndum
573 2696 739 2757 Christum
754 2694 790 2755 in
809 2693 961 2755 arborem
977 2709 1035 2770 sy·

242 2812 415 2862 comarum
429 2794 651 2858 ascendimus.
669 2796 868 2869 sycomorus
881 2790 963 2852 licus
984 2790 1036 2850 ia·

242 2896 301 2958 tua
315 2892 448 2956 dicitur.
464 2893 544 2952 Haec
559 2890 609 2951 est
621 2905 706 2954 crux
720 2888 854 2961 Christi,
870 2904 942 2966 quse
957 2887 1036 2949 licet

242 2989 377 3060 mundo,
403 2990 436 3054 θῖ
460 2987 583 3050 Gentili
610 2987 654 3047 sit
677 2986 779 3058 latua,
811 2984 906 3046 nobis
923 2986 1035 3047 tamen

242 3087 351 3151 dulcis
366 3086 427 3159 est,
444 3083 563 3163 quibus
578 3100 638 3160 per
648 3081 907 3161 redemptionem
922 3081 1036 3160 propi-

242 3184 336 3253 navit
357 3182 474 3257 mella;
495 3182 584 3245 unde
613 3181 811 3257 Apostolus:
829 3179 1033 3241 ‹Praedica-

241 3295 315 3343 mus
340 3278 506 3340 Christum
532 3276 739 3348 crucifixum,
764 3273 1034 3351 Judaeisquidem

241 3375 448 3445 scandalum,
467 3373 623 3451 gentibus
649 3372 856 3435 stultitiam»
872 3369 932 3451 (3).
948 3371 1034 3445 Qui·

241 3488 381 3550 cumque
395 3472 497 3548 igitur
507 3469 710 3547 justificatus
732 3472 769 3530 ut
787 3468 1033 3530 1111111111-

240 3570 301 3631 bas
327 3569 564 3644 cogitationum
592 3565 711 3638 ritare,
731 3570 764 3627 et
786 3567 899 3627 Jesum
920 3563 1035 3625 ridere

240 3667 394 3740 uoluerit,
420 3679 555 3726 necesse
580 3663 692 3738 habet,
708 3665 744 3724 ut
757 3662 844 3723 hanc
863 3660 1030 3723 ascendat.

239 3762 398 3827 Ascendit
422 3761 598 3838 siquidem,
627 3760 705 3820 dum
732 3758 935 3821 infirmitatis
964 3772 1033 3819 suae

240 3858 407 3931 conscius,
421 3857 456 3918 in
470 3857 592 3919 virtute
607 3856 717 3917 crucis
731 3855 895 3931 gloriatur
906 3876 915 3930 ;
928 3854 961 3917 θῖ
974 3868 1035 3931 per

240 3955 329 4017 hanc
352 3953 553 4015 laudabilem
577 3952 779 4023 fatuitatem,
806 3953 1034 4014 transeuntem

239 4050 415 4113 Dominum
434 4047 556 4126 aspicit
568 4049 604 4109 in
619 4049 787 4125 praesenti,
803 4049 839 4110 in
856 4049 969 4111 tuturo
981 4049 1035 4111 ni-

239 4163 338 4211 surus
351 4161 427 4211 eum
440 4146 476 4206 in
491 4145 688 4207 eternitate.

458 4400 597 4461 SERMO
634 4400 812 4459 XXXVIII.

238 4547 341 4606 Contra
361 4546 502 4617 praelatus,
524 4553 553 4607 et
569 4546 606 4603 de
626 4560 726 4604 eorum
743 4543 886 4617 superbia,
909 4544 1030 4614 1111111111,

273 4640 303 4691 θῖ
322 4634 451 4691 avaritia.
468 4634 594 4705 Qualiter
612 4632 739 4692 Christus
754 4647 804 4707 per
817 4632 880 4693 bac
895 4634 947 4693 tria
962 4648 1029 4707 pec·

274 4727 337 4778 cata
352 4719 507 4778 obsidetur.

238 4861 545 4926 Circumdederunt
570 4876 627 4923 me
653 4863 753 4924 citati
778 4865 878 4926 multi
900 4881 912 4924 .·
936 4864 1031 4925 tauri

283 4964 430 5036 pingues
439 4959 643 5021 obsederunt
655 4973 712 5020 me
724 4959 827 5038 (Psal.
841 4962 893 5034 21,
910 4958 974 5039 13).

277 5109 409 5171 Vitulus
423 5109 549 5170 animal
564 5109 716 5186 petulans
730 5110 791 5182 est,
807 5111 840 5172 et
855 5110 1027 5183 lascivum,

274 5292 316 5362 (1)
332 5288 499 5363 sulliensi
523 5290 550 5349 8.

274 5361 316 5428 (1)
336 5361 439 5429 celas,
453 5361 480 5428 s,
494 5330 538 5417 u.

273 5430 313 5499 (3)
333 5432 346 5486 1
360 5431 434 5498 Cor,
452 5432 477 5498 l,
493 5430 538 5487 ts.

273 5499 313 5568 (1)
333 5500 418 5570 Vulg.
436 5516 443 5556 ;
458 5499 680 5558 ambulaverunt
695 5509 767 5573 post.

667 214 701 275 S.
726 211 902 274 ANTONII
932 208 1120 272 Pnnnsnl
1150 211 1288 274 OPERA
1315 212 1462 273 cunin.
1807 223 1856 284 6118

1096 372 1130 431 et
1155 369 1228 431 siue
1252 373 1346 449 Jugo.
1371 370 1548 435 Multitudo
1584 388 1666 450 ergo
1697 373 1860 456 1111111111,

1096 467 1271 530 mulutudo
1294 468 1491 531 clericorum
1520 471 1571 531 est
1590 469 1626 530 111
1648 470 1788 533 Ecclesia
1804 477 1860 548 bei,

1095 565 1153 643 qui
1168 580 1227 642 per
1241 564 1441 641 superbiam,
1462 568 1496 628 et
1517 566 1691 628 lasciviam
1705 569 1861 644 petulantes

1095 660 1211 722 volunt
1222 677 1296 723 esse
1309 661 1418 737 liberi,
1435 666 1467 725 et
1482 663 1556 724 siue
1564 667 1647 741 jugo
1660 666 1731 725 Dei.
1747 668 1788 727 be
1798 668 1860 729 tall·

1095 757 1156 819 bus
1171 759 1252 821 dicit
1263 758 1325 821 Jcb
1341 759 1404 837 (11,
1420 758 1471 838 12)
1489 781 1496 819 ε
1513 761 1717 822 ‹Viruanus
1728 764 1861 841 iusuper·

1094 853 1183 915 biam
1194 856 1346 932 erigitur,
1360 856 1393 917 et
1407 857 1564 934 tanquam
1580 858 1708 934 pullum
1721 862 1823 936 euagri
1834 877 1861 924 se

1095 952 1236 1013 liberum
1249 954 1363 1014 natum
1376 955 1480 1030 putat.
1494 971 1514 1013 s
1528 956 1642 1016 Vanus
1662 957 1725 1026 est,
1739 956 1791 1033 gui
1801 973 1860 1018 sec·

1095 1052 1184 1111 tatur
1202 1051 1385 1112 vanitatem
1400 1051 1644 1128 temporalium,
1660 1051 1862 1129 (1111111111-

1094 1146 1179 1207 mias
1194 1147 1238 1225 (2,
1254 1147 1286 1227 5)
1303 1169 1311 1207 1
1330 1147 1527 1209 Dilexcruut
1554 1146 1603 1227 (1)
1629 1149 1816 1222 cantatam,
1838 1153 1863 1211 et

1093 1243 1172 1304 vani
1184 1244 1262 1306 sunt
1275 1244 1354 1306 iacti
1365 1260 1424 1322 per
1436 1245 1637 1322 superbiam.
1652 1245 1716 1307 Ubi
1729 1247 1810 1308 enim
1821 1246 1862 1308 iu·

1093 1339 1198 1416 flauo,
1218 1340 1266 1402 ibi
1280 1341 1412 1403 venitm
1427 1363 1434 1402 :
1452 1340 1514 1403 Ubi
1540 1342 1684 1413 vanites,
1702 1342 1749 1403 ibi
1769 1359 1862 1420 super·

1094 1438 1160 1499 bia.
1177 1440 1216 1500 Et
1238 1440 1396 1515 tanquam
1419 1437 1544 1515 pullum
1559 1439 1679 1515 onagri
1695 1455 1731 1500 se
1746 1439 1862 1500 libcmm

1094 1536 1208 1598 natum
1223 1537 1328 1612 putat,
1352 1534 1552 1597 subtrabens
1564 1551 1600 1597 se
1614 1551 1634 1596 a
1644 1539 1728 1614 jugo
1742 1536 1860 1610 Domni,

1094 1632 1180 1709 qnod
1204 1632 1255 1694 θεῖ
1282 1633 1366 1696 leue.
1383 1634 1429 1694 De
1451 1632 1500 1693 eis
1519 1632 1600 1695 dicit
1618 1633 1706 1694 idem
1725 1633 1861 1695 ieremias

1095 1728 1139 1807 (2,
1159 1729 1308 1808 231121)
1321 1751 1328 1790 :
1352 1731 1507 1791 ‹crrrsor
1521 1729 1605 1790 levis
1619 1729 1790 1808 explicans
1805 1730 1860 1790 uias

1094 1841 1184 1899 suas,
1209 1841 1335 1902 onager
1349 1827 1502 1887 assumus
1517 1827 1551 1886 in
1570 1827 1761 1894 solitudine,
1778 1826 1862 1888 inde-

1094 1922 1217 1983 sideric
1232 1923 1353 1984 animae
1371 1937 1440 1983 suae
1459 1923 1598 1985 attraxit
1611 1925 1747 1984 ventum
1761 1923 1860 1983 amoris

1093 2019 1190 2079 sui».
1207 2021 1330 2080 Cursor
1354 2018 1438 2081 levis
1453 2021 1503 2079 est
1522 2034 1655 2095 caprea.
1677 2036 1749 2097 quae
1762 2020 1862 2080 dicitur

1093 2116 1858 2192 explicareviassuasproptervelocemcnrsuu,

1092 2215 1125 2274 et
1148 2213 1264 2287 saltus,
1290 2228 1371 2290 quos
1396 2212 1437 2273 de
1456 2215 1566 2274 monte
1581 2213 1617 2272 in
1632 2215 1774 2274 montem
1790 2212 1859 2273 iacit

1092 2311 1129 2369 ln
1140 2309 1203 2371 hoo
1214 2312 1349 2372 notatur
1363 2308 1530 2387 superbia.
1545 2311 1591 2370 De
1606 2325 1734 2385 onagro
1749 2309 1859 2376 dicitur,

1091 2407 1178 2483 quod
1199 2407 1241 2467 ad
1254 2407 1389 2467 odorem
1403 2407 1495 2467 venti
1509 2406 1711 2468 constitutus
1725 2407 1757 2466 111
1772 2407 1861 2467 monte

1091 2503 1203 2578 glisclt
1215 2503 1351 2571 animal,
1377 2518 1452 2564 cum
1467 2518 1532 2579 quc
1547 2502 1860 2579 coirecupit.1nboc

1091 2603 1225 2662 notatur
1239 2600 1386 2661 luxuria.
1409 2598 1506 2661 Tales
1519 2602 1598 2659 sunt
1609 2599 1752 2676 quidam,
1768 2598 1818 2675 qui
1835 2597 1860 2656 iu

1090 2699 1201 2758 monte
1214 2696 1379 2773 superbiae
1393 2696 1574 2768 constituti,
1586 2696 1627 2757 ad
1639 2696 1769 2762 odorem
1781 2695 1862 2756 luxu·

1090 2795 1162 2866 rite,
1179 2797 1303 2871 primos
1318 2795 1426 2856 motus
1439 2792 1596 2854 videlicet
1608 2794 1795 2862 sentientes,
1806 2795 1863 2852 tan·

1089 2892 1158 2954 tum
1173 2891 1382 2953 delectantur
1395 2892 1429 2951 in
1442 2890 1514 2952 sola
1529 2889 1711 2961 voluntate,
1723 2891 1861 2966 quantun

1089 2988 1205 3052 asinus
1222 2988 1258 3050 iu
1273 2988 1346 3064 ipso
1361 3003 1473 3064 opere.

1129 3085 1187 3147 Isti
1209 3086 1287 3146 suut
1311 3083 1439 3159 onagri,
1463 3082 1590 3146 scilicet
1609 3082 1747 3160 praelati,
1763 3081 1813 3160 qui
1830 3079 1858 3143 ut

1089 3182 1174 3244 dixit
1186 3182 1349 3245 ieremias
1365 3180 1430 3259 (14,
1451 3180 1497 3259 6),
1517 3181 1680 3242 steterunt
1704 3195 1797 3257 super
1815 3195 1861 3239 ru·

1089 3295 1147 3356 pes
1164 3277 1225 3358 (5),
1248 3281 1281 3340 θῖ
1304 3280 1513 3339 attraxerunt
1535 3278 1671 3339 neutum
1696 3277 1778 3338 sicut
1792 3275 1859 3336 dra·

1089 3391 1200 3437 cenes.
1230 3378 1341 3451 Rupes
1372 3375 1450 3436 suut
1482 3373 1605 3450 gradus
1637 3375 1811 3435 eminentes
1831 3371 1859 3431 in

1089 3471 1238 3533 Ecclesia
1268 3471 1327 3532 Dei
1346 3492 1355 3545 3
1376 3471 1512 3546 Onagri,
1545 3471 1624 3531 aliis
1654 3470 1857 3548 presidentes,

1089 3569 1233 3646 quicum
1248 3566 1407 3629 deberent
1427 3569 1586 3645 unquam
1606 3569 1696 3628 cersi
1711 3568 1859 3643 serpentes

1088 3665 1256 3729 attrahere
1278 3664 1318 3725 de
1334 3664 1499 3737 cavernis,
1523 3663 1610 3725 idest
1630 3666 1760 3740 peccata
1773 3676 1859 3723 vene-

1089 3777 1184 3836 nosa,
1200 3764 1233 3823 et
1253 3759 1425 3822 mortifera
1445 3760 1487 3821 de
1506 3760 1713 3822 subditorum
1732 3756 1856 3836 pectori·

1087 3859 1160 3933 bus,
1184 3857 1321 3919 nonnisi
1339 3859 1474 3919 rentum
1493 3856 1678 3930 attrahunt,
1698 3856 1750 3933 qui
1770 3853 1854 3916 solam

1088 3955 1341 4017 delectationem
1380 3954 1416 4014 in
1458 3954 1606 4016 vanitate
1647 3950 1854 4030 temporalium

1087 4051 1272 4130 requirunt,
1298 4050 1338 4111 de
1362 4050 1502 4111 subditis
1528 4066 1595 4110 non
1615 4053 1777 4112 curantes.
1791 4044 1854 4106 lude

1087 4151 1149 4223 θεῖ,
1161 4146 1248 4225 quod
1263 4148 1304 4208 de
1328 4146 1450 4209 talibus
1471 4146 1552 4208 dicit
1575 4147 1734 4208 Dominus
1747 4145 1854 4206 inOsee

1088 4244 1132 4325 (8,
1153 4243 1187 4324 b)
1205 4260 1212 4306 :
1228 4245 1413 4317 Prcjcctus
1427 4243 1479 4304 est
1495 4243 1624 4305 vitulus
1646 4244 1725 4305 tuus
1749 4233 1853 4303 Sanc·

1086 4345 1155 4415 rto,
1170 4341 1284 4402 iratus
1298 4340 1349 4400 est
1359 4342 1462 4413 saror
1476 4353 1575 4401 awos
1596 4342 1633 4401 ta
1653 4354 1733 4401 ecs:
1752 4347 1855 4412 guoe-

1086 4453 1150 4513 aue
1173 4437 1336 4513 potassent
1354 4438 1535 4498 emendari
1556 4432 1627 4513 (6)1
1652 4433 1792 4496 samaria
1811 4429 1855 4489 in·

1086 4534 1287 4611 terpretatur
1301 4532 1462 4594 custodia.
1478 4534 1558 4592 Haec
1570 4533 1621 4594 est
1631 4530 1782 4599 Ecclesia,
1795 4537 1853 4604 que

1086 4630 1199 4695 subest
1210 4629 1370 4693 custodiae
1382 4629 1608 4706 praelatorum.
1620 4628 1775 4689 Samaria
1787 4624 1853 4683 situ·

1085 4726 1138 4786 lus
1153 4728 1204 4788 est
1215 4725 1374 4803 praelatus
1393 4724 1564 4799 Ecclesiae,
1585 4723 1756 4800 superbia,
1768 4717 1850 4782 etlu-

1085 4823 1191 4885 xnriae
1202 4822 1356 4885 libertate
1369 4820 1558 4891 lasciviens,
1571 4820 1689 4885 ettalis
1700 4835 1720 4880 a
1731 4816 1784 4880 Dei
1792 4825 1851 4876 con·

1085 4919 1251 4999 spectibns
1280 4918 1448 4997 projectus
1475 4918 1545 4992 est3
1574 4916 1663 4979 unde
1694 4913 1847 4991 sequitur:

1085 5018 1193 5078 iratus
1204 5017 1256 5077 est
1266 5013 1358 5075 iurcr
1368 5030 1464 5075 meus
1479 5013 1514 5077 111
1525 5028 1595 5081 θοε,
1608 5012 1690 5075 dicit
1698 5009 1846 5074 boninus

1084 5114 1118 5175 et
1132 5114 1245 5191 postea
1260 5110 1381 5190 quaerit
1394 5111 1590 5186 :Quousque
1601 5110 1751 5189 poterunt
1760 5113 1848 5165 emen·

1119 5292 1160 5365 (5)
1179 5294 1261 5364 Vitta.
1279 5292 1386 5365 onagri
1401 5298 1539 5351 steterunt
1554 5290 1583 5349 in
1598 5290 1721 5364 rupibus,
1728 5285 1845 5346 usnemu

995 5362 997 5367 ⁴
1083 5372 1200 5420 ventum
1213 5365 1294 5434 qnasi
1308 5362 1459 5419 dracones.

1119 5434 1160 5507 (θ)
1184 5435 1264 5506 luta.
1278 5436 1431 5505 usquequo
1446 5446 1503 5489 nou
1517 5437 1652 5504 poteram
1669 5422 1812 5487 emundari.
