3950 6200
235 253 315 319 1075
660 257 694 319 S.
717 253 893 319 ANTONII
920 249 1110 318 PADUANI
1135 253 1274 317 OPERA
1299 253 1445 319 onitin.
1802 256 1870 322 ldie

234 415 344 488 tuum,
360 415 423 478 etc.
435 413 564 477 Memor
574 413 626 477 θεῖ
638 427 720 492 ergo
736 418 824 478 Deus
838 414 1029 477 testamenti
1083 413 1117 475 te
1131 413 1229 487 cinis,
1245 413 1350 476 donec
1364 413 1592 476 conteraris.»
1614 416 1678 478 llic
1692 416 1745 476 est
1758 416 1869 492 pulvis,

234 514 306 588 sui;
322 511 411 573 unde
424 513 520 573 lsaiae
535 509 580 591 (1,
593 513 630 572 19
641 514 674 574 et
683 511 736 591 26)
748 533 755 571 ε
767 513 830 573 «Si
840 512 1025 584 volueritis,
1084 511 1125 571 de
1146 527 1212 587 quo
1233 511 1356 588 legitur
1369 512 1405 572 in
1420 512 1533 574 Exodo
1548 510 1593 591 (8,
1610 512 1675 592 17),
1693 513 1781 589 quod
1802 530 1870 574 inu-

233 611 269 672 et
297 608 473 670 audieritis
502 625 564 682 me,
587 607 676 672 bona
705 610 804 671 terrae
835 609 1027 671 comedetis.
1084 607 1172 668 tatus
1201 610 1251 670 est
1279 609 1314 668 in
1342 608 1528 684 sciniphes,
1556 625 1630 686 quat
1662 611 1743 671 sunt
1769 625 1871 687 parva

233 705 326 778 Quod
355 701 385 767 si
413 706 600 778 nolueritis,
630 708 663 767 et
681 719 734 767 me
758 706 798 767 ad
819 705 1028 769 iracundiam
1084 719 1219 776 muscae,
1242 719 1317 781 quaa
1341 708 1438 768 acute
1464 707 1626 783 pungunt,
1650 705 1742 768 etin
1766 707 1870 770 oculos

230 803 515 881 provocaveritis:
530 804 661 878 gladius
676 803 969 866 devoraturos.»
1084 798 1199 863 volant
1225 802 1267 863 ad
1298 802 1482 863 eruendum
1510 817 1579 864 eos.
1616 805 1682 864 Per
1708 803 1871 880 pulvorem

272 901 320 962 De
334 900 397 961 boc
411 897 623 972 testamento,
636 914 696 962 seu
711 901 943 985 promissione,
954 916 1028 978 quae
1084 912 1180 959 amor
1198 898 1443 975 temporalium,
1460 899 1517 976 qui
1540 900 1689 962 mutatur
1713 899 1749 960 ln
1774 899 1870 961 scini-

233 995 271 1058 nt
280 995 417 1073 lustina
436 998 588 1069 Domino,
612 996 754 1058 babetur
773 997 912 1059 Leviticl
928 994 993 1076 (26,
1009 999 1029 1058 3
1083 994 1178 1071 plica,
1193 996 1270 1074 quia
1285 1009 1329 1057 ex
1342 997 1393 1056 eis
1408 999 1592 1058 nascuntur
1612 1011 1740 1074 pravae,
1756 998 1789 1057 et
1799 1011 1871 1073 per·

232 1092 275 1156 ad
285 1091 319 1172 5)
333 1110 370 1154 :a
383 1094 417 1155 si
431 1094 465 1154 in
483 1095 659 1172 praeceptis
669 1094 751 1156 meis
765 1094 1027 1168 ambulaveritis,
1083 1106 1201 1164 versa,
1218 1091 1251 1154 et
1265 1092 1448 1169 pungitiva
1468 1093 1700 1169 cogitationes,
1723 1108 1797 1170 qua
1818 1108 1871 1154 ex-

232 1191 267 1253 et
291 1191 448 1253 mandata
468 1205 543 1253 mea
561 1191 799 1264 custodieritis,
819 1191 854 1253 et
880 1191 1028 1253 feceritis
1083 1192 1212 1252 cecant
1223 1187 1339 1251 oculos
1354 1190 1487 1252 inentis.
1504 1189 1567 1251 Hic
1584 1192 1637 1253 θεῖ
1652 1191 1741 1250 cinis
1758 1201 1869 1267 accep·

232 1299 284 1360 ea,
301 1287 387 1350 dabo
402 1286 496 1349 vobis
516 1289 648 1365 pluvias
671 1288 876 1366 temporibus
894 1289 976 1360 suis,
996 1289 1030 1351 et
1082 1286 1138 1347 tus
1153 1283 1194 1346 de
1208 1286 1351 1359 camino,
1364 1286 1421 1364 qui
1436 1285 1543 1348 iactus
1557 1289 1609 1348 est
1623 1288 1659 1347 in
1674 1286 1871 1361 reserasset

232 1384 347 1462 gignet
356 1386 446 1446 terra
458 1398 593 1461 germen
607 1401 715 1458 suuni,
727 1388 760 1447 et
772 1387 878 1462 pomis
891 1384 1028 1448 arbores
1084 1383 1208 1455 ulcera,
1231 1385 1264 1445 et
1287 1385 1322 1444 in
1343 1383 1497 1446 ierburas
1521 1382 1569 1462 (1)
1593 1399 1697 1461 super
1715 1387 1867 1460 jumenta.

231 1478 459 1557 replebuntur.
480 1480 715 1557 apprehendet
733 1480 892 1541 messium
906 1480 1028 1543 tritura
1084 1482 1122 1541 In
1152 1480 1266 1542 ulcere
1294 1480 1459 1558 protunda
1493 1480 1622 1542 malitia
1650 1501 1659 1541 ε
1684 1483 1725 1541 ln
1750 1481 1869 1542 vessica

231 1575 446 1643 vindemiam,
462 1576 496 1637 et
511 1576 680 1639 vindemia
701 1576 876 1654 occupabit
895 1592 1029 1638 semen·
1083 1580 1215 1640 tumens
1236 1577 1392 1655 superbia
1417 1599 1425 1638 :
1447 1577 1484 1639 In
1507 1577 1652 1639 terburis
1680 1577 1870 1647 terrama

231 1675 309 1736 tem.
327 1673 418 1735 Dabo
433 1672 528 1736 vebis
549 1674 697 1751 pluviam
718 1676 979 1752 temporaneam,
996 1676 1029 1737 et
1083 1674 1867 1752 iureneiraeinsanla,quoepercutiuntjumenta,

234 1771 450 1832 serotinam»
466 1769 631 1849 (benten,
647 1756 788 1851 11,121);
805 1772 845 1833 de
864 1788 928 1849 qua
944 1775 1028 1833 Osee
1083 1772 1171 1834 idest
1186 1773 1389 1844 luxuriosos,
1407 1773 1463 1850 qui
1479 1773 1557 1834 sunt
1573 1775 1728 1849 jumenta
1743 1770 1867 1832 diaboli.

233 1863 278 1945 (6,
295 1865 350 1946 3)ι
366 1884 386 1928 ι
405 1868 506 1940 Quasi
536 1868 718 1929 diluculum
742 1871 949 1946 praeparatus
978 1867 1029 1930 est
1085 1869 1135 1931 Sit
1153 1870 1273 1930 coslum
1295 1885 1437 1941 aeneum,
1458 1868 1545 1946 quod
1565 1871 1741 1946 estsuper
1763 1867 1867 1928 melos

232 1977 389 2041 egressus
404 1968 487 2043 ejus,
507 1968 540 2027 et
558 1968 671 2029 veniet
692 1967 788 2046 quasi
807 1966 913 2028 imber
931 1965 1028 2028 nobis
1084 1969 1149 2027 Per
1163 1967 1283 2028 coelum
1303 1967 1385 2044 lusti
1399 1966 1587 2042 signantur,
1604 1965 1662 2042 qui
1683 1967 1765 2025 sunt
1780 1979 1870 2040 super

231 2061 477 2139 temporaneus,
509 2064 542 2125 et
567 2064 735 2125 serotinus
764 2066 916 2140 terracin
944 2064 1029 2125 idest
1083 2063 1215 2141 impios,
1238 2065 1272 2126 et
1292 2063 1454 2134 doctrina,
1471 2065 1505 2124 et
1526 2063 1801 2134 conversatione;
1819 2060 1868 2138 qui

230 2174 386 2236 egressus
405 2160 536 2221 Domini
559 2161 599 2222 de
624 2163 721 2222 utero
749 2162 898 2237 Virginis
930 2162 1028 2239 quasi
1083 2165 1161 2222 sunt
1175 2161 1272 2234 aenei,
1293 2161 1371 2240 quia
1391 2159 1557 2222 sonabunt
1570 2161 1607 2219 in
1617 2159 1748 2236 iudicio
1763 2159 1869 2219 contra

231 2255 417 2318 diluculum
438 2259 501 2334 θεῖ,
525 2258 602 2336 quia
623 2258 710 2320 sicut
732 2259 864 2320 videtui·
879 2259 929 2322 sol
944 2259 1027 2320 oriri
1082 2258 1215 2336 impios.
1235 2260 1309 2320 «Et
1326 2258 1429 2332 terra,
1454 2273 1553 2334 quam
1579 2257 1704 2329 calcas,
1725 2256 1869 2317 terrea»

231 2353 273 2414 de
292 2354 452 2427 tenebris,
472 2371 556 2432 quas
580 2355 794 2432 expellitur
819 2356 970 2419 Christus
985 2372 1028 2417 eii
1083 2359 1149 2417 Per
1174 2357 1298 2417 ternam
1327 2356 1485 2426 minores,
1513 2353 1572 2432 qui
1599 2354 1869 2415 conculcantura

230 2451 358 2514 Judoeis
373 2453 547 2525 natusest,
564 2453 694 2516 scilicet
708 2452 749 2514 de
763 2452 859 2516 beata
874 2454 1025 2529 Virgine,
1083 2453 1282 2530 majoribus,
1321 2453 1379 2531 qui
1417 2455 1555 2529 propter
1592 2451 1869 2514 conculcationem

230 2546 273 2610 de
288 2564 353 2626 qua
366 2550 463 2611 nobis
478 2551 570 2612 ortus
585 2550 696 2613 estsol
709 2550 838 2627 gratiae.
856 2551 949 2612 Sicut
963 2552 1028 2610 iin-
1083 2549 1341 2623 contundentur,
1359 2547 1393 2611 et
1407 2539 1597 2611 ferientur.¹

232 2644 293 2707 ber
303 2647 551 2725 temporaneus,
567 2649 623 2726 qui
641 2648 738 2710 fldem
760 2648 904 2726 inspirat
917 2648 1025 2721 nobis,

232 2758 293 2820 per
307 2760 406 2820 quam
427 2741 638 2806 foecundatur
651 2746 742 2807 terra
763 2747 883 2807 mentis
901 2767 908 2806 ι
923 2750 955 2807 θῖ
972 2761 1028 2806 se-

231 2839 374 2913 rotinuS,
396 2841 484 2918 quod
499 2842 560 2913 est,
582 2857 657 2902 cuin
679 2843 754 2918 post
774 2842 916 2918 gratiam
937 2841 1028 2903 ducit
1320 2809 1461 2870 SERMO
1487 2808 1638 2868 CXCVII·

231 2933 272 2996 ad
288 2934 481 2999 felicitatem
497 2935 668 3000 aternam.
683 2956 701 2999 ι
715 2941 754 3000 Εῖ
768 2940 876 3015 pomis
889 2937 1026 3000 arbores
1082 2967 1124 3023 ὓ,
1138 2963 1238 3023 decem
1254 2964 1358 3039 plagi„
1378 2964 1481 3038 quibus
1497 2962 1636 3022 sequntur
1650 2971 1867 3038 stammas

231 3033 460 3111 replebuntur,
481 3053 500 3097 a
521 3035 607 3097 idest
636 3038 770 3099 sanctos
796 3033 904 3114 replet
930 3035 1026 3099 bouis
1313 3052 1413 3111 decem
1435 3052 1648 3111 mmmm,

230 3131 401 3210 operibus.
426 3134 699 3212 «apprehendet
719 3136 877 3196 messium
904 3136 1026 3197 tritura

230 3228 444 3304 vindemiam,
461 3232 495 3292 et
512 3231 682 3292 vindemia
701 3231 877 3309 occupabit
890 3244 1026 3293 aemen-

230 3328 337 3390 tem.»
347 3331 413 3389 Per
424 3344 552 3390 messes
563 3326 798 3405 intelliguntur
809 3328 896 3391 bona
911 3344 1025 3408 opera.

230 3424 269 3485 ln
289 3422 424 3499 tritura,
445 3440 550 3502 grana
576 3440 596 3487 a
622 3427 728 3503 paleis
754 3430 966 3504 separantur,
992 3428 1027 3487 tn
1122 3429 1239 3491 Posuit
1256 3431 1345 3489 Deus
1369 3429 1477 3505 signa,
1500 3428 1621 3506 quibus
1642 3442 1798 3506 percussa
1819 3428 1865 3489 est

228 3524 442 3598 quonotatur
455 3524 624 3600 separatio
638 3524 751 3585 inanis
765 3523 1027 3600 glorleabonls
1081 3528 1257 3603 AEgyptus,
1281 3526 1396 3587 decem
1422 3526 1552 3588 scillcet
1574 3526 1694 3603 plagis.
1718 3524 1866 3587 Dominus

228 3619 412 3697 operibusi
433 3636 454 3683 a
475 3616 590 3697 manis
616 3622 705 3685 enim
730 3622 844 3698 paleas
867 3634 1027 3698 separare
1082 3624 1171 3685 enlin
1192 3623 1330 3685 daturus
1356 3623 1470 3685 decem
1496 3626 1664 3700 praecepta
1692 3622 1753 3702 (2),
1780 3622 1864 3699 prius

229 3716 295 3792 θεῖ,
305 3718 394 3794 qued
407 3718 489 3779 alibi
499 3719 624 3780 dictum
638 3720 698 3788 est,
711 3720 843 3795 tergere
855 3718 1027 3795 pulverem
1082 3722 1247 3798 percussit
1266 3723 1458 3798 AEgyptum,
1475 3720 1563 3783 sicut
1576 3719 1721 3781 babetur
1734 3721 1769 3780 iri
1783 3721 1864 3780 Deu-

228 3813 273 3875 de
284 3814 425 3891 pedibus
441 3817 578 3877 nostris.
589 3816 719 3879 littalls
731 3816 891 3878 messium
905 3816 1027 3877 tritura
1081 3818 1268 3881 teronomio
1284 3818 1329 3897 (6,
1345 3819 1382 3879 21
1404 3818 1437 3880 et
1450 3815 1505 3897 22)
1526 3839 1534 3879 z
1551 3832 1569 3877 ι
1586 3817 1710 3879 Eduxit
1728 3832 1788 3878 uos
1806 3818 1865 3877 Do·

229 3913 458 3988 apprebeiidet
472 3913 687 3988 vindemiam,
704 3912 791 3976 idest
809 3914 897 3975 bona
911 3926 1028 3990 opera·
1082 3915 1193 3976 minus
1208 3916 1249 3977 de
1271 3917 1418 3993 ,egypto
1440 3917 1476 3975 in
1498 3930 1600 3976 manu
1622 3913 1712 3986 lorti,
1735 3914 1865 3990 iecitque

229 4008 277 4070 tio
292 4008 334 4070 ab
346 4010 438 4071 omni
458 4009 583 4071 favoris
597 4010 735 4072 humani
751 4012 859 4087 gloria
872 4012 1027 4087 separata
1082 4015 1190 4090 signa,
1206 4014 1240 4075 θῖ
1254 4013 1449 4091 prodigies»
1464 4012 1621 4074 Percussi
1635 4012 1715 4073 sunt
1728 4008 1863 4088 AEgyptii

229 4106 381 4169 laetitiam
392 4107 658 4182 conscientiae,et
669 4109 884 4171 conscientiae
895 4108 1025 4178 laetitia,
1082 4110 1124 4172 ad
1164 4110 1418 4187 designandum,
1460 4110 1606 4186 qualiter
1646 4110 1864 4185 percutiuntur

230 4206 302 4266 sive
329 4204 493 4267 exultatio
522 4205 700 4283 occupabit
724 4207 917 4278 sementem,
940 4205 1029 4267 idest
1081 4211 1348 4283 transgressores
1359 4207 1590 4269 mandatorum
1603 4207 1749 4280 Domini,
1759 4204 1863 4283 quibus

228 4302 393 4365 exultatio
408 4297 623 4365 conscientiis
638 4303 759 4365 inentis
775 4304 932 4380 quietem,
953 4318 1027 4379 quae
1081 4305 1286 4382 respondent
1306 4305 1414 4381 plagae
1439 4302 1588 4381 AEgypti.
1615 4305 1765 4365 Primum
1784 4316 1862 4378 pra·

228 4402 281 4462 cst
295 4402 454 4462 sementis
465 4401 573 4477 quies,
587 4400 659 4462 slve
672 4394 801 4463 sabbati
814 4401 943 4463 aeterni.
957 4403 1028 4462 Hoc
1082 4405 1213 4479 ceptum
1228 4406 1279 4464 est
1295 4422 1303 4462 ε
1321 4404 1400 4463 Non
1420 4405 1557 4464 moenia
1573 4404 1654 4463 dces
1672 4405 1800 4463 clintes
1812 4411 1861 4459 co-

229 4499 292 4566 est.
309 4498 395 4574 qnod
409 4498 491 4560 dicit
505 4499 611 4559 isaias
625 4499 661 4559 in
679 4498 746 4560 fine
762 4497 827 4576 (66,
842 4498 897 4577 23)
912 4499 1029 4561 :viduit
1083 4515 1163 4561 rem
1182 4514 1249 4571 ine,
1263 4500 1327 4561 etc.
1345 4498 1476 4578 (Exodi,
1490 4501 1540 4571 26,
1554 4497 1601 4576 3.)
1617 4498 1678 4559 Cui
1700 4494 1863 4575 respondet

231 4593 405 4655 sabbatum
433 4609 477 4655 sir
503 4594 652 4667 sabbato,
674 4612 694 4655 s
714 4595 756 4656 de
783 4595 1027 4672 tranquillitate
1082 4597 1190 4674 prima
1218 4596 1328 4674 plaga,
1350 4596 1435 4674 quod
1456 4611 1543 4672 aqua
1571 4610 1740 4658 moveras
1761 4595 1811 4657 ert
1829 4594 1861 4652 tn

231 4692 363 4764 mentis,
373 4707 446 4769 quae
456 4691 511 4753 liic
524 4692 664 4755 babetur
676 4708 736 4770 per
745 4694 900 4770 gratiam.
913 4708 1029 4770 perve-
1081 4698 1297 4771 aoiiputitem.
1314 4691 1424 4771 (ibid,
1440 4697 1472 4761 7,
1485 4692 1552 4772 26.)
1568 4698 1674 4770 Aqua,
1694 4706 1737 4754 ex
1753 4707 1822 4769 qua,
1832 4691 1861 4749 et

230 4789 373 4852 niturad
389 4789 492 4851 vitain
507 4789 677 4852 aeternam.
1083 4791 1196 4852 calore
1210 4792 1415 4867 generantur
1435 4792 1560 4864 omnia,
1578 4790 1746 4866 significat
1759 4792 1860 4852 Deum,

272 4887 335 4950 Sed
349 4887 389 4948 de
402 4887 515 4964 pluvia
527 4886 747 4965 reproborum
760 4886 1029 4963 legiturlnlteu-
1083 4904 1126 4951 er
1139 4905 1204 4966 quo
1226 4889 1337 4951 omnia
1360 4892 1448 4951 sunt.
1472 4893 1600 4966 aquam
1626 4889 1661 4948 in
1680 4886 1859 4964 sauguinem

229 4986 418 5047 teronomio
443 4984 509 5064 (28,
532 4983 585 5063 24)
601 5005 609 5044 :
627 5000 646 5044 ι
670 4986 732 5046 Det
749 4984 909 5045 Dominus
928 4986 1028 5046 terrae
1083 4988 1289 5057 convertere,
1307 4986 1358 5048 θεῖ
1372 4987 1501 5047 mutare
1516 4985 1764 5054 immutabilem,
1777 4984 1806 5043 et
1818 4981 1860 5041 in·

228 5082 296 5145 tua
318 5081 458 5143 imbrein'
478 5082 661 5158 pulverem,
678 5082 712 5143 et
725 5078 906 5145 descendat
927 5098 1029 5159 super
1083 5082 1332 5160 corruptibilem
1347 5083 1489 5159 gloriam
1501 5084 1561 5143 Dei
1576 5083 1611 5143 in
1625 5079 1857 5142 similitudinem

1081 3192 1205 3254 Posuit
1224 3194 1262 3252 tn
1282 3194 1333 3253 ets
1352 3192 1458 3252 cerba
1477 3193 1661 3266 stpitorum
1672 3206 1824 3261 amram,
1838 3187 1867 3251 et

1209 3291 1461 3364 predictorum.
1478 3286 1583 3366 (Psal.
1602 3289 1671 3357 104,
1682 3285 1749 3365 27.)

266 5220 308 5306 (Ι)
325 5224 359 5279 Εῖ
373 5222 402 5278 lii
418 5220 557 5289 leibuias,
578 5229 634 5278 eto.
651 5220 750 5305 dlossa
767 5220 827 5280 ord.
845 5223 873 5279 iii
889 5223 1027 5293 iuterprc·
1082 5220 1150 5280 edit.
1168 5223 1259 5280 llaur.
1274 5224 1359 5291 Van,
1377 5224 1500 5304 tomll,
1514 5236 1581 5294 pag.
1597 5220 1643 5303 di,
1657 5222 1711 5278 col.
1728 5223 1739 5277 l
1757 5219 1858 5290 legitur,

230 5299 339 5350 tatione
352 5299 439 5376 sertae
453 5292 545 5419 plafae
555 5293 672 5365 AEgypti
690 5301 777 5350 utitur
791 5292 847 5350 bec
866 5293 1026 5377 vocabulo:
1082 5295 1112 5349 tn
1123 5294 1245 5365 fauore,
1261 5308 1321 5376 noo
1343 5308 1421 5360 vero,
1444 5308 1475 5376 tit
1493 5293 1630 5375 [ενῖιινιε.
1655 5294 1690 5349 Et
1710 5290 1779 5363 apud
1798 5302 1857 5342 ven,

232 5367 293 5421 «lii
308 5364 451 5420 ulceribus
463 5363 572 5430 doosa,
590 5365 797 5435 purulentaque
812 5364 918 5422 institia
934 5378 966 5419 ai·
989 5379 1028 5419 ui·
1082 5364 1198 5430 bedam,
1220 5380 1269 5448 qui
1290 5364 1421 5422 eamdem
1444 5369 1707 5433 interpretationem
1731 5365 1858 5418 mutuatis

230 5440 277 5490 tur
293 5450 299 5490 :
314 5435 343 5489 ln
357 5436 462 5491 vesicis
473 5441 587 5491 tumens
602 5434 742 5514 etintlata
756 5434 888 5507 superbia
903 5450 911 5490 ε
925 5434 954 5489 in
967 5379 1026 5491 fer·
1082 5442 1127 5491 est
1141 5435 1176 5491 ab
1190 5436 1326 5508 Origene,
1342 5450 1406 5507 cap.
1416 5435 1434 5491 9
1446 5434 1641 5503 Exposittoaia
1655 5434 1685 5488 ιἰι
1696 5432 1780 5490 Εωιῖ.
1792 5428 1855 5499 legi·

231 5502 320 5571 buris,
334 5505 384 5561 ira
393 5511 423 5561 et
434 5501 537 5561 luroris
551 5505 694 5562 insania.»
708 5505 763 5563 Sed
774 5503 849 5578 apud
861 5506 1026 5577 origenem,
1084 5513 1138 5573 tur,
1155 5506 1186 5561 tit
1202 5506 1371 5577 femoribus.

231 5588 248 5628 a
264 5587 320 5644 quo
334 5582 447 5647 sumpta
462 5583 506 5632 est
521 5575 716 5650 interpretatio
731 5579 816 5634 lloin.
828 5578 867 5636 lV
880 5577 907 5632 in
922 5576 1025 5646 diod,
1118 5578 1158 5648 (ῖ)
1175 5579 1215 5634 liii
1230 5579 1355 5653 origene
1368 5578 1451 5634 bero.
1469 5575 1529 5633 tin
1545 5574 1634 5633 diod.
