3950 6200
299 258 360 320 aas
730 257 763 317 s
777 236 1009 319 'resumam
1030 257 1257 319 nssrsnrrrs
1279 257 1509 320 crescens.
1851 264 1895 327 m

299 418 376 497 plus
394 418 569 495 acquirere
587 431 686 494 quam
710 416 884 494 quesivit3
907 418 940 479 et
954 417 1089 479 similia.
1187 419 1269 490 Quia
1303 418 1435 480 Domini
1468 416 1685 495 inspiratione
1715 418 1827 482 lecistis
1851 439 1896 485 ros

300 519 425 593 Corpus
452 514 624 576 comedent
646 529 788 585 vermes,
803 515 949 576 animam
971 529 1092 575 corro·
1147 516 1234 576 illias
1257 520 1291 577 et
1313 516 1454 577 ancillas
1479 515 1651 584 ditissimi,
1678 517 1789 576 summi
1808 520 1895 593 Regis,

259 639 262 645 ·
300 613 378 676 dent
405 613 587 685 daemones3
608 612 641 674 et
667 611 716 673 sic
743 612 859 688 perdet
885 612 1032 673 animam
1060 612 1093 672 et
1148 614 1257 673 Patris
1272 614 1426 681 coelestis,
1443 615 1476 675 et
1492 612 1630 689 Spiritui
1645 614 1760 674 Sancto
1773 629 1824 674 ros
1836 615 1896 676 des·

300 727 420 786 corpus
434 712 569 786 propter
583 709 646 770 boc
660 707 761 770 breve
774 709 943 770 seculum.
962 768 965 775 ,
1146 711 1312 787 pensastis
1345 711 1459 773 rivere
1494 710 1674 771 secundum
1699 709 1897 786 perlectionem

337 810 405 883 Ego
421 807 525 868 frater
543 807 743 867 Franciscus
758 806 867 867 minor
882 821 1000 867 servus
1014 820 1092 867 ves·
1146 808 1253 869 sancti
1267 808 1450 883 Evangelii,
1466 807 1555 878 solo,
1575 809 1609 870 et
1629 807 1776 883 promitto
1789 824 1895 884 perne,

296 906 349 967 ter
371 919 452 979 rogo
476 909 510 964 et
530 903 668 965 obsecro
690 904 726 964 in
741 904 891 975 caritate,
908 918 982 981 quae
1005 905 1091 964 Deus
1147 906 1180 967 et
1202 905 1322 967 fratres
1346 921 1437 966 meos
1462 919 1593 982 semper
1616 903 1736 965 trabem
1757 905 1794 965 dc
1813 905 1895 977 rolris,

298 1002 358 1072 est,
375 1003 494 1062 etcum
509 1001 681 1063 uoluntate
702 1000 875 1062 osculandi
895 1000 995 1077 pedes
1010 1016 1091 1061 ves·
1146 1003 1303 1079 tanquam
1318 1002 1360 1063 de
1377 1003 1457 1078 ipsis
1475 1017 1589 1063 curam
1604 1002 1798 1077 diligentem,
1811 1004 1840 1063 et
1848 1003 1898 1062 sol·

296 1102 377 1170 tros,
392 1097 479 1175 quod
493 1099 565 1159 baec
576 1096 678 1159 verba
693 1100 726 1159 et
739 1099 808 1159 alla
832 1098 962 1159 Domini
985 1097 1090 1159 nostri
1145 1099 1352 1162 licitudine'm
1365 1100 1555 1177 specialem.
1571 1099 1686 1162 valete
1701 1099 1735 1160 in
1748 1099 1874 1160 Domino.

295 1200 376 1261 lesu
391 1197 525 1270 Christi,
542 1213 617 1258 cnm
632 1196 819 1258 bumilitate
834 1197 868 1256 et
885 1166 1024 1257 caritate
1038 1210 1092 1256 ve·

212 1336 216 1343 -
296 1295 366 1357 litis
376 1295 537 1371 recipere,
547 1294 681 1372 operari
689 1294 722 1355 et
730 1293 920 1355 observare.
928 1294 1090 1354 Etomnes
1410 1314 1612 1374 qugTOLA
1633 1314 1673 1375 v,

295 1392 358 1465 illi,
373 1390 818 1470 quieabeuignerecipiunt
839 1388 1089 1465 etintelligunt,
1637 1446 1657 1506 3

296 1486 1091 1564 samreantanrsinexempium.sineisper-
1394 1443 1636 1524 mmm(
1657 1441 1682 1524 )·

298 1586 528 1648 severaverint
544 1600 648 1662 usque
663 1584 822 1657 induem,
842 1583 1019 1646 benedicat
1032 1599 1090 1645 eos
1254 1578 1397 1635 ammte
1410 1577 1533 1649 ineoepta
1548 1590 1607 1634 1¹⁰ss
1621 1573 1813 1633 Wfflduffl·

297 1683 407 1754 Pater,
420 1684 453 1744 et
467 1682 586 1755 Filius,
595 1683 628 1744 et
643 1681 787 1758 Spiritus
800 1683 954 1743 Sanctus.
969 1684 1087 1742 Amen.
1184 1703 1372 1764 carissima,
1388 1702 1495 1763 sorori
1510 1702 1628 1771 Clam,
1645 1702 1678 1763 et
1692 1700 1813 1762 caepgri,
1824 1712 1897 1759 3010.

1143 1802 1235 1863 ribus
1251 1803 1284 1861 S.
1301 1799 1453 1861 Damiani
1468 1800 1502 1859 in
1518 1799 1648 1860 Christo
1664 1797 1806 1859 salutem.

550 1915 754 1976 EPISTOLA
775 1915 833 1975 ΙΙΙ.
1183 1900 1251 1974 Ego
1264 1896 1575 1959 traterFrauciscus
1586 1890 1897 1972 parvulusrolosequi

373 2050 425 2109 Ad
446 2048 582 2109 beatum
601 2048 792 2109 Antonium
812 2050 854 2108 de
871 2049 996 2108 Podua
1143 1997 1246 2058 vitam
1283 1995 1316 2056 et
1353 1995 1582 2102 paupqnffmm
1614 1991 1767 2053 altissimi
1797 1988 1898 2099 m

998 2089 1007 2106 ⁰
1144 2092 1249 2155 nostri
1276 2095 1357 2155 Jcsn
1385 2092 1520 2161 Christi,
1550 2092 1583 2151 et
1612 2091 1687 2166 ejus
1715 2090 1898 2149 sanctissime

294 2176 400 2245 Noluit,
411 2175 531 2235 docendi
544 2176 743 2246 munusobire,
756 2178 812 2233 nisi
826 2177 941 2234 obtenta
956 2179 990 2235 D.
1005 2178 1089 2235 Fran·
1144 2190 1542 2266 Matris‚01p0r30veme
1556 2186 1590 2246 qn
1603 2201 1643 2247 03
1657 2201 1759 2262 usque
1771 2183 1803 2243 in
1815 2182 1897 2241 finem,

329 2264 399 2323 clsci
413 2265 537 2333 licentia,
553 2265 599 2322 cui
613 2278 665 2337 per
683 2264 738 2322 hoc
761 2265 930 2339 Epistolium
955 2268 987 2324 Β.
1009 2272 1089 2338 pater
1143 2288 1183 2349 Ep
1195 2303 1277 2363 ,030
1292 2303 1351 2348 ,03
1374 2301 1488 2347 omnes
1504 2284 1656 2345 dominas
1675 2298 1775 2348 meas,
1793 2282 1822 2341 et
1836 2292 1897 2337 oon·

330 2353 479 2426 'mmm‘
494 2353 505 2427 (
524 2354 547 2426 l.
1143 2386 1255 2446 silium
1270 2384 1311 2445 do
1326 2383 1431 2455 robis,
1449 2383 1485 2443 ut
1500 2382 1533 2442 in
1552 2382 1616 2442 ista
1638 2377 1836 2442 sanctissima
1849 2373 1899 2433 rita

334 2479 514 2540 Carissimo
529 2495 603 2540 meo
613 2479 708 2541 tratri
716 2479 861 2541 Antonio
872 2478 975 2541 irater
986 2480 1089 2540 Fran·
1143 2486 1181 2544 et·
1191 2484 1384 2560 paupertate
1404 2495 1535 2556 semper
1554 2478 1688 2540 vivatis.
1712 2478 1749 2537 nt
1766 2470 1899 2535 custodire

294 2575 404 2637 ciscus
415 2576 450 2636 in
465 2577 597 2637 Christo
613 2576 767 2637 salutem.
1142 2595 1202 2641 vos
1218 2578 1368 2650 multum,
1390 2593 1433 2639 ne
1456 2576 1608 2638 doctrina
1627 2575 1682 2636 vel
1706 2570 1833 2635 consitio
1849 2565 1899 2627 ali·

334 2674 449 2733 Placet
463 2673 544 2733 milii
560 2674 646 2750 quod
663 2674 786 2733 sanctae
801 2672 992 2748 Theologiee
1003 2673 1089 2734 litte-
1142 2680 1237 2754 cujus
1252 2676 1293 2737 ab
1308 2675 1428 2752 ipsein
1444 2677 1639 2753 perpetuum
1656 2670 1814 2732 ullatenus
1826 2678 1898 2727 rece·

293 2784 350 2830 ras
365 2768 524 2831 iratribus
538 2770 779 2846 interpreteris,
794 2770 841 2830 ita
853 2771 965 2830 tamen
981 2772 1016 2831 ut
1028 2785 1089 2831 ne·
1142 2774 1240 2835 datis
1253 2773 1369 2835 Valete
1383 2773 1418 2833 in
1433 2771 1584 2832 Domine.

244 2854 254 2865 ⁸
294 2881 358 2943 que
381 2866 416 2926 in
441 2869 485 2934 te,
506 2880 615 2943 neque
640 2866 674 2925 in
699 2864 830 2927 caeteris
853 2864 954 2944 (quod
980 2866 1087 2928 velle·

293 2963 423 3022 menter
434 2961 546 3042 cupio)
560 2962 776 3038 extinguatur
788 2964 911 3025 sanctae
926 2964 1087 3026 orationis
1398 2995 1600 3056 EPISTOLA
1621 2995 1677 3054 vl·

293 3059 430 3136 spiritus
454 3059 552 3138 juxta
574 3059 735 3137 Regulam
758 3076 856 3138 quam
882 3061 1085 3138 profitemur.
1687 3129 1692 3140 Ι
1723 3128 1730 3140 .
1853 3120 1858 3131 ι

292 3156 386 3218 Vale.
1141 3131 1477 3204 AdtralremEliom
1495 3125 1901 3189 retrusorsrseeeaouo

549 3283 751 3344 EPISTOLA
772 3283 827 3344 IV·
1402 3229 1600 3300 generalem
1613 3221 1675 3301 (4).

1141 3356 1274 3415 Odcnsus
1285 3371 1322 3414 ne
1336 3353 1475 3413 oliendas.
1490 3354 1627 3413 Praelams
1640 3351 1767 3411 subditos
1780 3349 1902 3423 peccantes

274 3457 279 3464 .
311 3415 365 3473 Ad
378 3413 513 3510 beatam
527 3416 700 3489 virginem
716 3418 855 3475 Claram
870 3415 905 3475 et
918 3415 1067 3476 caeteras
1401 3443 1527 3516 benigne
1541 3442 1677 3515 corriget.

474 3525 615 3572 sorores
628 3514 663 3572 S.
678 3514 843 3572 Damione·
854 3509 914 3589 (2).

1182 3570 1376 3634 Reverendo
1402 3568 1438 3629 in
1462 3567 1592 3629 Christo
1614 3566 1714 3643 patri.
1737 3561 1826 3625 tratri
1842 3556 1901 3618 ulie

339 3637 472 3695 smum
487 3639 516 3697 δ’
530 3639 619 3697 (³¹⁸¹ae
632 3653 700 3696 ⁰⁰⁸⁸
717 3654 733 3696 ⁸
749 3638 883 3697 [mmm
897 3638 1039 3697 habenda
1141 3669 1243 3730 totius
1258 3667 1392 3728 Ordinis
1404 3665 1542 3737 vicario,
1559 3664 1663 3725 trater
1685 3660 1866 3724 Franciscus
1876 3652 1902 3710 iu

333 3763 522 3825 Carissimae
538 3764 645 3826 sorori
659 3764 775 3836 Clarae,
793 3766 827 3827 et
840 3766 971 3826 caeteris
987 3780 1086 3826 soro·
1141 3765 1273 3826 Christo
1289 3764 1440 3826 salutern.

291 3858 385 3920 ribus
401 3860 514 3921 Sancti
535 3861 700 3934 Damianl,
714 3860 817 3922 frater
832 3862 1031 3923 Franciscus
1051 3863 1086 3924 in
1181 3864 1309 3940 Frater,
1335 3860 1391 3921 «let
1410 3859 1468 3920 tibi
1493 3858 1652 3919 Dominus
1677 3872 1769 3918 suam
1782 3849 1902 3913 sanctam

293 3955 426 4017 Christo
441 3957 595 4019 salutern.
715 3985 717 3990 ·
1140 3959 1415 4020 benedictionem.
1440 3959 1476 4017 ln
1501 3954 1655 4016 omnibus
1682 3954 1729 4014 sis
1743 3943 1903 4030 patiens,et

343 4097 369 4168 l)
388 4096 458 4154 ltlud
482 4098 564 4155 uobis
589 4097 717 4156 obtulere
736 4098 837 4156 Latino
861 4099 998 4157 idiomate
1028 4100 1084 4158 lto·
1141 4099 1306 4166 retraheret,
1322 4096 1561 4169 selidejussorem
1582 4103 1610 4153 et
1630 4092 1846 4167 procurationem
1859 4082 1903 4139 [ott

293 4165 330 4224 du
343 4166 403 4239 pb,
419 4167 494 4226 tibi
511 4170 585 4225 litet.
601 4169 717 4239 Serapi.
740 4169 841 4240 Relip,
858 4169 885 4225 in
901 4171 963 4229 Vita
979 4173 1012 4228 D.
1025 4172 1083 4227 ltu·
1140 4186 1205 4228 cum
1226 4169 1357 4226 iratribus
1377 4170 1436 4224 suls
1460 4166 1663 4239 temporalibus
1687 4163 1825 4244 promisit,
1846 4148 1901 4226 qttd

291 4244 364 4307 tou.;
382 4237 512 4295 sedulius
527 4241 555 4296 in
571 4240 643 4296 illst.
661 4239 758 4296 itidem
780 4239 941 4310 Serupbico,
959 4241 988 4296 in
1004 4242 1084 4296 Com·
1140 4239 1280 4313 usquead
1297 4246 1409 4310 teinpus
1429 4236 1534 4296 Urbani
1545 4238 1584 4294 Ν
1596 4235 1717 4293 fideliter
1734 4228 1901 4300 adimplerunt.

293 4312 379 4391 ment.
388 4310 425 4366 od
436 4311 558 4380 ejicerem
570 4310 676 4392 Vitem,
685 4311 715 4391 in
725 4317 812 4381 caput
821 4311 849 4379 9,
858 4311 1084 4379 num.l:etalii,
1175 4312 1216 4437 Ψ)
1237 4313 1317 4367 lianc
1331 4309 1428 4366 itidem
1449 4306 1605 4390 ex'eodem
1628 4320 1693 4386 cap.
1711 4306 1739 4370 6,
1754 4302 1844 4382 priuis
1861 4296 1901 4350 Bt·

293 4380 421 4449 llrspano
435 4394 513 4450 vero,
529 4382 683 4448 Marianus,
697 4379 746 4436 tib.
763 4382 798 4447 V,
813 4395 877 4453 cap.
893 4381 921 4447 li,
937 4388 966 4437 ct
980 4381 1083 4438 Rebol-
1162 4397 1216 4437 ue
1230 4382 1415 4440 Clarissarum
1431 4386 1615 4444 extraximus,
1632 4391 1715 4448 curus
1732 4375 1850 4448 meminit
1862 4366 1901 4419 Re·

291 4448 366 4516 ledo,
376 4450 424 4506 tib.
438 4453 487 4518 lv,
501 4465 566 4523 cap.
576 4451 620 4524 38,
632 4451 697 4507 licet
712 4465 813 4533 omnes
821 4450 1022 4508 diversimode.
1139 4397 1262 4518 golledo,
1277 4450 1326 4508 lib.
1343 4451 1366 4516 l,
1386 4456 1459 4521 part.
1477 4462 1508 4516 ri,
1524 4462 1587 4529 cap.
1607 4447 1652 4515 ΞΒ,
1664 4453 1694 4529 et
1713 4444 1815 4507 Pisan,
1825 4436 1865 4494 bb.
1875 4433 1902 4496 ll

329 4519 371 4592 (i)
387 4522 468 4578 Hanc
478 4521 513 4577 ad
528 4536 560 4579 se
571 4529 598 4578 et
609 4536 759 4577 consocias
771 4536 838 4577 suas
848 4521 963 4578 beatum
976 4527 1084 4593 patrem
1140 4523 1285 4593 Conferre.
1299 4522 1327 4588 6,
1342 4527 1422 4593 parte
1434 4533 1464 4584 ll,
1478 4516 1531 4575 sub
1542 4517 1588 4573 his
1598 4517 1693 4573 verbis
1705 4533 1713 4572 :
1726 4508 1836 4593 Cumnsd
1846 4517 1902 4562 mot·

294 4590 443 4662 scripsisse
459 4591 621 4664 paulopost
640 4592 765 4661 ipsarum
780 4592 1009 4660 conversionem,
1026 4600 1082 4649 tes·
1138 4599 1195 4650 tem
1225 4591 1416 4648 infirmaretur
1438 4589 1539 4645 beatus
1560 4594 1650 4660 pater,
1675 4586 1755 4645 Clara
1776 4592 1849 4652 virgo
1867 4584 1904 4645 per

292 4668 365 4718 tatur
390 4661 473 4718 beata
493 4663 576 4735 virgo
597 4662 765 4735 Claracap.
792 4662 820 4730 6,
846 4663 945 4735 primis
968 4663 1085 4735 ltcgulae
1139 4661 1291 4735 quemdam
1320 4659 1493 4733 significavit
1517 4659 1543 4715 ei
1574 4656 1747 4728 desiderium
1775 4658 1801 4710 et
1828 4654 1903 4704 rotun

292 4731 489 4800 Clarissarum,
506 4746 591 4802 quam
607 4746 658 4802 pro
672 4746 706 4788 ca
721 4740 749 4788 et
763 4732 934 4803 sequacibus
951 4734 982 4790 B.
1005 4740 1084 4804 pater
1138 4746 1221 4804 suum
1241 4739 1269 4787 et
1289 4731 1498 4796 censoriarum,
1521 4742 1577 4810 quo
1597 4728 1722 4784 maxime
1745 4716 1904 4797 peroptabant

291 4799 533 4872 conscripsistis
556 4800 658 4857 eodem
676 4803 779 4872 capite,
807 4809 836 4858 et
850 4804 967 4875 Regula,
1037 4818 1084 4860 arn
1138 4816 1204 4860 eum
1219 4800 1325 4867 videre,
1342 4798 1584 4872 antequamdrem
1602 4796 1747 4856 clauderet
1761 4797 1901 4876 extremum·

291 4870 374 4932 nobis
409 4887 448 4928 rm
468 4871 581 4928 ceteris
601 4871 728 4928 obtulere
751 4872 885 4929 Firmam.
900 4873 985 4930 trium
1028 4873 1083 4944 rd.,
1137 4874 1344 4942 Quarumroto
1362 4877 1477 4944 propter
1492 4869 1662 4926 infirmitatis
1677 4866 1901 4939 intensionemst·

291 4948 373 5003 tract.
389 4886 415 5011 f,
431 4943 520 5013 partis
532 4941 649 5013 quinte,
664 4940 847 5023 linchiridion
869 4943 930 4999 sive
951 4945 1084 5001 Manuale
1137 4942 1269 5000 tisiacere
1292 4956 1348 4999 nou
1372 4941 1481 5009 valens,
1503 4940 1616 5066 scripsit
1636 4938 1734 5020 Clare
1743 4942 1772 4992 et
1784 4926 1904 4988 sorortttts

290 5017 443 5081 liinorum,
468 5010 878 5080 etlionum.0rd1ms,tract.
899 5012 926 5080 2,
944 5026 1008 5069 eam
1029 5013 1085 5071 huc
1138 5013 1174 5071 ad
1195 5013 1420 5070 consolationem
1443 5023 1542 5067 earum
1579 5017 1702 5076 itteram,
1727 5020 1755 5063 in
1766 5015 1820 5088 qua
1837 4994 1903 5054 dabat

259 5105 264 5110 ·
291 5082 533 5154 transcripsimus.
549 5080 986 5154 Euchiridioneregionehujus
1001 5085 1083 5155 Epis·
1137 5082 1366 5141 benedictionem
1388 5096 1482 5149 suam,
1500 5089 1554 5138 etc.
1573 5083 1608 5137 lit
1628 5087 1658 5136 ut
1681 5077 1817 5134 tristitiam
1831 5068 1901 5151 dept-

291 5158 357 5215 tote
375 5160 404 5209 et
424 5153 579 5223 sequentis,
603 5152 734 5224 apposuit
752 5152 781 5208 in
796 5153 927 5278 margine
946 5169 953 5209 :
974 5154 1084 5211 Littera
1138 5162 1247 5222 nerent,
1261 5153 1390 5226 promisit
1404 5166 1435 5210 se
1448 5158 1512 5224 post
1525 5158 1644 5207 mortem
1658 5148 1695 5205 ab
1710 5148 1765 5204 illis
1778 5142 1812 5201 ed
1823 5138 1901 5196 riden-

290 5227 363 5284 besti
377 5224 534 5280 Francisci.
549 5225 630 5282 lianc
648 5224 738 5279 sacris
756 5223 861 5294 virgini
883 5239 916 5280 us
933 5224 1083 5295 scripsisse
1137 5223 1214 5281 dum.
1240 5223 1321 5282 Uudc
1349 5222 1460 5279 illarum
1485 5222 1640 5278 litterarum
1662 5217 1716 5275 tras
1737 5214 1902 5286 fragmentum

290 5296 386 5363 credo,
412 5301 524 5351 sumta
554 5293 705 5351 occasione
734 5308 768 5349 ex
792 5307 898 5375 magna
926 5308 1024 5350 carum
1054 5296 1082 5351 in
1136 5309 1202 5351 esse
1218 5293 1390 5366 iudicamus,
1411 5293 1440 5349 in
1462 5292 1564 5363 quibus
1586 5290 1621 5347 ad
1642 5289 1774 5346 virtutum
1791 5289 1901 5354 percote·

291 5370 382 5425 Deum
394 5308 575 5447 confidentia,
587 5378 641 5435 qua
652 5364 682 5420 in
696 5378 762 5420 eum
776 5363 895 5421 tirmiter
905 5366 1040 5447 reposita,
1053 5365 1083 5422 in
1137 5365 1258 5422 rentiam
1270 5379 1321 5421 eas
1336 5363 1473 5446 bortatur,
1486 5370 1515 5419 et
1529 5360 1676 5420 sollicitius
1690 5366 1782 5431 rogat,
1797 5361 1825 5409 tlt
1835 5357 1902 5421 illm

239 5492 240 5496 ,
290 5435 696 5502 strictacustodu,summam
716 5441 912 5507 paupertatem
934 5450 962 5491 m
980 5450 1080 5506 perpe·
1137 5437 1201 5492 ince
1239 5444 1304 5492 runt
1318 5443 1416 5503 vitam,
1432 5432 1594 5490 observent.

290 5516 370 5565 tuum
384 5514 542 5566 voverunt:
558 5520 595 5562 nc
609 5512 786 5575 veropostea
802 5504 933 5577 aliqualis
947 5504 1080 5563 easdilii·
1173 5505 1202 5575 (t
1233 5508 1312 5563 llenc
1334 5503 1419 5560 babet
1443 5503 1608 5575 liudulphus
1630 5499 1702 5557 libro
1724 5491 1850 5556 secundo,
1864 5483 1900 5541 lot·

291 5578 385 5637 dentis
405 5579 481 5634 circu
501 5577 567 5634 uita
592 5575 790 5633 necessariae
816 5583 916 5633 sancto
937 5577 1082 5648 proposito
1136 5576 1206 5635 milri
1222 5577 1282 5634 lid.
1300 5578 1370 5634 Eam
1386 5573 1420 5631 ad
1441 5574 1588 5631 biennium
1606 5579 1672 5628 ante
1690 5581 1770 5625 suam
1792 5565 1900 5620 mertem,
