3950 6200
112 240 200 309 rut
430 220 434 229 ’
504 237 613 302 runs
642 235 1152 301 rnrml.-nxros1r1011v
1182 238 1386 321 essenos.
1688 245 1767 310 1178

99 401 232 466 Genesi
248 398 313 481 (32,
329 396 370 462 22
386 398 426 462 ad
442 396 497 479 26)
513 397 715 460 :Transiens
731 395 821 457 enim
836 397 912 458 tor·
968 399 1002 461 et
1012 399 1200 476 postpauca
1217 397 1297 479 (lsa.
1307 402 1359 475 24,
1376 401 1415 463 19
1429 401 1463 464 et
1475 399 1534 482 20)
1550 424 1557 464 :
1571 420 1591 466 a
1605 404 1765 473 contras»

95 503 234 563 rentem
249 498 364 569 Jaboc,
377 495 541 559 traductis
551 494 717 565 omnibns,
730 508 804 571 quae
816 491 858 552 ad
870 506 908 553 se
967 496 1059 558 tione
1074 496 1415 573 confringeturterra,
1429 501 1631 563 contritione
1647 504 1766 565 conte·

100 596 333 674 pertinebant,
362 592 525 655 remansit
547 592 640 653 solus
663 612 670 650 ε
697 592 731 654 θῖ
756 605 833 651 ecce
860 588 914 650 vir
969 595 1062 654 retur
1075 595 1176 667 terra,
1191 594 1374 670 agitatione
1385 596 1567 672 agitabitur
1576 600 1668 660 terra
1681 601 1769 663 sicut

102 693 304 755 luctabatur
331 707 406 753 cum
429 706 480 761 eo,
506 690 612 750 donec
634 687 719 749 vidit
742 702 911 748 auroram.
969 689 1093 761 ebrius,
1110 692 1331 753 commotione
1346 688 1608 757 commovebitur
1630 698 1769 768 terra»

100 791 214 853 Jaboc
248 789 491 864 interpretatur
522 787 654 847 torrens
690 783 850 862 pulveris,
881 781 915 842 et
970 786 1056 849 idest
1067 790 1166 849 terrae
1185 790 1315 851 amator
1329 792 1531 866 conteretur,
1551 793 1599 854 ita
1614 795 1701 870 quod
1724 795 1769 856 sit

105 887 283 964 significat
316 885 491 961 pulverem
526 899 639 944 rerum
666 880 912 959 temporalium.
970 884 1067 961 quasi
1082 900 1140 945 vas
1154 885 1284 953 inutile,
1306 887 1389 947 nulli
1405 890 1518 965 aptum
1528 891 1767 967 usuizpecca-

105 979 765 1059 TransitergoJaboc,etremanetsolus‚
777 978 914 1057 quicum
969 984 1023 1043 tor
1037 982 1149 1043 autem
1164 983 1248 1043 nulli
1267 985 1428 1045 virtutum
1441 988 1518 1046 usui
1533 989 1630 1065 aptus
1645 990 1705 1050 est.

109 1083 308 1158 contemptu
334 1094 446 1141 rerum
465 1077 699 1154 temporalium
715 1075 837 1137 oblitus
852 1074 913 1158 est.
1010 1082 1057 1140 De
1072 1080 1135 1141 hac
1148 1081 1359 1156 contritione,
1381 1084 1534 1144 deremiae
1552 1083 1615 1165 (48,
1633 1090 1652 1146 4
1667 1083 1764 1164 et5):

108 1179 275 1240 Luctatus
295 1178 346 1238 est
366 1178 475 1236 antem
492 1175 717 1250 cumange103
739 1188 817 1234 ecce
830 1186 914 1232 con·
970 1176 1172 1238 «contritus
1199 1181 1249 1239 est
1273 1178 1395 1238 Moab:
1414 1181 1616 1243 annunciate
1637 1184 1767 1245 clamo-

107 1274 288 1352 templatio
303 1273 499 1334 coelestium.
516 1273 627 1332 Donec
642 1270 726 1333 vidit
738 1283 914 1341 auroram3
965 1289 1041 1362 pem
1053 1273 1202 1350 parvulis
1216 1276 1300 1351 ejus.
1312 1278 1377 1337 Per
1386 1292 1562 1338 ascensum
1570 1279 1659 1340 enim
1667 1281 1768 1343 Luitb

109 1387 193 1434 ecce
209 1372 381 1446 ingressus
407 1368 448 1429 ad
472 1371 587 1429 ileum.
612 1372 742 1428 Aurora
767 1365 843 1425 linis
866 1366 918 1425 est
971 1369 1108 1447 plorans
1130 1371 1288 1434 ascendet
1306 1372 1341 1432 in
1358 1374 1448 1446 fletu,
1466 1375 1623 1451 quoniam
1638 1377 1673 1437 in
1688 1376 1768 1439 des-

109 1469 235 1539 noctis,
252 1467 285 1528 et
297 1466 431 1527 initium
444 1465 522 1526 diei.
538 1468 704 1525 Auroram
717 1479 797 1538 ergo
811 1461 915 1534 videt,
972 1483 1075 1529 censu
1086 1469 1243 1529 Oronaim
1253 1468 1367 1532 hostes
1381 1471 1546 1533 ululatum
1557 1475 1767 1536 contritionis

113 1567 176 1645 qui
207 1566 347 1626 mortem
378 1562 602 1640 expectante,
644 1577 717 1638 quae
753 1563 804 1622 θεῖ
840 1558 917 1618 linis
972 1564 1554 1644 audierunt.›confringiturterra,
1575 1586 1771 1634 cumarec·

112 1662 225 1724 noctis
245 1660 323 1722 vitae
346 1660 533 1737 praesentis,
554 1659 640 1719 lucis
668 1659 803 1719 aeternae
829 1655 917 1745 diem
972 1660 1114 1724 titudine
1127 1662 1369 1725 desideriorum
1382 1665 1568 1727 coelestium
1581 1667 1623 1728 ad
1638 1671 1769 1744 tempo-

113 1751 319 1836 ingreditur'.
973 1758 1094 1819 ralium
1114 1759 1283 1822 illicebras
1298 1761 1510 1838 incurvatum
1525 1764 1611 1825 unde
1623 1764 1685 1827 Job
1700 1764 1767 1845 (16,

320 1891 460 1952 SERMO
487 1888 717 1950 GCfflVHL
975 1854 1026 1934 13)
1040 1878 1047 1916 :
1059 1872 1078 1916 r
1089 1859 1157 1931 Ego
1166 1858 1331 1934 quondam
1343 1859 1530 1936 opulentus,
1544 1863 1679 1939 repente
1692 1878 1769 1925 con·

973 1954 1071 2016 tritus
1083 1969 1167 2025 sum,
1181 1956 1289 2017 tenuit
1299 1957 1462 2019 cervicem
1476 1973 1594 2031 meam,
1605 1959 1769 2036 confregit

973 2066 1037 2123 me,
1054 2051 1087 2112 et
1100 2052 1212 2127 posuit
1232 2068 1284 2113 me
1297 2055 1392 2130 quasi
1403 2055 1439 2114 in
1454 2057 1596 2131 signum.
1612 2075 1630 2117 s
1646 2057 1769 2119 cervix

973 2146 1119 2208 bominis
1142 2150 1193 2209 θεῖ
1212 2149 1310 2221 ratio,
1334 2166 1433 2227 quam
1448 2168 1524 2214 oum
1539 2153 1692 2215 diabolus
1707 2169 1769 2232 ap-

974 2244 1199 2322 prehenderit,
1217 2250 1250 2308 et
1264 2248 1420 2321 tenuerit,
1442 2249 1663 2326 confringitur
1672 2253 1770 2314 recti·

90 2373 101 2399 ,
122 2327 200 2387 Vidi
223 2322 510 2400 proevamatltesss
535 2320 569 2382 et
588 2320 823 2382 iabeioebamf
838 2319 919 2390 quw
973 2343 1053 2403 tudo
1068 2343 1309 2405 desideriorum
1325 2344 1523 2407 coelestium.
1540 2348 1767 2410 commotione

159 2423 293 2495 euocato
319 2420 379 2481 tuo
394 2432 464 2479 oon
489 2413 916 2493 etstodtemmt.(rs.118‚
974 2441 1235 2502 commovebitur
1266 2441 1369 2514 tem,
1395 2443 1482 2505 idest
1501 2444 1600 2505 terrae
1624 2447 1765 2519 amator,

160 2516 247 2596 158·)
975 2536 1052 2614 quia
1068 2536 1155 2598 sicut
1167 2537 1290 2613 legitur
1304 2540 1454 2625 Matthaei
1470 2539 1515 2618 (7,
1529 2540 1583 2620 27)
1598 2564 1605 2601 :
1623 2545 1770 2605 Descen-

161 2654 210 2714 Do
223 2649 278 2710 bis
292 2645 619 2726 praevaricatoribus,
646 2643 743 2707 Isaiae
770 2640 842 2721 (24,
858 2639 891 2720 5)
909 2661 916 2701 :
974 2632 1766 2717 ditpluvia,idestaereaepotestatisjimpugnatio,

120 2767 142 2810 e
154 2745 371 2822 'transgressi
396 2746 474 2805 sunt
496 2744 598 2819 leges,
624 2741 837 2803 mutaverunt
850 2741 918 2817 jus,
974 2732 1008 2792 et
1019 2732 1183 2793 venerunt
1197 2732 1345 2806 flumina,
1362 2733 1448 2796 idest
1462 2735 1573 2797 tluidae
1589 2738 1769 2815 concupis-

119 2842 372 2922 dissipaverunt
386 2841 494 2902 foedus
509 2840 789 2916 sempiternum»
804 2836 920 2912 etpost
975 2828 1092 2889 oentiae
1116 2828 1384 2902 delectationum,
1413 2832 1447 2893 et
1474 2832 1640 2895 flaverunt
1665 2835 1769 2911 venti,

121 2956 232 3019 pauca
267 2936 420 2999 subditur
454 2935 499 3014 (v.
531 2934 566 3014 7)
587 2935 627 2996 de
645 2930 921 3010 poenazcbuxit
975 2925 1104 2986 scilicet
1116 2924 1322 3004 [potestatum
1342 2928 1555 2989 saecularium
1570 2932 1769 3008 persecutio,

121 3035 303 3108 vindemia,
321 3034 489 3094 infirmata
506 3035 556 3092 est
570 3031 659 3103 vitis,
684 3027 922 3107 ingemuerunt
975 3024 1009 3084 et
1023 3022 1192 3085 irruerunt
1206 3025 1240 3084 in
1256 3024 1390 3085 domum
1414 3027 1641 3100 conscientiae,
1666 3029 1699 3089 et
1714 3045 1771 3090 ce-

122 3150 252 3207 omnes,
280 3132 337 3210 qui
366 3130 566 3193 laetabantur
585 3129 728 3190 corde.»
753 3130 803 3188 Ex
818 3127 918 3187 vinea
976 3119 1067 3187 cidit,
1081 3122 1114 3181 et
1132 3120 1194 3181 fuit
1216 3121 1314 3182 ruina
1337 3124 1410 3197 ejus
1433 3138 1563 3198 magna.
1581 3124 1771 3198 Agitatione

121 3230 320 3310 producitur
344 3227 472 3300 vinum,
498 3225 583 3303 quod
609 3222 767 3286 laetificat.
788 3223 920 3297 Lugere
975 3215 1158 3292 agitabitur
1179 3217 1270 3278 terra
1297 3219 1334 3278 in
1357 3217 1560 3293 gehennam,
1580 3220 1636 3281 ubl
1651 3223 1773 3284 transit

122 3329 235 3391 autem
259 3325 381 3386 dicitur
394 3322 511 3393 vinea,
528 3337 619 3393 cum,
636 3318 722 3397 quod
743 3317 828 3380 solet
847 3332 921 3377 esse
976 3311 1018 3373 ab
1032 3312 1127 3390 aquis
1142 3314 1269 3375 nivium
1280 3314 1321 3375 ad
1337 3314 1482 3377 calorem
1498 3315 1648 3390 nimium,
1673 3318 1728 3380 vel
1748 3335 1768 3381 e

123 3440 228 3488 causa
251 3420 388 3492 laetitiae,
405 3421 457 3481 est
482 3434 583 3480 causa
603 3417 762 3480 tristitiae.
783 3413 922 3490 Lugebit
977 3425 1150 3472 converso.

122 3522 230 3598 igitur
244 3520 353 3590 vinea,
374 3532 448 3578 cum
463 3515 708 3592 praeteritarum
723 3513 922 3574 deliciarum
1017 3511 1096 3570 Haec
1110 3507 1325 3570 considerans
1331 3511 1442 3588 justus
1457 3511 1558 3574 dicit:
1580 3515 1654 3574 tht
1670 3529 1771 3586 proa-

123 3614 314 3680 recordatio
339 3612 404 3674 erit
427 3611 567 3672 materia
593 3609 711 3672 aeterni
740 3607 921 3669 cruciatus.
977 3606 1188 3677 vaccantes,
1205 3606 1240 3667 et
1264 3607 1485 3669 tabescebam.
1506 3609 1561 3670 Sic
1581 3609 1774 3673 tabescebat

126 3711 296 3786 Quomodo
304 3711 415 3771 autem
423 3705 854 3785 propterpraevaricatores,
867 3704 923 3764 vel
978 3702 1084 3764 isaias
1100 3701 1162 3781 (15,
1180 3701 1226 3781 5),
1240 3719 1315 3763 cum
1330 3703 1480 3767 dicebat:
1496 3721 1516 3767 c
1531 3707 1595 3767 Cor
1608 3722 1718 3768 meum
1730 3709 1773 3769 ad
1851 3755 1854 3760 .

126 3804 587 3889 praevaricationestabescat,
596 3801 853 3865 Isaiasostendit
860 3801 921 3872 (22,
978 3799 1076 3861 Moab
1098 3800 1265 3872 clamabit,
1278 3802 1391 3862 vectes
1404 3805 1477 3877 ejus
1492 3819 1596 3880 usque
1611 3804 1652 3865 ad
1669 3807 1775 3881 segor

126 3909 167 3971 16
177 3904 376 3984 et17):>›Vae
383 3901 750 3979 mibi:praevaricantes
759 3898 925 3978 praevari·
977 3897 1119 3959 vitulam
1143 3897 1404 3960 conternantem.
1421 3900 1551 3962 »Moab
1568 3900 1773 3978 interpreta-

128 4006 195 4067 cati
205 4003 293 4075 sunt,
305 4000 338 4064 et
352 3999 629 4077 praevaricatione
639 3998 923 4072 transgressorum
978 3996 1033 4057 tur
1047 4010 1090 4056 ex
1099 3995 1204 4072 parte,
1219 3996 1252 4055 et
1266 3996 1433 4071 significat
1446 3999 1656 4074 peccatorem
1667 3999 1774 4060 illium

128 4098 342 4180 prevaricati
366 4098 453 4159 sunt.
470 4094 637 4166 Formido,
656 4096 690 4155 θῖ
703 4093 812 4165 fovea,
829 4091 925 4154 etla-
978 4091 1082 4163 illius,
1106 4094 1200 4168 quus
1214 4108 1316 4169 opera
1331 4093 1423 4168 lacit,
1440 4095 1569 4157 scilicet
1583 4095 1719 4156 diaboli.
1736 4098 1774 4158 In

129 4213 235 4277 quens
261 4210 363 4272 super
388 4196 433 4269 te,
461 4193 516 4270 qui
545 4190 751 4253 habitatores
779 4191 924 4251 terrae.»
979 4189 1139 4261 vectibus,
1157 4190 1334 4268 superbia:
1350 4191 1515 4268 insegor,
1530 4192 1777 4269 quaeinterpre·

128 4292 396 4357 Praevaricantes
406 4290 535 4351 scilicet
548 4289 656 4364 legem
666 4288 701 4348 in
714 4286 829 4357 Adam,
847 4285 925 4364 quia
979 4288 1070 4348 tatur
1084 4302 1200 4363 parva,
1219 4288 1273 4347 vel
1292 4288 1436 4364 parvuli,
1452 4289 1644 4365 poenitentis
1661 4288 1775 4351 humi-

130 4392 254 4453 dictum
269 4389 320 4450 est
331 4388 426 4466 (Gen.
441 4388 473 4459 2,
490 4384 561 4464 17);
575 4402 593 4444 ‹
606 4388 653 4446 De
668 4384 759 4460 ligno
775 4383 925 4444 scientiae
981 4383 1059 4444 litas
1074 4384 1279 4459 designatur.
1309 4386 1373 4445 Cor
1392 4400 1472 4460 ergo
1490 4386 1573 4463 justi
1597 4385 1719 4448 clamat
1734 4388 1777 4450 ad

129 4487 209 4549 boni
219 4487 253 4548 et
265 4483 345 4546 mali
353 4498 395 4544 ne
410 4482 575 4543 comedas.
589 4479 834 4541 »praevaricati
850 4480 927 4540 sunt
981 4480 1090 4551 Moab,
1112 4482 1207 4556 cujus
1226 4481 1338 4541 vectes
1361 4482 1439 4541 sunt
1462 4498 1567 4559 usque
1589 4482 1630 4544 ad
1658 4486 1773 4560 Segor,

131 4584 238 4660 legem
266 4581 396 4642 naturae
424 4580 486 4642 :et
508 4577 787 4654 praevaricatione
815 4577 929 4637 trans·
982 4578 1060 4655 quia
1075 4577 1307 4654 compatientis
1329 4578 1451 4640 affectu
1466 4579 1643 4653 desiderat,
1662 4585 1699 4644 ut
1712 4600 1775 4643 su-

131 4679 239 4758 gressi
252 4680 329 4739 sunt
343 4677 451 4752 legem
463 4676 622 4752 scriptam
632 4673 758 4751 Moysis
775 4687 929 4749 :praeva-
982 4673 1097 4752 perbia
1111 4675 1296 4750 peccatoris
1311 4675 1506 4738 humilietur
1524 4694 1628 4756 usque
1643 4679 1684 4739 ad
1700 4695 1775 4755 pre-

132 4776 232 4840 ricati
254 4776 330 4837 sunt
351 4773 458 4850 legem
482 4772 665 4848 Evangelii.
684 4771 841 4848 Sequitur
853 4785 926 4846 poe·
982 4771 1168 4842 nitentiam,
1183 4773 1217 4833 et
1230 4775 1446 4850 propeccatis
1459 4775 1529 4835 suis
1542 4776 1775 4837 maceretcar-

131 4890 176 4937 na
193 4891 200 4930 :
218 4874 258 4933 Et
272 4871 347 4932 ideo
363 4870 503 4932 formido
514 4869 651 4946 jndicii,
674 4869 707 4929 et
720 4868 828 4940 lovea,
842 4867 930 4927 idest
983 4884 1076 4941 nem;
1101 4869 1189 4929 unde
1217 4871 1368 4946 sequitur
1387 4891 1394 4930 ε
1409 4870 1554 4931 vitulam
1570 4874 1776 4932 conternan-

133 4969 352 5044 contemptus,
369 4969 402 5028 et
411 4965 576 5026 relaxatio
596 4965 716 5026 mentis
730 4963 772 5024 ad
787 4979 930 5040 peccan-
982 4968 1059 5029 tem.
1076 4968 1114 5026 In
1130 4966 1234 5026 vitula
1250 4966 1350 5038 enim,
1374 4981 1448 5042 quae
1469 4966 1654 5029 sacrificari
1678 4968 1774 5042 solet,

133 5068 223 5139 dum,
240 5067 273 5127 et
294 5065 432 5141 laqueus
451 5062 625 5124 diabolicae
645 5059 854 5136 tentationis,
874 5060 928 5120 vel
984 5063 1095 5125 carnis
1111 5062 1322 5123 mortificatio
1344 5059 1511 5138 signatum
1526 5064 1562 5123 in
1574 5063 1638 5125 boc
1653 5066 1774 5140 autem,

115 5163 263 5244 'peccati
280 5161 343 5224 erit
357 5161 510 5237 superte,
527 5159 584 5237 qui
596 5157 807 5220 habitatores
817 5159 927 5230 terrae,
981 5161 1071 5238 quod
1101 5161 1302 5221 conternans
1325 5157 1458 5233 dicitur,
1484 5160 1571 5222 idest
1593 5162 1695 5224 trium
1716 5178 1779 5224 an·

132 5261 231 5332 idest,
240 5257 410 5337 quitixisti
419 5256 927 5332 tabernaculumtuuminterra3
984 5271 1115 5328 norum,
1133 5256 1166 5316 in
1179 5270 1244 5331 qua
1260 5256 1357 5317 aetate
1372 5254 1420 5334 (1)
1434 5254 1493 5317 bos
1503 5259 1554 5319 est
1567 5259 1663 5335 aptus
1676 5261 1779 5320 sacri·

119 2025 163 2081 De
182 2019 450 2096 prevaricatoribus
472 2018 547 2091 legis
566 2017 688 2085 divine,
714 2023 744 2073 et
769 2014 805 2072 de
832 2027 918 2087 poena

155 2125 272 2181 eorunm
296 2108 332 2166 de
357 2107 529 2165 contritione
553 2105 731 2180 peccatoris;
761 2100 797 2160 de
821 2109 917 2159 custo·

153 2198 299 2257 dientibus
311 2198 406 2269 legem
417 2197 479 2253 liei.

134 5427 140 5432 .
172 5465 214 5534 (i)
231 5462 334 5531 inqua
351 5463 442 5528 etate,
459 5463 512 5516 etc.
539 5458 567 5515 S.
597 5458 798 5541 llieronyrnus,
821 5455 927 5539 lib2v.
985 5456 1041 5538 lem
1064 5463 1280 5540 conternantem
1305 5472 1356 5531 pro
1380 5431 1503 5539 perlecta
1528 5465 1612 5542 aetate
1634 5460 1774 5543 accipere.

135 5535 297 5593 comment.
316 5531 344 5587 ln
369 5532 437 5600 lsa,
453 5544 518 5601 cap.
536 5528 569 5586 lb
584 5535 643 5588 nrt:
659 5550 669 5579 ι
683 5530 839 5586 Possumus
853 5533 928 5585 vrtu-
986 5527 1064 5584 Sicut
1086 5541 1163 5584 enlm
1181 5535 1341 5586 tricesimus
1353 5542 1446 5585 annus
1462 5543 1490 5584 m
1504 5526 1678 5599 bominibus,
1694 5538 1731 5592 na
1747 5533 1777 5590 in
