<?xml version="1.0" encoding="UTF-8"?>
<!DOCTYPE html PUBLIC "-//W3C//DTD XHTML 1.0 Transitional//EN"
    "http://www.w3.org/TR/xhtml1/DTD/xhtml1-transitional.dtd">
<html xmlns="http://www.w3.org/1999/xhtml" xml:lang="en" lang="en">
 <head>
  <title>
</title>
<meta http-equiv="Content-Type" content="text/html;charset=utf-8" />
  <meta name='ocr-system' content='tesseract 3.04.00' />
  <meta name='ocr-capabilities' content='ocr_page ocr_carea ocr_par ocr_line ocrx_word'/>
</head>
<body>
  <div class='ocr_page' id='page_1' title='image "./mediiaevibiblio09bottgoog_0206.png"; bbox 0 0 3950 6200; ppageno 0'>
   <div class='ocr_carea' id='block_1_1' title="bbox 219 195 277 255">
    <p class='ocr_par' dir='ltr' id='par_1_1' title="bbox 219 195 277 255">
     <span class='ocr_line' id='line_1_1' title="bbox 219 195 277 255; baseline -0.017 0"><span class='ocrx_word' id='word_1_1' title='bbox 219 195 277 255; x_wconf 77' lang='lat' dir='ltr'>lta</span> 
     </span>
    </p>
   </div>
   <div class='ocr_carea' id='block_1_2' title="bbox 170 353 1018 5590">
    <p class='ocr_par' dir='ltr' id='par_1_2' title="bbox 214 353 1018 2753">
     <span class='ocr_line' id='line_1_2' title="bbox 218 353 1018 437; baseline 0.006 -21"><span class='ocrx_word' id='word_1_2' title='bbox 218 353 386 431; x_wconf 91' lang='lat' dir='ltr'>penderet,</span> <span class='ocrx_word' id='word_1_3' title='bbox 407 355 498 417; x_wconf 90' lang='lat' dir='ltr'>aliud</span> <span class='ocrx_word' id='word_1_4' title='bbox 517 358 805 434; x_wconf 78' lang='lat' dir='ltr'>contemplationis</span> <span class='ocrx_word' id='word_1_5' title='bbox 820 361 1018 437; x_wconf 80' lang='lat' dir='ltr'>tranquillis</span> 
     </span>
     <span class='ocr_line' id='line_1_3' title="bbox 217 453 1010 518; baseline 0.008 -6"><span class='ocrx_word' id='word_1_6' title='bbox 217 453 410 514; x_wconf 79' lang='lat' dir='ltr'><strong>excessibus</strong></span> <span class='ocrx_word' id='word_1_7' title='bbox 433 453 612 516; x_wconf 77' lang='lat' dir='ltr'>dedicaret.</span> <span class='ocrx_word' id='word_1_8' title='bbox 630 456 725 517; x_wconf 90' lang='lat' dir='ltr'>Unde</span> <span class='ocrx_word' id='word_1_9' title='bbox 738 472 812 518; x_wconf 91' lang='lat' dir='ltr'>cum</span> <span class='ocrx_word' id='word_1_10' title='bbox 829 458 1010 518; x_wconf 91' lang='lat' dir='ltr'>secundum</span> 
     </span>
     <span class='ocr_line' id='line_1_4' title="bbox 217 549 1011 630; baseline 0.008 -22"><span class='ocrx_word' id='word_1_11' title='bbox 217 549 418 625; x_wconf 74' lang='lat' dir='ltr'>exigentiam</span> <span class='ocrx_word' id='word_1_12' title='bbox 445 550 593 613; x_wconf 90' lang='lat' dir='ltr'>locorum</span> <span class='ocrx_word' id='word_1_13' title='bbox 625 554 659 613; x_wconf 90' lang='lat' dir='ltr'>et</span> <span class='ocrx_word' id='word_1_14' title='bbox 688 554 869 630; x_wconf 89' lang='lat' dir='ltr'>temporum</span> <span class='ocrx_word' id='word_1_15' title='bbox 892 555 1011 615; x_wconf 87' lang='lat' dir='ltr'>alienae</span> 
     </span>
     <span class='ocr_line' id='line_1_5' title="bbox 217 646 1012 728; baseline 0.005 -21"><span class='ocrx_word' id='word_1_16' title='bbox 217 646 506 710; x_wconf 86' lang='lat' dir='ltr'>condescendisset</span> <span class='ocrx_word' id='word_1_17' title='bbox 518 650 737 724; x_wconf 85' lang='lat' dir='ltr'>procurandae</span> <span class='ocrx_word' id='word_1_18' title='bbox 753 651 865 722; x_wconf 89' lang='lat' dir='ltr'>saluti,</span> <span class='ocrx_word' id='word_1_19' title='bbox 880 652 1012 728; x_wconf 88' lang='lat' dir='ltr'>inquie-</span> 
     </span>
     <span class='ocr_line' id='line_1_6' title="bbox 215 743 1011 817; baseline 0.004 -12"><span class='ocrx_word' id='word_1_20' title='bbox 215 743 397 805; x_wconf 89' lang='lat' dir='ltr'>tationibus</span> <span class='ocrx_word' id='word_1_21' title='bbox 422 743 589 807; x_wconf 86' lang='lat' dir='ltr'>derelictis</span> <span class='ocrx_word' id='word_1_22' title='bbox 611 746 795 817; x_wconf 89' lang='lat' dir='ltr'>turbarum,</span> <span class='ocrx_word' id='word_1_23' title='bbox 820 748 1011 808; x_wconf 83' lang='lat' dir='ltr'>solitudinis</span> 
     </span>
     <span class='ocr_line' id='line_1_7' title="bbox 217 841 1012 921; baseline 0.005 -21"><span class='ocrx_word' id='word_1_24' title='bbox 217 843 345 901; x_wconf 82' lang='lat' dir='ltr'>secreta</span> <span class='ocrx_word' id='word_1_25' title='bbox 371 841 513 917; x_wconf 88' lang='lat' dir='ltr'>petebat,</span> <span class='ocrx_word' id='word_1_26' title='bbox 536 842 712 920; x_wconf 87' lang='lat' dir='ltr'>locumque</span> <span class='ocrx_word' id='word_1_27' title='bbox 736 845 951 921; x_wconf 74' lang='lat' dir='ltr'>quietisque</span> <span class='ocrx_word' id='word_1_28' title='bbox 969 845 1012 904; x_wconf 92' lang='lat' dir='ltr'>li-</span> 
     </span>
     <span class='ocr_line' id='line_1_8' title="bbox 215 935 1012 1018; baseline 0.006 -21"><span class='ocrx_word' id='word_1_29' title='bbox 215 935 328 998; x_wconf 91' lang='lat' dir='ltr'>berius</span> <span class='ocrx_word' id='word_1_30' title='bbox 348 939 415 998; x_wconf 91' lang='lat' dir='ltr'>Deo</span> <span class='ocrx_word' id='word_1_31' title='bbox 435 954 569 1010; x_wconf 83' lang='lat' dir='ltr'>vacans,</span> <span class='ocrx_word' id='word_1_32' title='bbox 586 941 784 1016; x_wconf 81' lang='lat' dir='ltr'>extergeret,</span> <span class='ocrx_word' id='word_1_33' title='bbox 799 941 828 1000; x_wconf 90' lang='lat' dir='ltr'>si</span> <span class='ocrx_word' id='word_1_34' title='bbox 844 941 920 1018; x_wconf 87' lang='lat' dir='ltr'>quid</span> <span class='ocrx_word' id='word_1_35' title='bbox 937 943 1012 1018; x_wconf 93' lang='lat' dir='ltr'>pul·</span> 
     </span>
     <span class='ocr_line' id='line_1_9' title="bbox 216 1034 1012 1101; baseline 0.008 -7"><span class='ocrx_word' id='word_1_36' title='bbox 216 1034 305 1095; x_wconf 89' lang='lat' dir='ltr'>veris</span> <span class='ocrx_word' id='word_1_37' title='bbox 321 1034 384 1095; x_wconf 89' lang='lat' dir='ltr'>sihi</span> <span class='ocrx_word' id='word_1_38' title='bbox 397 1051 440 1096; x_wconf 87' lang='lat' dir='ltr'>ex</span> <span class='ocrx_word' id='word_1_39' title='bbox 453 1038 707 1098; x_wconf 88' lang='lat' dir='ltr'>conversatione</span> <span class='ocrx_word' id='word_1_40' title='bbox 721 1038 892 1099; x_wconf 90' lang='lat' dir='ltr'>hominum</span> <span class='ocrx_word' id='word_1_41' title='bbox 902 1039 1012 1101; x_wconf 88' lang='lat' dir='ltr'>adhae-</span> 
     </span>
     <span class='ocr_line' id='line_1_10' title="bbox 216 1132 1010 1214; baseline 0.005 -22"><span class='ocrx_word' id='word_1_42' title='bbox 216 1132 326 1193; x_wconf 87' lang='lat' dir='ltr'>sisset.</span> <span class='ocrx_word' id='word_1_43' title='bbox 353 1134 493 1194; x_wconf 89' lang='lat' dir='ltr'>Biennio</span> <span class='ocrx_word' id='word_1_44' title='bbox 521 1134 634 1211; x_wconf 90' lang='lat' dir='ltr'>itaque</span> <span class='ocrx_word' id='word_1_45' title='bbox 655 1136 831 1212; x_wconf 86' lang='lat' dir='ltr'>antequam</span> <span class='ocrx_word' id='word_1_46' title='bbox 857 1137 1010 1214; x_wconf 89' lang='lat' dir='ltr'>spiritum</span> 
     </span>
     <span class='ocr_line' id='line_1_11' title="bbox 215 1230 1012 1310; baseline 0.008 -21"><span class='ocrx_word' id='word_1_47' title='bbox 215 1230 369 1291; x_wconf 89' lang='lat' dir='ltr'>redderet</span> <span class='ocrx_word' id='word_1_48' title='bbox 379 1230 595 1300; x_wconf 85' lang='lat' dir='ltr'>coelo,divina</span> <span class='ocrx_word' id='word_1_49' title='bbox 608 1233 817 1309; x_wconf 83' lang='lat' dir='ltr'>providentia</span> <span class='ocrx_word' id='word_1_50' title='bbox 827 1233 922 1304; x_wconf 87' lang='lat' dir='ltr'>duce,</span> <span class='ocrx_word' id='word_1_51' title='bbox 938 1238 1012 1310; x_wconf 90' lang='lat' dir='ltr'>post</span> 
     </span>
     <span class='ocr_line' id='line_1_12' title="bbox 214 1326 1011 1406; baseline 0.008 -19"><span class='ocrx_word' id='word_1_52' title='bbox 214 1326 348 1388; x_wconf 88' lang='lat' dir='ltr'>labores</span> <span class='ocrx_word' id='word_1_53' title='bbox 364 1328 575 1390; x_wconf 88' lang='lat' dir='ltr'>multimodos</span> <span class='ocrx_word' id='word_1_54' title='bbox 590 1328 768 1406; x_wconf 89' lang='lat' dir='ltr'>perductus</span> <span class='ocrx_word' id='word_1_55' title='bbox 786 1335 836 1393; x_wconf 91' lang='lat' dir='ltr'>est</span> <span class='ocrx_word' id='word_1_56' title='bbox 852 1331 1011 1393; x_wconf 89' lang='lat' dir='ltr'>inlocum</span> 
     </span>
     <span class='ocr_line' id='line_1_13' title="bbox 216 1425 1012 1503; baseline 0.008 -19"><span class='ocrx_word' id='word_1_57' title='bbox 216 1425 385 1487; x_wconf 91' lang='lat' dir='ltr'>excelsum</span> <span class='ocrx_word' id='word_1_58' title='bbox 402 1441 563 1497; x_wconf 89' lang='lat' dir='ltr'>seorsum,</span> <span class='ocrx_word' id='word_1_59' title='bbox 577 1427 633 1503; x_wconf 88' lang='lat' dir='ltr'>qui</span> <span class='ocrx_word' id='word_1_60' title='bbox 648 1427 769 1489; x_wconf 89' lang='lat' dir='ltr'>dicitur</span> <span class='ocrx_word' id='word_1_61' title='bbox 782 1443 877 1490; x_wconf 91' lang='lat' dir='ltr'>mons</span> <span class='ocrx_word' id='word_1_62' title='bbox 893 1429 1012 1490; x_wconf 76' lang='lat' dir='ltr'>Alver-</span> 
     </span>
     <span class='ocr_line' id='line_1_14' title="bbox 217 1523 1010 1600; baseline 0.005 -19"><span class='ocrx_word' id='word_1_63' title='bbox 217 1538 280 1582; x_wconf 90' lang='lat' dir='ltr'>nee.</span> <span class='ocrx_word' id='word_1_64' title='bbox 304 1524 385 1587; x_wconf 84' lang='lat' dir='ltr'>Cum</span> <span class='ocrx_word' id='word_1_65' title='bbox 400 1523 503 1598; x_wconf 88' lang='lat' dir='ltr'>igitur</span> <span class='ocrx_word' id='word_1_66' title='bbox 517 1526 614 1600; x_wconf 84' lang='lat' dir='ltr'>juxta</span> <span class='ocrx_word' id='word_1_67' title='bbox 634 1525 767 1586; x_wconf 90' lang='lat' dir='ltr'>solitum</span> <span class='ocrx_word' id='word_1_68' title='bbox 783 1541 907 1587; x_wconf 92' lang='lat' dir='ltr'>morem</span> <span class='ocrx_word' id='word_1_69' title='bbox 918 1528 1010 1597; x_wconf 89' lang='lat' dir='ltr'>Qua-</span> 
     </span>
     <span class='ocr_line' id='line_1_15' title="bbox 218 1619 1013 1696; baseline 0.006 -18"><span class='ocrx_word' id='word_1_70' title='bbox 218 1619 440 1696; x_wconf 87' lang='lat' dir='ltr'>dragesimam</span> <span class='ocrx_word' id='word_1_71' title='bbox 466 1621 587 1683; x_wconf 88' lang='lat' dir='ltr'>ibidem</span> <span class='ocrx_word' id='word_1_72' title='bbox 612 1621 653 1681; x_wconf 91' lang='lat' dir='ltr'>ad</span> <span class='ocrx_word' id='word_1_73' title='bbox 683 1622 842 1685; x_wconf 89' lang='lat' dir='ltr'>honorem</span> <span class='ocrx_word' id='word_1_74' title='bbox 867 1623 1013 1685; x_wconf 87' lang='lat' dir='ltr'>archan·</span> 
     </span>
     <span class='ocr_line' id='line_1_16' title="bbox 217 1718 1012 1797; baseline 0.004 -19"><span class='ocrx_word' id='word_1_75' title='bbox 217 1718 284 1793; x_wconf 89' lang='lat' dir='ltr'>geli</span> <span class='ocrx_word' id='word_1_76' title='bbox 306 1718 481 1779; x_wconf 84' lang='lat' dir='ltr'>Michaelis</span> <span class='ocrx_word' id='word_1_77' title='bbox 492 1722 650 1796; x_wconf 72' lang='lat' dir='ltr'>ieiunare</span> <span class='ocrx_word' id='word_1_78' title='bbox 663 1721 829 1797; x_wconf 83' lang='lat' dir='ltr'>coepisset,</span> <span class='ocrx_word' id='word_1_79' title='bbox 847 1736 1012 1797; x_wconf 80' lang='lat' dir='ltr'>supremae</span> 
     </span>
     <span class='ocr_line' id='line_1_17' title="bbox 217 1816 1011 1892; baseline 0.005 -16"><span class='ocrx_word' id='word_1_80' title='bbox 217 1816 506 1892; x_wconf 84' lang='lat' dir='ltr'>contemplationis</span> <span class='ocrx_word' id='word_1_81' title='bbox 526 1817 702 1879; x_wconf 87' lang='lat' dir='ltr'>dulcedine</span> <span class='ocrx_word' id='word_1_82' title='bbox 712 1816 936 1879; x_wconf 87' lang='lat' dir='ltr'>abundantius</span> <span class='ocrx_word' id='word_1_83' title='bbox 951 1834 1011 1880; x_wconf 91' lang='lat' dir='ltr'>so-</span> 
     </span>
     <span class='ocr_line' id='line_1_18' title="bbox 218 1912 1012 1989; baseline 0.005 -17"><span class='ocrx_word' id='word_1_84' title='bbox 218 1912 277 1985; x_wconf 84' lang='lat' dir='ltr'>lito</span> <span class='ocrx_word' id='word_1_85' title='bbox 293 1912 497 1989; x_wconf 89' lang='lat' dir='ltr'>superfusus,</span> <span class='ocrx_word' id='word_1_86' title='bbox 512 1929 553 1975; x_wconf 88' lang='lat' dir='ltr'>ac</span> <span class='ocrx_word' id='word_1_87' title='bbox 573 1915 756 1975; x_wconf 85' lang='lat' dir='ltr'>coelestium</span> <span class='ocrx_word' id='word_1_88' title='bbox 769 1915 1012 1977; x_wconf 85' lang='lat' dir='ltr'>desideriorum</span> 
     </span>
     <span class='ocr_line' id='line_1_19' title="bbox 218 2010 1012 2089; baseline 0.003 -18"><span class='ocrx_word' id='word_1_89' title='bbox 218 2010 401 2071; x_wconf 87' lang='lat' dir='ltr'>ardentiori</span> <span class='ocrx_word' id='word_1_90' title='bbox 423 2010 557 2071; x_wconf 86' lang='lat' dir='ltr'>flamma</span> <span class='ocrx_word' id='word_1_91' title='bbox 583 2025 774 2083; x_wconf 88' lang='lat' dir='ltr'>succensus,</span> <span class='ocrx_word' id='word_1_92' title='bbox 792 2028 1012 2089; x_wconf 89' lang='lat' dir='ltr'>supernarum</span> 
     </span>
     <span class='ocr_line' id='line_1_20' title="bbox 218 2107 1014 2183; baseline 0.004 -15"><span class='ocrx_word' id='word_1_93' title='bbox 218 2108 318 2183; x_wconf 90' lang='lat' dir='ltr'>coepit</span> <span class='ocrx_word' id='word_1_94' title='bbox 340 2107 583 2168; x_wconf 91' lang='lat' dir='ltr'>immissionum</span> <span class='ocrx_word' id='word_1_95' title='bbox 603 2108 804 2171; x_wconf 80' lang='lat' dir='ltr'>cumulatius</span> <span class='ocrx_word' id='word_1_96' title='bbox 828 2108 913 2170; x_wconf 91' lang='lat' dir='ltr'>dona</span> <span class='ocrx_word' id='word_1_97' title='bbox 935 2125 1014 2171; x_wconf 90' lang='lat' dir='ltr'>sen-</span> 
     </span>
     <span class='ocr_line' id='line_1_21' title="bbox 216 2203 1011 2281; baseline 0.004 -17"><span class='ocrx_word' id='word_1_98' title='bbox 216 2205 293 2264; x_wconf 88' lang='lat' dir='ltr'>tire.</span> <span class='ocrx_word' id='word_1_99' title='bbox 307 2203 490 2265; x_wconf 81' lang='lat' dir='ltr'>Ferebatur</span> <span class='ocrx_word' id='word_1_100' title='bbox 502 2204 634 2281; x_wconf 89' lang='lat' dir='ltr'>quidem</span> <span class='ocrx_word' id='word_1_101' title='bbox 647 2204 682 2267; x_wconf 94' lang='lat' dir='ltr'>in</span> <span class='ocrx_word' id='word_1_102' title='bbox 694 2205 810 2277; x_wconf 90' lang='lat' dir='ltr'>altum,</span> <span class='ocrx_word' id='word_1_103' title='bbox 821 2221 887 2266; x_wconf 91' lang='lat' dir='ltr'>non</span> <span class='ocrx_word' id='word_1_104' title='bbox 899 2207 935 2267; x_wconf 90' lang='lat' dir='ltr'>ut</span> <span class='ocrx_word' id='word_1_105' title='bbox 948 2223 1011 2267; x_wconf 89' lang='lat' dir='ltr'>cu·</span> 
     </span>
     <span class='ocr_line' id='line_1_22' title="bbox 218 2302 1012 2381; baseline 0.004 -20"><span class='ocrx_word' id='word_1_106' title='bbox 218 2302 328 2363; x_wconf 90' lang='grc'><strong>110313</strong></span> <span class='ocrx_word' id='word_1_107' title='bbox 343 2302 528 2379; x_wconf 82' lang='lat' dir='ltr'>maJestatis</span> <span class='ocrx_word' id='word_1_108' title='bbox 540 2302 767 2379; x_wconf 85' lang='lat' dir='ltr'>perscrutator</span> <span class='ocrx_word' id='word_1_109' title='bbox 776 2303 1012 2381; x_wconf 88' lang='lat' dir='ltr'>opprimendus</span> 
     </span>
     <span class='ocr_line' id='line_1_23' title="bbox 218 2399 1014 2479; baseline 0.004 -19"><span class='ocrx_word' id='word_1_110' title='bbox 218 2415 238 2460; x_wconf 91' lang='lat' dir='ltr'>a</span> <span class='ocrx_word' id='word_1_111' title='bbox 253 2399 372 2475; x_wconf 87' lang='lat' dir='ltr'>gloria,</span> <span class='ocrx_word' id='word_1_112' title='bbox 389 2399 446 2461; x_wconf 91' lang='lat' dir='ltr'>sed</span> <span class='ocrx_word' id='word_1_113' title='bbox 459 2402 618 2476; x_wconf 86' lang='lat' dir='ltr'>tanquam</span> <span class='ocrx_word' id='word_1_114' title='bbox 636 2400 743 2461; x_wconf 85' lang='lat' dir='ltr'>fidelis</span> <span class='ocrx_word' id='word_1_115' title='bbox 758 2416 875 2463; x_wconf 89' lang='lat' dir='ltr'>servus</span> <span class='ocrx_word' id='word_1_116' title='bbox 889 2403 922 2463; x_wconf 89' lang='lat' dir='ltr'>et</span> <span class='ocrx_word' id='word_1_117' title='bbox 933 2418 1014 2479; x_wconf 90' lang='lat' dir='ltr'>pru·</span> 
     </span>
     <span class='ocr_line' id='line_1_24' title="bbox 218 2496 1012 2574; baseline 0.003 -16"><span class='ocrx_word' id='word_1_118' title='bbox 218 2497 312 2565; x_wconf 89' lang='lat' dir='ltr'>dens,</span> <span class='ocrx_word' id='word_1_119' title='bbox 328 2497 534 2573; x_wconf 79' lang='lat' dir='ltr'>investigans</span> <span class='ocrx_word' id='word_1_120' title='bbox 562 2496 806 2574; x_wconf 89' lang='lat' dir='ltr'>beneplacitum</span> <span class='ocrx_word' id='word_1_121' title='bbox 823 2498 892 2570; x_wconf 89' lang='lat' dir='ltr'>Dei,</span> <span class='ocrx_word' id='word_1_122' title='bbox 908 2500 961 2559; x_wconf 88' lang='lat' dir='ltr'>cui</span> <span class='ocrx_word' id='word_1_123' title='bbox 976 2515 1012 2560; x_wconf 90' lang='lat' dir='ltr'>se</span> 
     </span>
     <span class='ocr_line' id='line_1_25' title="bbox 218 2593 1014 2673; baseline 0.005 -19"><span class='ocrx_word' id='word_1_124' title='bbox 218 2593 428 2656; x_wconf 89' lang='lat' dir='ltr'>conformare</span> <span class='ocrx_word' id='word_1_125' title='bbox 455 2593 644 2656; x_wconf 88' lang='lat' dir='ltr'>omnimode</span> <span class='ocrx_word' id='word_1_126' title='bbox 667 2611 796 2656; x_wconf 92' lang='lat' dir='ltr'>summo</span> <span class='ocrx_word' id='word_1_127' title='bbox 819 2596 1014 2673; x_wconf 85' lang='lat' dir='ltr'>peroptabat</span> 
     </span>
     <span class='ocr_line' id='line_1_26' title="bbox 219 2692 349 2753; baseline 0 -1"><span class='ocrx_word' id='word_1_128' title='bbox 219 2692 349 2753; x_wconf 89' lang='lat' dir='ltr'>ardore.</span> 
     </span>
    </p>

    <p class='ocr_par' dir='ltr' id='par_1_3' title="bbox 170 2787 1014 5590">
     <span class='ocr_line' id='line_1_27' title="bbox 231 2787 1013 2867; baseline 0.005 -20"><span class='ocrx_word' id='word_1_129' title='bbox 231 2806 234 2813; x_wconf 92' lang='lat'>·</span> <span class='ocrx_word' id='word_1_130' title='bbox 259 2787 445 2848; x_wconf 89' lang='lat' dir='ltr'>immissum</span> <span class='ocrx_word' id='word_1_131' title='bbox 467 2789 517 2850; x_wconf 92' lang='lat' dir='ltr'>est</span> <span class='ocrx_word' id='word_1_132' title='bbox 531 2789 633 2864; x_wconf 87' lang='lat' dir='ltr'>igitur</span> <span class='ocrx_word' id='word_1_133' title='bbox 647 2790 749 2852; x_wconf 92' lang='lat' dir='ltr'>menti</span> <span class='ocrx_word' id='word_1_134' title='bbox 769 2792 840 2867; x_wconf 86' lang='lat' dir='ltr'>ejus</span> <span class='ocrx_word' id='word_1_135' title='bbox 854 2806 913 2867; x_wconf 91' lang='lat' dir='ltr'>per</span> <span class='ocrx_word' id='word_1_136' title='bbox 926 2790 1013 2851; x_wconf 86' lang='lat' dir='ltr'>divi-</span> 
     </span>
     <span class='ocr_line' id='line_1_28' title="bbox 218 2886 1014 2964; baseline 0.004 -19"><span class='ocrx_word' id='word_1_137' title='bbox 218 2900 298 2945; x_wconf 90' lang='lat' dir='ltr'>num</span> <span class='ocrx_word' id='word_1_138' title='bbox 306 2886 489 2957; x_wconf 87' lang='lat' dir='ltr'>oraculum,</span> <span class='ocrx_word' id='word_1_139' title='bbox 500 2887 585 2963; x_wconf 87' lang='lat' dir='ltr'>quod</span> <span class='ocrx_word' id='word_1_140' title='bbox 598 2887 633 2946; x_wconf 93' lang='lat' dir='ltr'>in</span> <span class='ocrx_word' id='word_1_141' title='bbox 643 2888 815 2964; x_wconf 90' lang='lat' dir='ltr'>apertione</span> <span class='ocrx_word' id='word_1_142' title='bbox 829 2887 905 2949; x_wconf 92' lang='lat' dir='ltr'>libri</span> <span class='ocrx_word' id='word_1_143' title='bbox 916 2903 1014 2950; x_wconf 90' lang='lat' dir='ltr'>evan·</span> 
     </span>
     <span class='ocr_line' id='line_1_29' title="bbox 218 2982 1012 3062; baseline 0.005 -20"><span class='ocrx_word' id='word_1_144' title='bbox 218 2982 317 3058; x_wconf 69' lang='grc'><strong>131101</strong></span> <span class='ocrx_word' id='word_1_145' title='bbox 329 2983 535 3044; x_wconf 81' lang='lat' dir='ltr'>revelaretur</span> <span class='ocrx_word' id='word_1_146' title='bbox 549 2985 581 3044; x_wconf 91' lang='lat' dir='ltr'>ei</span> <span class='ocrx_word' id='word_1_147' title='bbox 600 3000 619 3044; x_wconf 94' lang='grc'>3</span> <span class='ocrx_word' id='word_1_148' title='bbox 636 2985 777 3052; x_wconf 89' lang='lat' dir='ltr'>Christo,</span> <span class='ocrx_word' id='word_1_149' title='bbox 791 2985 869 3062; x_wconf 87' lang='lat' dir='ltr'>quid</span> <span class='ocrx_word' id='word_1_150' title='bbox 888 2988 956 3046; x_wconf 90' lang='lat' dir='ltr'>Deo</span> <span class='ocrx_word' id='word_1_151' title='bbox 972 2986 1012 3046; x_wconf 92' lang='lat' dir='ltr'>de</span> 
     </span>
     <span class='ocr_line' id='line_1_30' title="bbox 218 3080 1011 3160; baseline 0.003 -18"><span class='ocrx_word' id='word_1_152' title='bbox 218 3081 292 3157; x_wconf 90' lang='lat' dir='ltr'>ipso</span> <span class='ocrx_word' id='word_1_153' title='bbox 316 3081 349 3143; x_wconf 92' lang='lat' dir='ltr'>et</span> <span class='ocrx_word' id='word_1_154' title='bbox 375 3080 509 3158; x_wconf 89' lang='lat' dir='ltr'>inipso</span> <span class='ocrx_word' id='word_1_155' title='bbox 540 3081 685 3143; x_wconf 85' lang='lat' dir='ltr'>maxime</span> <span class='ocrx_word' id='word_1_156' title='bbox 711 3081 797 3144; x_wconf 89' lang='lat' dir='ltr'>foret</span> <span class='ocrx_word' id='word_1_157' title='bbox 829 3087 1011 3160; x_wconf 87' lang='lat' dir='ltr'>acceptum.</span> 
     </span>
     <span class='ocr_line' id='line_1_31' title="bbox 219 3179 1012 3257; baseline 0.003 -17"><span class='ocrx_word' id='word_1_158' title='bbox 219 3179 377 3241; x_wconf 89' lang='lat' dir='ltr'>Oratione</span> <span class='ocrx_word' id='word_1_159' title='bbox 390 3179 501 3256; x_wconf 87' lang='lat' dir='ltr'>itaque</span> <span class='ocrx_word' id='word_1_160' title='bbox 514 3196 588 3241; x_wconf 91' lang='lat' dir='ltr'>cum</span> <span class='ocrx_word' id='word_1_161' title='bbox 608 3180 712 3242; x_wconf 89' lang='lat' dir='ltr'>multa</span> <span class='ocrx_word' id='word_1_162' title='bbox 731 3180 906 3242; x_wconf 90' lang='lat' dir='ltr'>devotione</span> <span class='ocrx_word' id='word_1_163' title='bbox 922 3197 1012 3257; x_wconf 86' lang='lat' dir='ltr'>pree-</span> 
     </span>
     <span class='ocr_line' id='line_1_32' title="bbox 219 3277 1014 3353; baseline 0.001 -16"><span class='ocrx_word' id='word_1_164' title='bbox 219 3277 333 3345; x_wconf 88' lang='lat' dir='ltr'>missa,</span> <span class='ocrx_word' id='word_1_165' title='bbox 348 3293 479 3338; x_wconf 88' lang='lat' dir='ltr'>sacrum</span> <span class='ocrx_word' id='word_1_166' title='bbox 496 3277 752 3353; x_wconf 86' lang='lat' dir='ltr'>Evangeliorum</span> <span class='ocrx_word' id='word_1_167' title='bbox 770 3277 892 3340; x_wconf 91' lang='lat' dir='ltr'>librum</span> <span class='ocrx_word' id='word_1_168' title='bbox 906 3279 946 3340; x_wconf 91' lang='lat' dir='ltr'>de</span> <span class='ocrx_word' id='word_1_169' title='bbox 962 3279 1014 3340; x_wconf 90' lang='lat' dir='ltr'>ai-</span> 
     </span>
     <span class='ocr_line' id='line_1_33' title="bbox 219 3375 1013 3452; baseline 0 -16"><span class='ocrx_word' id='word_1_170' title='bbox 219 3375 285 3436; x_wconf 91' lang='lat' dir='ltr'>tari</span> <span class='ocrx_word' id='word_1_171' title='bbox 298 3378 476 3452; x_wconf 88' lang='lat' dir='ltr'>sumptum,</span> <span class='ocrx_word' id='word_1_172' title='bbox 490 3376 526 3436; x_wconf 93' lang='lat' dir='ltr'>in</span> <span class='ocrx_word' id='word_1_173' title='bbox 550 3377 679 3438; x_wconf 86' lang='lat' dir='ltr'>Sanctae</span> <span class='ocrx_word' id='word_1_174' title='bbox 694 3375 866 3438; x_wconf 85' lang='lat' dir='ltr'>Trinitatis</span> <span class='ocrx_word' id='word_1_175' title='bbox 880 3377 1013 3438; x_wconf 92' lang='lat' dir='ltr'>nomine</span> 
     </span>
     <span class='ocr_line' id='line_1_34' title="bbox 218 3472 1012 3550; baseline 0.001 -17"><span class='ocrx_word' id='word_1_176' title='bbox 218 3472 343 3548; x_wconf 88' lang='lat' dir='ltr'>aperiri</span> <span class='ocrx_word' id='word_1_177' title='bbox 367 3472 446 3534; x_wconf 89' lang='lat' dir='ltr'>fecit</span> <span class='ocrx_word' id='word_1_178' title='bbox 461 3488 521 3550; x_wconf 89' lang='lat' dir='ltr'>per</span> <span class='ocrx_word' id='word_1_179' title='bbox 533 3473 670 3543; x_wconf 88' lang='lat' dir='ltr'>socium,</span> <span class='ocrx_word' id='word_1_180' title='bbox 694 3473 803 3534; x_wconf 87' lang='lat' dir='ltr'>virum</span> <span class='ocrx_word' id='word_1_181' title='bbox 819 3474 933 3550; x_wconf 87' lang='lat' dir='ltr'>utique</span> <span class='ocrx_word' id='word_1_182' title='bbox 946 3476 1012 3534; x_wconf 87' lang='lat' dir='ltr'>Deo</span> 
     </span>
     <span class='ocr_line' id='line_1_35' title="bbox 217 3571 1012 3632; baseline 0.003 -2"><span class='ocrx_word' id='word_1_183' title='bbox 217 3571 370 3632; x_wconf 88' lang='grc'><strong>13101111</strong></span> <span class='ocrx_word' id='word_1_184' title='bbox 396 3574 430 3632; x_wconf 87' lang='grc'>31</span> <span class='ocrx_word' id='word_1_185' title='bbox 455 3571 617 3631; x_wconf 89' lang='lat' dir='ltr'>sanctum.</span> <span class='ocrx_word' id='word_1_186' title='bbox 644 3573 731 3630; x_wconf 83' lang='lat' dir='ltr'>Sane</span> <span class='ocrx_word' id='word_1_187' title='bbox 760 3586 847 3631; x_wconf 89' lang='lat' dir='ltr'>cum</span> <span class='ocrx_word' id='word_1_188' title='bbox 863 3571 897 3631; x_wconf 91' lang='grc'>111</span> <span class='ocrx_word' id='word_1_189' title='bbox 924 3571 1012 3632; x_wconf 87' lang='grc'><strong>11113</strong></span> 
     </span>
     <span class='ocr_line' id='line_1_36' title="bbox 217 3665 1012 3743; baseline 0 -16"><span class='ocrx_word' id='word_1_190' title='bbox 217 3666 295 3727; x_wconf 89' lang='lat' dir='ltr'>libri</span> <span class='ocrx_word' id='word_1_191' title='bbox 343 3668 515 3742; x_wconf 90' lang='lat' dir='ltr'>apertione</span> <span class='ocrx_word' id='word_1_192' title='bbox 555 3682 687 3743; x_wconf 87' lang='lat' dir='ltr'>semper</span> <span class='ocrx_word' id='word_1_193' title='bbox 724 3665 853 3728; x_wconf 87' lang='lat' dir='ltr'>Domini</span> <span class='ocrx_word' id='word_1_194' title='bbox 895 3667 1012 3728; x_wconf 88' lang='lat' dir='ltr'>Passio</span> 
     </span>
     <span class='ocr_line' id='line_1_37' title="bbox 217 3763 1010 3842; baseline -0.001 -16"><span class='ocrx_word' id='word_1_195' title='bbox 217 3766 418 3835; x_wconf 89' lang='lat' dir='ltr'>occurreret,</span> <span class='ocrx_word' id='word_1_196' title='bbox 442 3763 609 3825; x_wconf 88' lang='lat' dir='ltr'>intellexit</span> <span class='ocrx_word' id='word_1_197' title='bbox 622 3765 674 3823; x_wconf 78' lang='lat' dir='ltr'>vir</span> <span class='ocrx_word' id='word_1_198' title='bbox 696 3766 765 3825; x_wconf 87' lang='lat' dir='ltr'>Deo</span> <span class='ocrx_word' id='word_1_199' title='bbox 780 3763 908 3841; x_wconf 90' lang='lat' dir='ltr'>plenus,</span> <span class='ocrx_word' id='word_1_200' title='bbox 924 3766 1010 3842; x_wconf 85' lang='lat' dir='ltr'>quod</span> 
     </span>
     <span class='ocr_line' id='line_1_38' title="bbox 218 3861 1012 3924; baseline 0.001 -2"><span class='ocrx_word' id='word_1_201' title='bbox 218 3862 305 3923; x_wconf 90' lang='lat' dir='ltr'>sicut</span> <span class='ocrx_word' id='word_1_202' title='bbox 330 3861 496 3922; x_wconf 88' lang='lat' dir='ltr'>Christum</span> <span class='ocrx_word' id='word_1_203' title='bbox 517 3861 627 3922; x_wconf 91' lang='lat' dir='ltr'>fuerat</span> <span class='ocrx_word' id='word_1_204' title='bbox 649 3861 797 3922; x_wconf 87' lang='lat' dir='ltr'>imitatus</span> <span class='ocrx_word' id='word_1_205' title='bbox 824 3862 858 3922; x_wconf 95' lang='lat' dir='ltr'>in</span> <span class='ocrx_word' id='word_1_206' title='bbox 883 3863 1012 3924; x_wconf 89' lang='lat' dir='ltr'>actibus</span> 
     </span>
     <span class='ocr_line' id='line_1_39' title="bbox 216 3957 1013 4028; baseline 0 -8"><span class='ocrx_word' id='word_1_207' title='bbox 216 3960 305 4028; x_wconf 82' lang='lat' dir='ltr'>vitoe,</span> <span class='ocrx_word' id='word_1_208' title='bbox 319 3959 367 4018; x_wconf 88' lang='lat' dir='ltr'>sie</span> <span class='ocrx_word' id='word_1_209' title='bbox 381 3957 561 4019; x_wconf 85' lang='lat' dir='ltr'>conformis</span> <span class='ocrx_word' id='word_1_210' title='bbox 580 3959 612 4019; x_wconf 91' lang='lat' dir='ltr'>ei</span> <span class='ocrx_word' id='word_1_211' title='bbox 625 3973 698 4019; x_wconf 91' lang='lat' dir='ltr'>esse</span> <span class='ocrx_word' id='word_1_212' title='bbox 711 3957 845 4020; x_wconf 91' lang='lat' dir='ltr'>deberet</span> <span class='ocrx_word' id='word_1_213' title='bbox 858 3959 893 4020; x_wconf 92' lang='lat' dir='ltr'>in</span> <span class='ocrx_word' id='word_1_214' title='bbox 906 3959 1013 4021; x_wconf 87' lang='lat' dir='ltr'>afflic-</span> 
     </span>
     <span class='ocr_line' id='line_1_40' title="bbox 217 4054 1010 4133; baseline -0.004 -13"><span class='ocrx_word' id='word_1_215' title='bbox 217 4056 363 4120; x_wconf 88' lang='lat' dir='ltr'>tionibus</span> <span class='ocrx_word' id='word_1_216' title='bbox 379 4058 412 4118; x_wconf 92' lang='lat' dir='ltr'>et</span> <span class='ocrx_word' id='word_1_217' title='bbox 435 4054 605 4116; x_wconf 90' lang='lat' dir='ltr'>doloribus</span> <span class='ocrx_word' id='word_1_218' title='bbox 632 4055 813 4127; x_wconf 69' lang='lat' dir='ltr'>Passionis</span> <span class='ocrx_word' id='word_1_219' title='bbox 834 4057 1010 4133; x_wconf 87' lang='lat' dir='ltr'>antequam</span> 
     </span>
     <span class='ocr_line' id='line_1_41' title="bbox 217 4152 1012 4231; baseline -0.003 -13"><span class='ocrx_word' id='word_1_220' title='bbox 217 4172 262 4218; x_wconf 89' lang='lat' dir='ltr'>ex</span> <span class='ocrx_word' id='word_1_221' title='bbox 286 4155 350 4215; x_wconf 90' lang='lat' dir='ltr'>hoc</span> <span class='ocrx_word' id='word_1_222' title='bbox 374 4153 495 4215; x_wconf 92' lang='lat' dir='ltr'>mundo</span> <span class='ocrx_word' id='word_1_223' title='bbox 523 4152 693 4214; x_wconf 89' lang='lat' dir='ltr'>transiret.</span> <span class='ocrx_word' id='word_1_224' title='bbox 717 4156 756 4214; x_wconf 85' lang='lat' dir='ltr'>Et</span> <span class='ocrx_word' id='word_1_225' title='bbox 775 4154 852 4215; x_wconf 92' lang='lat' dir='ltr'>licet</span> <span class='ocrx_word' id='word_1_226' title='bbox 878 4157 1012 4231; x_wconf 92' lang='lat' dir='ltr'>propter</span> 
     </span>
     <span class='ocr_line' id='line_1_42' title="bbox 217 4251 1010 4327; baseline -0.003 -12"><span class='ocrx_word' id='word_1_227' title='bbox 217 4254 355 4315; x_wconf 86' lang='lat' dir='ltr'>multem</span> <span class='ocrx_word' id='word_1_228' title='bbox 377 4251 605 4314; x_wconf 85' lang='lat' dir='ltr'>austeritatem</span> <span class='ocrx_word' id='word_1_229' title='bbox 627 4251 704 4312; x_wconf 85' lang='lat' dir='ltr'>vitae</span> <span class='ocrx_word' id='word_1_230' title='bbox 728 4251 916 4327; x_wconf 87' lang='lat' dir='ltr'>praeteritae,</span> <span class='ocrx_word' id='word_1_231' title='bbox 929 4268 1010 4313; x_wconf 91' lang='lat' dir='ltr'>cru·</span> 
     </span>
     <span class='ocr_line' id='line_1_43' title="bbox 218 4349 1008 4430; baseline -0.004 -17"><span class='ocrx_word' id='word_1_232' title='bbox 218 4354 331 4430; x_wconf 87' lang='lat' dir='ltr'>cisque</span> <span class='ocrx_word' id='word_1_233' title='bbox 350 4351 532 4411; x_wconf 84' lang='lat' dir='ltr'>Dominicae</span> <span class='ocrx_word' id='word_1_234' title='bbox 547 4349 787 4424; x_wconf 89' lang='lat' dir='ltr'>bajulationem</span> <span class='ocrx_word' id='word_1_235' title='bbox 806 4350 1008 4420; x_wconf 89' lang='lat' dir='ltr'>continuam,</span> 
     </span>
     <span class='ocr_line' id='line_1_44' title="bbox 217 4448 1010 4525; baseline -0.006 -14"><span class='ocrx_word' id='word_1_236' title='bbox 217 4448 393 4511; x_wconf 88' lang='lat' dir='ltr'>imbecillis</span> <span class='ocrx_word' id='word_1_237' title='bbox 417 4451 488 4525; x_wconf 89' lang='lat' dir='ltr'>jam</span> <span class='ocrx_word' id='word_1_238' title='bbox 513 4449 601 4509; x_wconf 89' lang='lat' dir='ltr'>esset</span> <span class='ocrx_word' id='word_1_239' title='bbox 626 4462 777 4523; x_wconf 90' lang='lat' dir='ltr'>corpore,</span> <span class='ocrx_word' id='word_1_240' title='bbox 802 4462 1010 4524; x_wconf 89' lang='lat' dir='ltr'>nequaquam</span> 
     </span>
     <span class='ocr_line' id='line_1_45' title="bbox 216 4544 1010 4624; baseline -0.005 -16"><span class='ocrx_word' id='word_1_241' title='bbox 216 4549 267 4609; x_wconf 91' lang='lat' dir='ltr'>est</span> <span class='ocrx_word' id='word_1_242' title='bbox 293 4546 440 4618; x_wconf 90' lang='lat' dir='ltr'>territus,</span> <span class='ocrx_word' id='word_1_243' title='bbox 457 4545 514 4606; x_wconf 90' lang='lat' dir='ltr'>sed</span> <span class='ocrx_word' id='word_1_244' title='bbox 537 4544 577 4606; x_wconf 88' lang='grc'>31</span> <span class='ocrx_word' id='word_1_245' title='bbox 598 4545 750 4624; x_wconf 88' lang='lat' dir='ltr'>martyrii</span> <span class='ocrx_word' id='word_1_246' title='bbox 779 4546 1010 4607; x_wconf 90' lang='lat' dir='ltr'>sustinentiam</span> 
     </span>
     <span class='ocr_line' id='line_1_46' title="bbox 216 4642 1010 4721; baseline -0.003 -15"><span class='ocrx_word' id='word_1_247' title='bbox 216 4642 405 4721; x_wconf 87' lang='lat' dir='ltr'>vigorosius</span> <span class='ocrx_word' id='word_1_248' title='bbox 440 4643 618 4704; x_wconf 90' lang='lat' dir='ltr'>animatus.</span> <span class='ocrx_word' id='word_1_249' title='bbox 648 4645 850 4707; x_wconf 82' lang='lat' dir='ltr'>Excreverat</span> <span class='ocrx_word' id='word_1_250' title='bbox 877 4643 1010 4720; x_wconf 87' lang='lat' dir='ltr'>quidem</span> 
     </span>
     <span class='ocr_line' id='line_1_47' title="bbox 216 4739 1010 4817; baseline -0.004 -14"><span class='ocrx_word' id='word_1_251' title='bbox 216 4743 252 4804; x_wconf 92' lang='lat' dir='ltr'>in</span> <span class='ocrx_word' id='word_1_252' title='bbox 271 4757 311 4803; x_wconf 91' lang='lat' dir='ltr'>eo</span> <span class='ocrx_word' id='word_1_253' title='bbox 331 4739 556 4817; x_wconf 87' lang='lat' dir='ltr'>insuperabile</span> <span class='ocrx_word' id='word_1_254' title='bbox 576 4742 701 4801; x_wconf 90' lang='lat' dir='ltr'>amoris</span> <span class='ocrx_word' id='word_1_255' title='bbox 720 4740 912 4801; x_wconf 87' lang='lat' dir='ltr'>incendium</span> <span class='ocrx_word' id='word_1_256' title='bbox 930 4740 1010 4801; x_wconf 91' lang='lat' dir='ltr'>boni</span> 
     </span>
     <span class='ocr_line' id='line_1_48' title="bbox 214 4836 1007 4914; baseline -0.005 -12"><span class='ocrx_word' id='word_1_257' title='bbox 214 4842 306 4910; x_wconf 78' lang='lat' dir='ltr'>iesu,</span> <span class='ocrx_word' id='word_1_258' title='bbox 323 4838 358 4899; x_wconf 90' lang='lat' dir='ltr'>in</span> <span class='ocrx_word' id='word_1_259' title='bbox 378 4836 547 4914; x_wconf 90' lang='lat' dir='ltr'>lampades</span> <span class='ocrx_word' id='word_1_260' title='bbox 565 4837 652 4912; x_wconf 86' lang='lat' dir='ltr'>ignis</span> <span class='ocrx_word' id='word_1_261' title='bbox 671 4839 771 4914; x_wconf 88' lang='lat' dir='ltr'>atque</span> <span class='ocrx_word' id='word_1_262' title='bbox 786 4838 1007 4908; x_wconf 85' lang='lat' dir='ltr'>flammarum,</span> 
     </span>
     <span class='ocr_line' id='line_1_49' title="bbox 217 4934 1010 5014; baseline -0.01 -13"><span class='ocrx_word' id='word_1_263' title='bbox 217 4939 253 5001; x_wconf 92' lang='lat' dir='ltr'>ut</span> <span class='ocrx_word' id='word_1_264' title='bbox 275 4952 370 5014; x_wconf 79' lang='lat' dir='ltr'>aquae</span> <span class='ocrx_word' id='word_1_265' title='bbox 394 4935 507 4996; x_wconf 89' lang='lat' dir='ltr'>multae</span> <span class='ocrx_word' id='word_1_266' title='bbox 531 4934 706 4996; x_wconf 88' lang='lat' dir='ltr'>caritatem</span> <span class='ocrx_word' id='word_1_267' title='bbox 730 4938 804 5012; x_wconf 89' lang='lat' dir='ltr'>ejus</span> <span class='ocrx_word' id='word_1_268' title='bbox 832 4935 1010 4996; x_wconf 87' lang='grc'><strong>13111311-</strong></span> 
     </span>
     <span class='ocr_line' id='line_1_50' title="bbox 215 5033 1010 5110; baseline -0.006 -13"><span class='ocrx_word' id='word_1_269' title='bbox 215 5037 291 5097; x_wconf 89' lang='lat' dir='ltr'>dam</span> <span class='ocrx_word' id='word_1_270' title='bbox 317 5035 514 5110; x_wconf 80' lang='lat' dir='ltr'>extinguere</span> <span class='ocrx_word' id='word_1_271' title='bbox 534 5049 600 5093; x_wconf 93' lang='lat' dir='ltr'>non</span> <span class='ocrx_word' id='word_1_272' title='bbox 622 5033 785 5094; x_wconf 84' lang='lat' dir='ltr'>valerent.</span> <span class='ocrx_word' id='word_1_273' title='bbox 803 5036 882 5093; x_wconf 92' lang='lat' dir='ltr'>Cum</span> <span class='ocrx_word' id='word_1_274' title='bbox 907 5033 1010 5108; x_wconf 87' lang='lat' dir='ltr'>igitur</span> 
     </span>
     <span class='ocr_line' id='line_1_51' title="bbox 215 5130 1009 5210; baseline -0.008 -15"><span class='ocrx_word' id='word_1_275' title='bbox 215 5131 400 5210; x_wconf 90' lang='lat' dir='ltr'>seraphicis</span> <span class='ocrx_word' id='word_1_276' title='bbox 419 5130 660 5192; x_wconf 92' lang='lat' dir='ltr'>desideriorum</span> <span class='ocrx_word' id='word_1_277' title='bbox 680 5130 856 5192; x_wconf 90' lang='lat' dir='ltr'>ardoribus</span> <span class='ocrx_word' id='word_1_278' title='bbox 875 5145 1009 5190; x_wconf 90' lang='lat' dir='ltr'>sursum</span> 
     </span>
     <span class='ocr_line' id='line_1_52' title="bbox 215 5227 1010 5306; baseline -0.006 -14"><span class='ocrx_word' id='word_1_279' title='bbox 215 5234 371 5306; x_wconf 82' lang='lat' dir='ltr'>ageretur</span> <span class='ocrx_word' id='word_1_280' title='bbox 396 5230 431 5290; x_wconf 90' lang='lat' dir='ltr'>in</span> <span class='ocrx_word' id='word_1_281' title='bbox 459 5231 575 5296; x_wconf 85' lang='lat' dir='ltr'>Deum,</span> <span class='ocrx_word' id='word_1_282' title='bbox 605 5229 638 5290; x_wconf 90' lang='lat' dir='ltr'>et</span> <span class='ocrx_word' id='word_1_283' title='bbox 659 5228 868 5304; x_wconf 83' lang='lat' dir='ltr'>compassiva</span> <span class='ocrx_word' id='word_1_284' title='bbox 893 5227 1010 5287; x_wconf 93' lang='lat' dir='ltr'>dulce-</span> 
     </span>
     <span class='ocr_line' id='line_1_53' title="bbox 170 5324 1008 5401; baseline -0.006 -11"><span class='ocrx_word' id='word_1_285' title='bbox 170 5369 175 5380; x_wconf 82' lang='lat'><strong>·</strong></span> <span class='ocrx_word' id='word_1_286' title='bbox 215 5329 292 5390; x_wconf 92' lang='lat' dir='ltr'>dine</span> <span class='ocrx_word' id='word_1_287' title='bbox 318 5327 352 5387; x_wconf 92' lang='lat' dir='ltr'>in</span> <span class='ocrx_word' id='word_1_288' title='bbox 372 5343 447 5388; x_wconf 93' lang='lat' dir='ltr'>eum</span> <span class='ocrx_word' id='word_1_289' title='bbox 468 5326 774 5395; x_wconf 83' lang='lat' dir='ltr'>transformaretur,</span> <span class='ocrx_word' id='word_1_290' title='bbox 805 5324 861 5401; x_wconf 89' lang='lat' dir='ltr'>qui</span> <span class='ocrx_word' id='word_1_291' title='bbox 883 5339 927 5384; x_wconf 90' lang='lat' dir='ltr'>ex</span> <span class='ocrx_word' id='word_1_292' title='bbox 948 5340 1008 5385; x_wconf 89' lang='lat' dir='ltr'>ca·</span> 
     </span>
     <span class='ocr_line' id='line_1_54' title="bbox 215 5421 1008 5498; baseline -0.005 -12"><span class='ocrx_word' id='word_1_293' title='bbox 215 5426 313 5486; x_wconf 86' lang='lat' dir='ltr'>ritate</span> <span class='ocrx_word' id='word_1_294' title='bbox 330 5425 432 5485; x_wconf 88' lang='lat' dir='ltr'>nimia</span> <span class='ocrx_word' id='word_1_295' title='bbox 447 5424 553 5485; x_wconf 81' lang='lat' dir='ltr'>voluit</span> <span class='ocrx_word' id='word_1_296' title='bbox 572 5422 734 5498; x_wconf 88' lang='lat' dir='ltr'>cruciligi,</span> <span class='ocrx_word' id='word_1_297' title='bbox 752 5421 894 5498; x_wconf 87' lang='lat' dir='ltr'>quodam</span> <span class='ocrx_word' id='word_1_298' title='bbox 911 5437 1008 5482; x_wconf 89' lang='lat' dir='ltr'>mane</span> 
     </span>
     <span class='ocr_line' id='line_1_55' title="bbox 215 5519 1006 5590; baseline -0.005 -7"><span class='ocrx_word' id='word_1_299' title='bbox 215 5523 304 5583; x_wconf 89' lang='lat' dir='ltr'>circa</span> <span class='ocrx_word' id='word_1_300' title='bbox 331 5521 449 5582; x_wconf 88' lang='lat' dir='ltr'>festum</span> <span class='ocrx_word' id='word_1_301' title='bbox 483 5520 705 5582; x_wconf 78' lang='lat' dir='ltr'>Enattationis</span> <span class='ocrx_word' id='word_1_302' title='bbox 730 5520 854 5580; x_wconf 58' lang='lat' dir='ltr'>sanctie</span> <span class='ocrx_word' id='word_1_303' title='bbox 880 5519 1006 5590; x_wconf 87' lang='lat' dir='ltr'>Crucis,</span> 
     </span>
    </p>
   </div>
   <div class='ocr_carea' id='block_1_3' title="bbox 658 198 1417 267">
    <p class='ocr_par' dir='ltr' id='par_1_4' title="bbox 658 198 1417 267">
     <span class='ocr_line' id='line_1_56' title="bbox 658 198 1417 267; baseline 0.012 -9"><span class='ocrx_word' id='word_1_304' title='bbox 658 199 712 260; x_wconf 71' lang='lat' dir='ltr'>AD</span> <span class='ocrx_word' id='word_1_305' title='bbox 734 198 871 261; x_wconf 82' lang='lat' dir='ltr'>OPERA</span> <span class='ocrx_word' id='word_1_306' title='bbox 893 201 927 261; x_wconf 88' lang='lat' dir='ltr'>S.</span> <span class='ocrx_word' id='word_1_307' title='bbox 950 201 1417 267; x_wconf 79' lang='grc'><strong>1111113013331311113</strong></span> 
     </span>
    </p>
   </div>
   <div class='ocr_carea' id='block_1_4' title="bbox 1792 210 1848 272">
    <p class='ocr_par' dir='ltr' id='par_1_5' title="bbox 1792 210 1848 272">
     <span class='ocr_line' id='line_1_57' title="bbox 1792 210 1848 272; baseline 0.054 -3"><span class='ocrx_word' id='word_1_308' title='bbox 1792 210 1848 272; x_wconf 68' lang='lat'>14⁴</span> 
     </span>
    </p>
   </div>
   <div class='ocr_carea' id='block_1_5' title="bbox 1061 362 1863 5598">
    <p class='ocr_par' dir='ltr' id='par_1_6' title="bbox 1063 362 1863 4719">
     <span class='ocr_line' id='line_1_58' title="bbox 1064 362 1850 444; baseline 0.008 -22"><span class='ocrx_word' id='word_1_309' title='bbox 1064 362 1141 424; x_wconf 91' lang='lat' dir='ltr'>dum</span> <span class='ocrx_word' id='word_1_310' title='bbox 1167 367 1280 427; x_wconf 89' lang='lat' dir='ltr'>oraret</span> <span class='ocrx_word' id='word_1_311' title='bbox 1293 364 1328 425; x_wconf 92' lang='lat' dir='ltr'>in</span> <span class='ocrx_word' id='word_1_312' title='bbox 1349 364 1454 427; x_wconf 86' lang='lat' dir='ltr'>latere</span> <span class='ocrx_word' id='word_1_313' title='bbox 1466 364 1598 438; x_wconf 90' lang='lat' dir='ltr'>montis,</span> <span class='ocrx_word' id='word_1_314' title='bbox 1625 364 1710 427; x_wconf 78' lang='lat' dir='ltr'>vidit</span> <span class='ocrx_word' id='word_1_315' title='bbox 1728 366 1850 444; x_wconf 86' lang='lat' dir='ltr'>Seraph</span> 
     </span>
     <span class='ocr_line' id='line_1_59' title="bbox 1065 460 1850 543; baseline 0.008 -24"><span class='ocrx_word' id='word_1_316' title='bbox 1065 476 1165 520; x_wconf 93' lang='lat' dir='ltr'>unum</span> <span class='ocrx_word' id='word_1_317' title='bbox 1181 476 1241 522; x_wconf 85' lang='lat' dir='ltr'>sex</span> <span class='ocrx_word' id='word_1_318' title='bbox 1253 462 1324 523; x_wconf 91' lang='grc'><strong>3133</strong></span> <span class='ocrx_word' id='word_1_319' title='bbox 1337 460 1513 543; x_wconf 86' lang='lat' dir='ltr'>habentem</span> <span class='ocrx_word' id='word_1_320' title='bbox 1526 465 1593 523; x_wconf 90' lang='lat' dir='ltr'>tam</span> <span class='ocrx_word' id='word_1_321' title='bbox 1612 462 1736 539; x_wconf 84' lang='lat' dir='ltr'>ignitas</span> <span class='ocrx_word' id='word_1_322' title='bbox 1757 480 1850 539; x_wconf 83' lang='lat' dir='ltr'>quam</span> 
     </span>
     <span class='ocr_line' id='line_1_60' title="bbox 1064 557 1850 632; baseline 0.006 -16"><span class='ocrx_word' id='word_1_323' title='bbox 1064 557 1255 632; x_wconf 90' lang='lat' dir='ltr'>splendidas</span> <span class='ocrx_word' id='word_1_324' title='bbox 1270 559 1310 618; x_wconf 95' lang='lat' dir='ltr'>de</span> <span class='ocrx_word' id='word_1_325' title='bbox 1325 559 1483 620; x_wconf 84' lang='lat' dir='ltr'>coelorum</span> <span class='ocrx_word' id='word_1_326' title='bbox 1496 558 1698 621; x_wconf 88' lang='lat' dir='ltr'>sublimitate</span> <span class='ocrx_word' id='word_1_327' title='bbox 1714 559 1850 621; x_wconf 86' lang='lat' dir='ltr'>descen·</span> 
     </span>
     <span class='ocr_line' id='line_1_61' title="bbox 1064 652 1853 733; baseline 0.009 -21"><span class='ocrx_word' id='word_1_328' title='bbox 1064 652 1153 714; x_wconf 92' lang='lat' dir='ltr'>dere.</span> <span class='ocrx_word' id='word_1_329' title='bbox 1171 656 1316 731; x_wconf 87' lang='lat' dir='ltr'>Cumque</span> <span class='ocrx_word' id='word_1_330' title='bbox 1329 657 1440 717; x_wconf 87' lang='lat' dir='ltr'>volatu</span> <span class='ocrx_word' id='word_1_331' title='bbox 1457 656 1634 717; x_wconf 88' lang='lat' dir='ltr'>celerrimo</span> <span class='ocrx_word' id='word_1_332' title='bbox 1650 657 1853 733; x_wconf 78' lang='lat' dir='ltr'>peruenisset</span> 
     </span>
     <span class='ocr_line' id='line_1_62' title="bbox 1065 750 1855 830; baseline 0.005 -19"><span class='ocrx_word' id='word_1_333' title='bbox 1065 750 1105 811; x_wconf 91' lang='lat' dir='ltr'>ad</span> <span class='ocrx_word' id='word_1_334' title='bbox 1122 751 1312 813; x_wconf 88' lang='grc'><strong>1001111110</strong></span> <span class='ocrx_word' id='word_1_335' title='bbox 1325 754 1385 814; x_wconf 90' lang='lat' dir='ltr'>Dei</span> <span class='ocrx_word' id='word_1_336' title='bbox 1396 754 1628 830; x_wconf 87' lang='lat' dir='ltr'>propinquum,</span> <span class='ocrx_word' id='word_1_337' title='bbox 1641 753 1796 829; x_wconf 87' lang='lat' dir='ltr'>apparuit</span> <span class='ocrx_word' id='word_1_338' title='bbox 1805 754 1855 815; x_wconf 90' lang='lat' dir='ltr'>in·</span> 
     </span>
     <span class='ocr_line' id='line_1_63' title="bbox 1064 848 1854 925; baseline 0.006 -17"><span class='ocrx_word' id='word_1_339' title='bbox 1064 849 1115 908; x_wconf 91' lang='lat' dir='ltr'>ter</span> <span class='ocrx_word' id='word_1_340' title='bbox 1126 848 1197 909; x_wconf 89' lang='lat' dir='ltr'>alas</span> <span class='ocrx_word' id='word_1_341' title='bbox 1211 849 1340 925; x_wconf 79' lang='lat' dir='ltr'>efligies</span> <span class='ocrx_word' id='word_1_342' title='bbox 1353 849 1498 911; x_wconf 90' lang='lat' dir='ltr'>hominis</span> <span class='ocrx_word' id='word_1_343' title='bbox 1511 851 1666 911; x_wconf 86' lang='lat' dir='ltr'>crucifixi</span> <span class='ocrx_word' id='word_1_344' title='bbox 1678 850 1715 910; x_wconf 90' lang='lat' dir='ltr'>in</span> <span class='ocrx_word' id='word_1_345' title='bbox 1725 851 1854 913; x_wconf 90' lang='lat' dir='ltr'>modum</span> 
     </span>
     <span class='ocr_line' id='line_1_64' title="bbox 1065 945 1857 1023; baseline 0.009 -20"><span class='ocrx_word' id='word_1_346' title='bbox 1065 945 1174 1005; x_wconf 89' lang='lat' dir='ltr'>crucis</span> <span class='ocrx_word' id='word_1_347' title='bbox 1187 961 1305 1005; x_wconf 91' lang='lat' dir='ltr'>manus</span> <span class='ocrx_word' id='word_1_348' title='bbox 1317 948 1351 1008; x_wconf 93' lang='lat' dir='ltr'>et</span> <span class='ocrx_word' id='word_1_349' title='bbox 1364 947 1465 1023; x_wconf 90' lang='lat' dir='ltr'>pedes</span> <span class='ocrx_word' id='word_1_350' title='bbox 1479 948 1634 1008; x_wconf 87' lang='lat' dir='ltr'>extensos</span> <span class='ocrx_word' id='word_1_351' title='bbox 1647 946 1810 1019; x_wconf 88' lang='lat' dir='ltr'>habentis,</span> <span class='ocrx_word' id='word_1_352' title='bbox 1822 952 1857 1010; x_wconf 87' lang='lat' dir='ltr'>et</span> 
     </span>
     <span class='ocr_line' id='line_1_65' title="bbox 1065 1041 1858 1121; baseline 0.008 -21"><span class='ocrx_word' id='word_1_353' title='bbox 1065 1041 1858 1121; x_wconf 81' lang='lat' dir='ltr'>cruciaffixos.i)uaealaesupercaputipsiusele-</span> 
     </span>
     <span class='ocr_line' id='line_1_66' title="bbox 1064 1137 1853 1214; baseline 0.006 -17"><span class='ocrx_word' id='word_1_354' title='bbox 1064 1137 1319 1210; x_wconf 86' lang='lat' dir='ltr'>vabantur,duae</span> <span class='ocrx_word' id='word_1_355' title='bbox 1334 1140 1567 1202; x_wconf 86' lang='grc'><strong>31101311111</strong></span> <span class='ocrx_word' id='word_1_356' title='bbox 1581 1140 1853 1214; x_wconf 83' lang='lat' dir='ltr'>extendebantur,</span> 
     </span>
     <span class='ocr_line' id='line_1_67' title="bbox 1065 1235 1858 1314; baseline 0.005 -19"><span class='ocrx_word' id='word_1_357' title='bbox 1065 1235 1138 1296; x_wconf 90' lang='lat' dir='ltr'>duae</span> <span class='ocrx_word' id='word_1_358' title='bbox 1151 1251 1230 1296; x_wconf 82' lang='lat' dir='ltr'>vero</span> <span class='ocrx_word' id='word_1_359' title='bbox 1241 1240 1344 1297; x_wconf 89' lang='lat' dir='ltr'>totum</span> <span class='ocrx_word' id='word_1_360' title='bbox 1355 1252 1477 1314; x_wconf 90' lang='lat' dir='ltr'>corpus</span> <span class='ocrx_word' id='word_1_361' title='bbox 1485 1238 1651 1299; x_wconf 82' lang='lat' dir='ltr'>velabant.</span> <span class='ocrx_word' id='word_1_362' title='bbox 1661 1241 1732 1299; x_wconf 87' lang='lat' dir='ltr'>Hoc</span> <span class='ocrx_word' id='word_1_363' title='bbox 1741 1239 1858 1299; x_wconf 77' lang='lat' dir='ltr'>videns</span> 
     </span>
     <span class='ocr_line' id='line_1_68' title="bbox 1065 1332 1858 1411; baseline 0.005 -20"><span class='ocrx_word' id='word_1_364' title='bbox 1065 1332 1278 1393; x_wconf 89' lang='lat' dir='ltr'>vehementer</span> <span class='ocrx_word' id='word_1_365' title='bbox 1299 1332 1479 1409; x_wconf 89' lang='lat' dir='ltr'>obstupuit,</span> <span class='ocrx_word' id='word_1_366' title='bbox 1498 1334 1704 1411; x_wconf 85' lang='lat' dir='ltr'>mixtumque</span> <span class='ocrx_word' id='word_1_367' title='bbox 1717 1350 1858 1396; x_wconf 83' lang='grc'><strong>11111013</strong></span> 
     </span>
     <span class='ocr_line' id='line_1_69' title="bbox 1064 1428 1860 1508; baseline 0.006 -20"><span class='ocrx_word' id='word_1_368' title='bbox 1064 1428 1222 1503; x_wconf 89' lang='lat' dir='ltr'>gaudium</span> <span class='ocrx_word' id='word_1_369' title='bbox 1237 1445 1294 1490; x_wconf 92' lang='lat' dir='ltr'>cor</span> <span class='ocrx_word' id='word_1_370' title='bbox 1312 1433 1384 1506; x_wconf 84' lang='lat' dir='ltr'>ejus</span> <span class='ocrx_word' id='word_1_371' title='bbox 1401 1431 1552 1492; x_wconf 89' lang='lat' dir='ltr'>incurrit.</span> <span class='ocrx_word' id='word_1_372' title='bbox 1569 1430 1762 1492; x_wconf 85' lang='lat' dir='ltr'>Laetabatur</span> <span class='ocrx_word' id='word_1_373' title='bbox 1783 1432 1860 1508; x_wconf 86' lang='lat' dir='ltr'>qui·</span> 
     </span>
     <span class='ocr_line' id='line_1_70' title="bbox 1065 1525 1859 1605; baseline 0.005 -21"><span class='ocrx_word' id='word_1_374' title='bbox 1065 1525 1138 1585; x_wconf 91' lang='lat' dir='ltr'>dem</span> <span class='ocrx_word' id='word_1_375' title='bbox 1154 1527 1188 1585; x_wconf 94' lang='lat' dir='ltr'>in</span> <span class='ocrx_word' id='word_1_376' title='bbox 1203 1527 1353 1602; x_wconf 88' lang='lat' dir='ltr'>gratioso</span> <span class='ocrx_word' id='word_1_377' title='bbox 1368 1530 1517 1604; x_wconf 86' lang='lat' dir='ltr'>aspectu,</span> <span class='ocrx_word' id='word_1_378' title='bbox 1530 1545 1596 1605; x_wconf 87' lang='lat' dir='ltr'>quo</span> <span class='ocrx_word' id='word_1_379' title='bbox 1617 1544 1637 1589; x_wconf 90' lang='lat' dir='ltr'>a</span> <span class='ocrx_word' id='word_1_380' title='bbox 1653 1528 1785 1590; x_wconf 90' lang='lat' dir='ltr'>Christo</span> <span class='ocrx_word' id='word_1_381' title='bbox 1797 1528 1859 1588; x_wconf 88' lang='lat' dir='ltr'>suh</span> 
     </span>
     <span class='ocr_line' id='line_1_71' title="bbox 1065 1623 1859 1703; baseline 0.006 -21"><span class='ocrx_word' id='word_1_382' title='bbox 1065 1623 1175 1699; x_wconf 88' lang='lat' dir='ltr'>specie</span> <span class='ocrx_word' id='word_1_383' title='bbox 1200 1626 1328 1701; x_wconf 82' lang='lat' dir='ltr'>seraph</span> <span class='ocrx_word' id='word_1_384' title='bbox 1348 1624 1506 1687; x_wconf 87' lang='lat' dir='ltr'>cernebat</span> <span class='ocrx_word' id='word_1_385' title='bbox 1538 1641 1574 1687; x_wconf 93' lang='lat' dir='ltr'>se</span> <span class='ocrx_word' id='word_1_386' title='bbox 1604 1626 1776 1703; x_wconf 85' lang='lat' dir='ltr'>conspici;</span> <span class='ocrx_word' id='word_1_387' title='bbox 1801 1625 1859 1687; x_wconf 89' lang='lat' dir='ltr'>sed</span> 
     </span>
     <span class='ocr_line' id='line_1_72' title="bbox 1065 1720 1858 1799; baseline 0.005 -20"><span class='ocrx_word' id='word_1_388' title='bbox 1065 1720 1174 1780; x_wconf 90' lang='lat' dir='ltr'>crucis</span> <span class='ocrx_word' id='word_1_389' title='bbox 1211 1721 1326 1782; x_wconf 90' lang='lat' dir='ltr'>affixio</span> <span class='ocrx_word' id='word_1_390' title='bbox 1362 1723 1562 1799; x_wconf 85' lang='lat' dir='ltr'>compassivi</span> <span class='ocrx_word' id='word_1_391' title='bbox 1591 1723 1718 1785; x_wconf 88' lang='lat' dir='ltr'>doloris</span> <span class='ocrx_word' id='word_1_392' title='bbox 1746 1723 1858 1799; x_wconf 89' lang='lat' dir='ltr'>gladio</span> 
     </span>
     <span class='ocr_line' id='line_1_73' title="bbox 1065 1816 1859 1895; baseline 0.005 -19"><span class='ocrx_word' id='word_1_393' title='bbox 1065 1816 1171 1893; x_wconf 89' lang='lat' dir='ltr'>ipsius</span> <span class='ocrx_word' id='word_1_394' title='bbox 1195 1819 1340 1880; x_wconf 90' lang='lat' dir='ltr'>animam</span> <span class='ocrx_word' id='word_1_395' title='bbox 1366 1820 1601 1895; x_wconf 89' lang='lat' dir='ltr'>pertransibat.</span> <span class='ocrx_word' id='word_1_396' title='bbox 1622 1819 1859 1882; x_wconf 80' lang='lat' dir='ltr'>Admirabatur</span> 
     </span>
     <span class='ocr_line' id='line_1_74' title="bbox 1066 1916 1857 1992; baseline 0.006 -18"><span class='ocrx_word' id='word_1_397' title='bbox 1066 1930 1164 1990; x_wconf 89' lang='lat' dir='ltr'>quam</span> <span class='ocrx_word' id='word_1_398' title='bbox 1184 1916 1363 1992; x_wconf 91' lang='lat' dir='ltr'>plurimum</span> <span class='ocrx_word' id='word_1_399' title='bbox 1379 1917 1412 1977; x_wconf 93' lang='lat' dir='ltr'>in</span> <span class='ocrx_word' id='word_1_400' title='bbox 1425 1918 1492 1979; x_wconf 87' lang='lat' dir='ltr'>tam</span> <span class='ocrx_word' id='word_1_401' title='bbox 1507 1918 1737 1978; x_wconf 87' lang='lat' dir='ltr'>inscrutabilis</span> <span class='ocrx_word' id='word_1_402' title='bbox 1750 1918 1857 1979; x_wconf 82' lang='lat' dir='ltr'>visio-</span> 
     </span>
     <span class='ocr_line' id='line_1_75' title="bbox 1066 2011 1859 2091; baseline 0.006 -21"><span class='ocrx_word' id='word_1_403' title='bbox 1066 2011 1118 2070; x_wconf 92' lang='lat' dir='ltr'>nis</span> <span class='ocrx_word' id='word_1_404' title='bbox 1140 2014 1286 2088; x_wconf 88' lang='lat' dir='ltr'>aspectu,</span> <span class='ocrx_word' id='word_1_405' title='bbox 1304 2013 1412 2075; x_wconf 87' lang='lat' dir='ltr'>sciens</span> <span class='ocrx_word' id='word_1_406' title='bbox 1428 2013 1514 2091; x_wconf 87' lang='lat' dir='ltr'>quod</span> <span class='ocrx_word' id='word_1_407' title='bbox 1528 2015 1695 2091; x_wconf 89' lang='lat' dir='ltr'>passionis</span> <span class='ocrx_word' id='word_1_408' title='bbox 1711 2014 1859 2075; x_wconf 88' lang='lat' dir='ltr'>infirmi-</span> 
     </span>
     <span class='ocr_line' id='line_1_76' title="bbox 1065 2108 1858 2187; baseline 0.003 -18"><span class='ocrx_word' id='word_1_409' title='bbox 1065 2108 1117 2169; x_wconf 89' lang='lat' dir='ltr'>tas</span> <span class='ocrx_word' id='word_1_410' title='bbox 1145 2123 1220 2168; x_wconf 90' lang='lat' dir='ltr'>cnm</span> <span class='ocrx_word' id='word_1_411' title='bbox 1248 2110 1498 2172; x_wconf 87' lang='lat' dir='ltr'>immortalitate</span> <span class='ocrx_word' id='word_1_412' title='bbox 1529 2111 1667 2187; x_wconf 90' lang='lat' dir='ltr'>spiritus</span> <span class='ocrx_word' id='word_1_413' title='bbox 1691 2111 1858 2187; x_wconf 80' lang='lat' dir='ltr'>seraphici</span> 
     </span>
     <span class='ocr_line' id='line_1_77' title="bbox 1066 2206 1861 2270; baseline 0.001 -2"><span class='ocrx_word' id='word_1_414' title='bbox 1066 2206 1256 2268; x_wconf 89' lang='lat' dir='ltr'>nullatenus</span> <span class='ocrx_word' id='word_1_415' title='bbox 1269 2208 1472 2268; x_wconf 86' lang='lat' dir='ltr'>conveniret.</span> <span class='ocrx_word' id='word_1_416' title='bbox 1484 2208 1652 2270; x_wconf 84' lang='lat' dir='ltr'>intellexit</span> <span class='ocrx_word' id='word_1_417' title='bbox 1664 2209 1799 2270; x_wconf 87' lang='lat' dir='ltr'>tandem</span> <span class='ocrx_word' id='word_1_418' title='bbox 1816 2224 1861 2269; x_wconf 83' lang='lat' dir='ltr'>ex</span> 
     </span>
     <span class='ocr_line' id='line_1_78' title="bbox 1066 2305 1861 2383; baseline 0.001 -18"><span class='ocrx_word' id='word_1_419' title='bbox 1066 2306 1140 2376; x_wconf 91' lang='lat' dir='ltr'>hoc,</span> <span class='ocrx_word' id='word_1_420' title='bbox 1159 2305 1298 2366; x_wconf 90' lang='lat' dir='ltr'>Domino</span> <span class='ocrx_word' id='word_1_421' title='bbox 1328 2305 1510 2376; x_wconf 88' lang='lat' dir='ltr'>revelante,</span> <span class='ocrx_word' id='word_1_422' title='bbox 1530 2306 1616 2383; x_wconf 87' lang='lat' dir='ltr'>quod</span> <span class='ocrx_word' id='word_1_423' title='bbox 1636 2306 1712 2367; x_wconf 93' lang='lat' dir='ltr'>ideo</span> <span class='ocrx_word' id='word_1_424' title='bbox 1739 2306 1861 2382; x_wconf 90' lang='lat' dir='ltr'>hujus-</span> 
     </span>
     <span class='ocr_line' id='line_1_79' title="bbox 1066 2401 1861 2478; baseline 0.005 -16"><span class='ocrx_word' id='word_1_425' title='bbox 1066 2401 1154 2462; x_wconf 91' lang='lat' dir='ltr'>modi</span> <span class='ocrx_word' id='word_1_426' title='bbox 1167 2402 1251 2462; x_wconf 83' lang='lat' dir='ltr'>visio</span> <span class='ocrx_word' id='word_1_427' title='bbox 1262 2401 1310 2462; x_wconf 92' lang='lat' dir='ltr'>sic</span> <span class='ocrx_word' id='word_1_428' title='bbox 1326 2402 1437 2463; x_wconf 83' lang='lat' dir='ltr'>divina</span> <span class='ocrx_word' id='word_1_429' title='bbox 1450 2403 1655 2478; x_wconf 84' lang='lat' dir='ltr'>providentia</span> <span class='ocrx_word' id='word_1_430' title='bbox 1667 2404 1739 2464; x_wconf 91' lang='lat' dir='ltr'>suis</span> <span class='ocrx_word' id='word_1_431' title='bbox 1749 2404 1861 2466; x_wconf 88' lang='lat' dir='ltr'>fuerat</span> 
     </span>
     <span class='ocr_line' id='line_1_80' title="bbox 1067 2497 1859 2575; baseline 0.004 -16"><span class='ocrx_word' id='word_1_432' title='bbox 1067 2500 1268 2575; x_wconf 76' lang='lat' dir='ltr'>praesentata</span> <span class='ocrx_word' id='word_1_433' title='bbox 1283 2497 1525 2575; x_wconf 88' lang='lat' dir='ltr'>conspectibus,</span> <span class='ocrx_word' id='word_1_434' title='bbox 1542 2500 1580 2563; x_wconf 93' lang='lat' dir='ltr'>ut</span> <span class='ocrx_word' id='word_1_435' title='bbox 1592 2500 1721 2559; x_wconf 89' lang='lat' dir='ltr'>amicus</span> <span class='ocrx_word' id='word_1_436' title='bbox 1734 2501 1859 2562; x_wconf 90' lang='lat' dir='ltr'>Christi</span> 
     </span>
     <span class='ocr_line' id='line_1_81' title="bbox 1066 2597 1856 2673; baseline 0.003 -18"><span class='ocrx_word' id='word_1_437' title='bbox 1066 2597 1299 2672; x_wconf 74' lang='lat' dir='ltr'>praenosceret,</span> <span class='ocrx_word' id='word_1_438' title='bbox 1318 2611 1353 2655; x_wconf 92' lang='lat' dir='ltr'>se</span> <span class='ocrx_word' id='word_1_439' title='bbox 1369 2611 1435 2655; x_wconf 91' lang='lat' dir='ltr'>non</span> <span class='ocrx_word' id='word_1_440' title='bbox 1446 2611 1505 2672; x_wconf 90' lang='lat' dir='ltr'>per</span> <span class='ocrx_word' id='word_1_441' title='bbox 1519 2597 1716 2673; x_wconf 83' lang='lat' dir='ltr'>martyrium</span> <span class='ocrx_word' id='word_1_442' title='bbox 1730 2598 1856 2669; x_wconf 90' lang='lat' dir='ltr'>carnis,</span> 
     </span>
     <span class='ocr_line' id='line_1_82' title="bbox 1066 2692 1859 2769; baseline 0.003 -17"><span class='ocrx_word' id='word_1_443' title='bbox 1066 2692 1123 2753; x_wconf 93' lang='lat' dir='ltr'>sed</span> <span class='ocrx_word' id='word_1_444' title='bbox 1150 2708 1208 2769; x_wconf 92' lang='lat' dir='ltr'>per</span> <span class='ocrx_word' id='word_1_445' title='bbox 1222 2693 1412 2753; x_wconf 90' lang='lat' dir='ltr'>incendium</span> <span class='ocrx_word' id='word_1_446' title='bbox 1427 2694 1548 2754; x_wconf 91' lang='lat' dir='ltr'>mentis</span> <span class='ocrx_word' id='word_1_447' title='bbox 1564 2695 1670 2754; x_wconf 90' lang='lat' dir='ltr'>totum</span> <span class='ocrx_word' id='word_1_448' title='bbox 1686 2695 1721 2753; x_wconf 92' lang='lat' dir='ltr'>in</span> <span class='ocrx_word' id='word_1_449' title='bbox 1734 2694 1859 2756; x_wconf 88' lang='lat' dir='ltr'>Christi</span> 
     </span>
     <span class='ocr_line' id='line_1_83' title="bbox 1067 2789 1857 2852; baseline 0.003 -3"><span class='ocrx_word' id='word_1_450' title='bbox 1067 2790 1219 2851; x_wconf 84' lang='lat' dir='ltr'>crucifixi</span> <span class='ocrx_word' id='word_1_451' title='bbox 1255 2789 1506 2851; x_wconf 91' lang='lat' dir='ltr'>similitudinem</span> <span class='ocrx_word' id='word_1_452' title='bbox 1538 2789 1857 2852; x_wconf 87' lang='lat' dir='ltr'>transformandum.</span> 
     </span>
     <span class='ocr_line' id='line_1_84' title="bbox 1067 2886 1860 2964; baseline 0.001 -17"><span class='ocrx_word' id='word_1_453' title='bbox 1067 2889 1245 2964; x_wconf 86' lang='lat' dir='ltr'>Disparens</span> <span class='ocrx_word' id='word_1_454' title='bbox 1269 2886 1372 2963; x_wconf 85' lang='lat' dir='ltr'>igitur</span> <span class='ocrx_word' id='word_1_455' title='bbox 1390 2887 1475 2948; x_wconf 88' lang='grc'><strong>11310</strong></span> <span class='ocrx_word' id='word_1_456' title='bbox 1498 2887 1685 2949; x_wconf 89' lang='lat' dir='ltr'>mirabilem</span> <span class='ocrx_word' id='word_1_457' title='bbox 1708 2888 1744 2948; x_wconf 93' lang='lat' dir='ltr'>in</span> <span class='ocrx_word' id='word_1_458' title='bbox 1759 2889 1860 2950; x_wconf 89' lang='lat' dir='ltr'>corde</span> 
     </span>
     <span class='ocr_line' id='line_1_85' title="bbox 1067 2983 1860 3062; baseline 0.001 -17"><span class='ocrx_word' id='word_1_459' title='bbox 1067 2985 1171 3062; x_wconf 91' lang='lat' dir='ltr'>ipsius</span> <span class='ocrx_word' id='word_1_460' title='bbox 1186 2983 1321 3061; x_wconf 87' lang='lat' dir='ltr'>reliquit</span> <span class='ocrx_word' id='word_1_461' title='bbox 1334 2983 1497 3056; x_wconf 89' lang='lat' dir='ltr'>ardorem,</span> <span class='ocrx_word' id='word_1_462' title='bbox 1514 2984 1571 3046; x_wconf 88' lang='lat' dir='ltr'>sed</span> <span class='ocrx_word' id='word_1_463' title='bbox 1583 2985 1616 3045; x_wconf 88' lang='lat' dir='ltr'>et</span> <span class='ocrx_word' id='word_1_464' title='bbox 1630 2985 1664 3045; x_wconf 91' lang='lat' dir='ltr'>in</span> <span class='ocrx_word' id='word_1_465' title='bbox 1679 3000 1782 3046; x_wconf 92' lang='lat' dir='ltr'>carne</span> <span class='ocrx_word' id='word_1_466' title='bbox 1792 3001 1860 3046; x_wconf 91' lang='lat' dir='ltr'>non</span> 
     </span>
     <span class='ocr_line' id='line_1_86' title="bbox 1068 3081 1862 3159; baseline 0.004 -17"><span class='ocrx_word' id='word_1_467' title='bbox 1068 3083 1177 3143; x_wconf 91' lang='lat' dir='ltr'>minus</span> <span class='ocrx_word' id='word_1_468' title='bbox 1198 3081 1384 3142; x_wconf 91' lang='lat' dir='ltr'>mirabilem</span> <span class='ocrx_word' id='word_1_469' title='bbox 1404 3081 1574 3157; x_wconf 86' lang='lat' dir='ltr'>signorum</span> <span class='ocrx_word' id='word_1_470' title='bbox 1594 3082 1765 3159; x_wconf 85' lang='lat' dir='ltr'>impressit</span> <span class='ocrx_word' id='word_1_471' title='bbox 1785 3082 1862 3145; x_wconf 87' lang='lat' dir='ltr'>elli-</span> 
     </span>
     <span class='ocr_line' id='line_1_87' title="bbox 1066 3180 1862 3259; baseline 0.004 -19"><span class='ocrx_word' id='word_1_472' title='bbox 1066 3181 1165 3256; x_wconf 88' lang='lat' dir='ltr'>giem.</span> <span class='ocrx_word' id='word_1_473' title='bbox 1187 3180 1305 3241; x_wconf 87' lang='lat' dir='ltr'>Statim</span> <span class='ocrx_word' id='word_1_474' title='bbox 1334 3196 1475 3256; x_wconf 88' lang='lat' dir='ltr'>namque</span> <span class='ocrx_word' id='word_1_475' title='bbox 1499 3181 1534 3240; x_wconf 93' lang='lat' dir='ltr'>in</span> <span class='ocrx_word' id='word_1_476' title='bbox 1555 3180 1708 3241; x_wconf 89' lang='lat' dir='ltr'>manibus</span> <span class='ocrx_word' id='word_1_477' title='bbox 1730 3185 1803 3259; x_wconf 88' lang='lat' dir='ltr'>ejus</span> <span class='ocrx_word' id='word_1_478' title='bbox 1827 3183 1862 3243; x_wconf 88' lang='lat' dir='ltr'>et</span> 
     </span>
     <span class='ocr_line' id='line_1_88' title="bbox 1066 3278 1859 3356; baseline 0.003 -18"><span class='ocrx_word' id='word_1_479' title='bbox 1066 3278 1859 3356; x_wconf 83' lang='lat' dir='ltr'>pedibusapparerecoeperuntsignaclarorum,</span> 
     </span>
     <span class='ocr_line' id='line_1_89' title="bbox 1067 3374 1862 3453; baseline 0.005 -19"><span class='ocrx_word' id='word_1_480' title='bbox 1067 3374 1341 3453; x_wconf 88' lang='lat' dir='ltr'>quemadmodum</span> <span class='ocrx_word' id='word_1_481' title='bbox 1354 3374 1453 3451; x_wconf 87' lang='lat' dir='ltr'>paulo</span> <span class='ocrx_word' id='word_1_482' title='bbox 1464 3376 1541 3435; x_wconf 92' lang='lat' dir='ltr'>ante</span> <span class='ocrx_word' id='word_1_483' title='bbox 1553 3375 1589 3435; x_wconf 91' lang='lat' dir='ltr'>in</span> <span class='ocrx_word' id='word_1_484' title='bbox 1600 3374 1711 3452; x_wconf 88' lang='lat' dir='ltr'>effigie</span> <span class='ocrx_word' id='word_1_485' title='bbox 1723 3377 1783 3437; x_wconf 91' lang='grc'><strong>1113</strong></span> <span class='ocrx_word' id='word_1_486' title='bbox 1794 3377 1862 3439; x_wconf 82' lang='lat' dir='ltr'>viri</span> 
     </span>
     <span class='ocr_line' id='line_1_90' title="bbox 1066 3472 1861 3551; baseline 0.003 -17"><span class='ocrx_word' id='word_1_487' title='bbox 1066 3472 1218 3534; x_wconf 86' lang='lat' dir='ltr'>crucifixi</span> <span class='ocrx_word' id='word_1_488' title='bbox 1230 3472 1460 3549; x_wconf 89' lang='lat' dir='ltr'>conspexerat.</span> <span class='ocrx_word' id='word_1_489' title='bbox 1477 3474 1596 3533; x_wconf 88' lang='lat' dir='ltr'>Manus</span> <span class='ocrx_word' id='word_1_490' title='bbox 1610 3474 1698 3534; x_wconf 91' lang='lat' dir='ltr'>enim</span> <span class='ocrx_word' id='word_1_491' title='bbox 1711 3476 1746 3535; x_wconf 90' lang='lat' dir='ltr'>et</span> <span class='ocrx_word' id='word_1_492' title='bbox 1758 3475 1861 3551; x_wconf 89' lang='lat' dir='ltr'>pedes</span> 
     </span>
     <span class='ocr_line' id='line_1_91' title="bbox 1065 3569 1860 3647; baseline 0.004 -17"><span class='ocrx_word' id='word_1_493' title='bbox 1065 3569 1101 3631; x_wconf 90' lang='lat' dir='ltr'>in</span> <span class='ocrx_word' id='word_1_494' title='bbox 1128 3570 1200 3647; x_wconf 90' lang='lat' dir='ltr'>ipso</span> <span class='ocrx_word' id='word_1_495' title='bbox 1229 3569 1337 3630; x_wconf 92' lang='lat' dir='ltr'>medio</span> <span class='ocrx_word' id='word_1_496' title='bbox 1362 3569 1466 3630; x_wconf 86' lang='grc'><strong>013113</strong></span> <span class='ocrx_word' id='word_1_497' title='bbox 1496 3570 1618 3631; x_wconf 88' lang='lat' dir='ltr'>confixi</span> <span class='ocrx_word' id='word_1_498' title='bbox 1646 3570 1860 3644; x_wconf 84' lang='lat' dir='ltr'>videbantur,</span> 
     </span>
     <span class='ocr_line' id='line_1_92' title="bbox 1066 3666 1863 3745; baseline 0.004 -16"><span class='ocrx_word' id='word_1_499' title='bbox 1066 3669 1236 3729; x_wconf 86' lang='lat' dir='ltr'>clavorum</span> <span class='ocrx_word' id='word_1_500' title='bbox 1251 3666 1415 3743; x_wconf 89' lang='lat' dir='ltr'>capitibus</span> <span class='ocrx_word' id='word_1_501' title='bbox 1437 3667 1473 3726; x_wconf 94' lang='lat' dir='ltr'>in</span> <span class='ocrx_word' id='word_1_502' title='bbox 1493 3668 1646 3728; x_wconf 90' lang='lat' dir='ltr'>interiori</span> <span class='ocrx_word' id='word_1_503' title='bbox 1670 3670 1768 3745; x_wconf 88' lang='lat' dir='ltr'>parte</span> <span class='ocrx_word' id='word_1_504' title='bbox 1786 3686 1863 3732; x_wconf 89' lang='lat' dir='ltr'>ma·</span> 
     </span>
     <span class='ocr_line' id='line_1_93' title="bbox 1066 3764 1862 3841; baseline 0.005 -16"><span class='ocrx_word' id='word_1_505' title='bbox 1066 3782 1167 3825; x_wconf 90' lang='lat' dir='ltr'>nuum</span> <span class='ocrx_word' id='word_1_506' title='bbox 1190 3767 1222 3825; x_wconf 91' lang='lat' dir='ltr'>et</span> <span class='ocrx_word' id='word_1_507' title='bbox 1237 3764 1402 3839; x_wconf 91' lang='lat' dir='ltr'>superiori</span> <span class='ocrx_word' id='word_1_508' title='bbox 1422 3764 1540 3840; x_wconf 90' lang='lat' dir='ltr'>pedum</span> <span class='ocrx_word' id='word_1_509' title='bbox 1559 3766 1810 3841; x_wconf 90' lang='lat' dir='ltr'>apparentibus,</span> <span class='ocrx_word' id='word_1_510' title='bbox 1826 3768 1862 3829; x_wconf 89' lang='lat' dir='ltr'>et</span> 
     </span>
     <span class='ocr_line' id='line_1_94' title="bbox 1065 3861 1858 3925; baseline 0.003 -2"><span class='ocrx_word' id='word_1_511' title='bbox 1065 3877 1180 3924; x_wconf 90' lang='lat' dir='ltr'>eornm</span> <span class='ocrx_word' id='word_1_512' title='bbox 1195 3862 1404 3922; x_wconf 90' lang='lat' dir='ltr'>acuminibus</span> <span class='ocrx_word' id='word_1_513' title='bbox 1417 3861 1636 3923; x_wconf 86' lang='lat' dir='ltr'>existentibus</span> <span class='ocrx_word' id='word_1_514' title='bbox 1648 3879 1691 3924; x_wconf 86' lang='lat' dir='ltr'>ex</span> <span class='ocrx_word' id='word_1_515' title='bbox 1703 3864 1858 3925; x_wconf 81' lang='lat' dir='ltr'>adverso.</span> 
     </span>
     <span class='ocr_line' id='line_1_95' title="bbox 1065 3958 1862 4035; baseline 0.008 -17"><span class='ocrx_word' id='word_1_516' title='bbox 1065 3961 1232 4034; x_wconf 84' lang='lat' dir='ltr'>Erantque</span> <span class='ocrx_word' id='word_1_517' title='bbox 1258 3958 1428 4018; x_wconf 83' lang='lat' dir='ltr'>clavorum</span> <span class='ocrx_word' id='word_1_518' title='bbox 1456 3959 1564 4035; x_wconf 88' lang='lat' dir='ltr'>capita</span> <span class='ocrx_word' id='word_1_519' title='bbox 1591 3959 1626 4018; x_wconf 94' lang='lat' dir='ltr'>in</span> <span class='ocrx_word' id='word_1_520' title='bbox 1648 3960 1805 4022; x_wconf 91' lang='lat' dir='ltr'>manibus</span> <span class='ocrx_word' id='word_1_521' title='bbox 1826 3964 1862 4025; x_wconf 92' lang='lat' dir='ltr'>et</span> 
     </span>
     <span class='ocr_line' id='line_1_96' title="bbox 1065 4055 1860 4133; baseline 0.005 -18"><span class='ocrx_word' id='word_1_522' title='bbox 1065 4055 1202 4133; x_wconf 91' lang='lat' dir='ltr'>pedibus</span> <span class='ocrx_word' id='word_1_523' title='bbox 1217 4055 1359 4118; x_wconf 91' lang='grc'><strong>1011113</strong></span> <span class='ocrx_word' id='word_1_524' title='bbox 1370 4058 1402 4116; x_wconf 94' lang='lat' dir='ltr'>et</span> <span class='ocrx_word' id='word_1_525' title='bbox 1410 4056 1516 4131; x_wconf 89' lang='lat' dir='ltr'>nigra,</span> <span class='ocrx_word' id='word_1_526' title='bbox 1528 4055 1599 4132; x_wconf 89' lang='lat' dir='ltr'>ipsa</span> <span class='ocrx_word' id='word_1_527' title='bbox 1611 4072 1690 4117; x_wconf 85' lang='lat' dir='ltr'>vero</span> <span class='ocrx_word' id='word_1_528' title='bbox 1702 4061 1860 4119; x_wconf 90' lang='lat' dir='ltr'>acumina</span> 
     </span>
     <span class='ocr_line' id='line_1_97' title="bbox 1065 4153 1860 4233; baseline 0.009 -21"><span class='ocrx_word' id='word_1_529' title='bbox 1065 4153 1219 4228; x_wconf 85' lang='lat' dir='ltr'>oblonga,</span> <span class='ocrx_word' id='word_1_530' title='bbox 1237 4156 1372 4224; x_wconf 89' lang='lat' dir='ltr'>retorta,</span> <span class='ocrx_word' id='word_1_531' title='bbox 1390 4154 1423 4214; x_wconf 92' lang='lat' dir='ltr'>et</span> <span class='ocrx_word' id='word_1_532' title='bbox 1436 4153 1532 4229; x_wconf 84' lang='lat' dir='ltr'>quasi</span> <span class='ocrx_word' id='word_1_533' title='bbox 1552 4169 1763 4229; x_wconf 88' lang='lat' dir='ltr'>repercussa,</span> <span class='ocrx_word' id='word_1_534' title='bbox 1785 4173 1860 4233; x_wconf 83' lang='lat' dir='ltr'>quae</span> 
     </span>
     <span class='ocr_line' id='line_1_98' title="bbox 1065 4249 1860 4330; baseline 0.008 -21"><span class='ocrx_word' id='word_1_535' title='bbox 1065 4249 1105 4310; x_wconf 93' lang='lat' dir='ltr'>de</span> <span class='ocrx_word' id='word_1_536' title='bbox 1125 4252 1198 4326; x_wconf 92' lang='lat' dir='ltr'>ipsa</span> <span class='ocrx_word' id='word_1_537' title='bbox 1221 4266 1322 4312; x_wconf 88' lang='lat' dir='ltr'>carne</span> <span class='ocrx_word' id='word_1_538' title='bbox 1345 4251 1517 4325; x_wconf 87' lang='lat' dir='ltr'>surgentia</span> <span class='ocrx_word' id='word_1_539' title='bbox 1540 4266 1673 4311; x_wconf 89' lang='lat' dir='ltr'>carnem</span> <span class='ocrx_word' id='word_1_540' title='bbox 1693 4252 1860 4330; x_wconf 87' lang='lat' dir='ltr'>reliquam</span> 
     </span>
     <span class='ocr_line' id='line_1_99' title="bbox 1065 4348 1859 4429; baseline 0.006 -21"><span class='ocrx_word' id='word_1_541' title='bbox 1065 4348 1278 4409; x_wconf 89' lang='lat' dir='ltr'>excedebant.</span> <span class='ocrx_word' id='word_1_542' title='bbox 1308 4351 1467 4409; x_wconf 83' lang='lat' dir='ltr'>Dextrum</span> <span class='ocrx_word' id='word_1_543' title='bbox 1493 4364 1623 4425; x_wconf 86' lang='lat' dir='ltr'>quoque</span> <span class='ocrx_word' id='word_1_544' title='bbox 1645 4348 1733 4410; x_wconf 89' lang='lat' dir='ltr'>latus</span> <span class='ocrx_word' id='word_1_545' title='bbox 1762 4354 1859 4429; x_wconf 86' lang='lat' dir='ltr'>quasi</span> 
     </span>
     <span class='ocr_line' id='line_1_100' title="bbox 1064 4445 1858 4513; baseline 0.009 -9"><span class='ocrx_word' id='word_1_546' title='bbox 1064 4445 1180 4506; x_wconf 89' lang='lat' dir='ltr'>lancea</span> <span class='ocrx_word' id='word_1_547' title='bbox 1203 4445 1411 4513; x_wconf 86' lang='lat' dir='ltr'>transfixum,</span> <span class='ocrx_word' id='word_1_548' title='bbox 1430 4445 1531 4505; x_wconf 89' lang='lat' dir='ltr'>rubra</span> <span class='ocrx_word' id='word_1_549' title='bbox 1551 4445 1708 4507; x_wconf 91' lang='lat' dir='ltr'>cicatrice</span> <span class='ocrx_word' id='word_1_550' title='bbox 1728 4447 1858 4511; x_wconf 91' lang='lat' dir='ltr'>obduc-</span> 
     </span>
     <span class='ocr_line' id='line_1_101' title="bbox 1063 4543 1860 4620; baseline 0.008 -17"><span class='ocrx_word' id='word_1_551' title='bbox 1063 4544 1229 4610; x_wconf 84' lang='lat' dir='ltr'>tumeret,</span> <span class='ocrx_word' id='word_1_552' title='bbox 1244 4543 1328 4620; x_wconf 87' lang='lat' dir='ltr'>qnod</span> <span class='ocrx_word' id='word_1_553' title='bbox 1345 4558 1433 4618; x_wconf 86' lang='lat' dir='ltr'>saepe</span> <span class='ocrx_word' id='word_1_554' title='bbox 1448 4543 1645 4618; x_wconf 89' lang='lat' dir='ltr'>sanguinem</span> <span class='ocrx_word' id='word_1_555' title='bbox 1659 4560 1795 4607; x_wconf 90' lang='lat' dir='ltr'>sacrum</span> <span class='ocrx_word' id='word_1_556' title='bbox 1811 4545 1860 4609; x_wconf 88' lang='lat' dir='ltr'>ef·</span> 
     </span>
     <span class='ocr_line' id='line_1_102' title="bbox 1065 4639 1858 4719; baseline 0.006 -19"><span class='ocrx_word' id='word_1_557' title='bbox 1065 4639 1217 4711; x_wconf 90' lang='lat' dir='ltr'>fundens,</span> <span class='ocrx_word' id='word_1_558' title='bbox 1234 4641 1380 4701; x_wconf 90' lang='lat' dir='ltr'>tunicam</span> <span class='ocrx_word' id='word_1_559' title='bbox 1395 4642 1429 4701; x_wconf 91' lang='lat' dir='ltr'>et</span> <span class='ocrx_word' id='word_1_560' title='bbox 1441 4639 1614 4701; x_wconf 78' lang='lat' dir='ltr'>femoralia</span> <span class='ocrx_word' id='word_1_561' title='bbox 1628 4644 1858 4719; x_wconf 86' lang='lat' dir='ltr'>respergebat.</span> 
     </span>
    </p>

    <p class='ocr_par' dir='ltr' id='par_1_7' title="bbox 1061 4738 1860 5598">
     <span class='ocr_line' id='line_1_103' title="bbox 1104 4738 1859 4818; baseline 0.007 -20"><span class='ocrx_word' id='word_1_562' title='bbox 1104 4740 1249 4798; x_wconf 91' lang='lat' dir='ltr'>Cernens</span> <span class='ocrx_word' id='word_1_563' title='bbox 1263 4741 1373 4799; x_wconf 92' lang='lat' dir='ltr'>autem</span> <span class='ocrx_word' id='word_1_564' title='bbox 1387 4738 1512 4799; x_wconf 89' lang='lat' dir='ltr'>Christi</span> <span class='ocrx_word' id='word_1_565' title='bbox 1533 4754 1649 4799; x_wconf 83' lang='lat' dir='ltr'>servus</span> <span class='ocrx_word' id='word_1_566' title='bbox 1670 4739 1758 4815; x_wconf 87' lang='lat' dir='ltr'>qnod</span> <span class='ocrx_word' id='word_1_567' title='bbox 1775 4744 1859 4818; x_wconf 90' lang='lat' dir='ltr'>stig-</span> 
     </span>
     <span class='ocr_line' id='line_1_104' title="bbox 1064 4835 1858 4912; baseline 0.006 -17"><span class='ocrx_word' id='word_1_568' title='bbox 1064 4838 1151 4897; x_wconf 91' lang='lat' dir='ltr'>mata</span> <span class='ocrx_word' id='word_1_569' title='bbox 1172 4836 1265 4896; x_wconf 89' lang='lat' dir='ltr'>carni</span> <span class='ocrx_word' id='word_1_570' title='bbox 1276 4839 1342 4897; x_wconf 85' lang='lat' dir='ltr'>tarn</span> <span class='ocrx_word' id='word_1_571' title='bbox 1360 4835 1545 4897; x_wconf 86' lang='lat' dir='ltr'>luculenter</span> <span class='ocrx_word' id='word_1_572' title='bbox 1557 4836 1734 4912; x_wconf 88' lang='lat' dir='ltr'>impressa,</span> <span class='ocrx_word' id='word_1_573' title='bbox 1747 4841 1858 4902; x_wconf 91' lang='lat' dir='ltr'>socios</span> 
     </span>
     <span class='ocr_line' id='line_1_105' title="bbox 1064 4932 1860 5010; baseline 0.008 -18"><span class='ocrx_word' id='word_1_574' title='bbox 1064 4932 1247 4993; x_wconf 91' lang='lat' dir='ltr'>familiares</span> <span class='ocrx_word' id='word_1_575' title='bbox 1262 4932 1366 4994; x_wconf 89' lang='lat' dir='ltr'>latere</span> <span class='ocrx_word' id='word_1_576' title='bbox 1385 4949 1451 4994; x_wconf 91' lang='lat' dir='ltr'>non</span> <span class='ocrx_word' id='word_1_577' title='bbox 1468 4935 1612 5010; x_wconf 90' lang='lat' dir='ltr'>possent,</span> <span class='ocrx_word' id='word_1_578' title='bbox 1625 4935 1746 4995; x_wconf 89' lang='lat' dir='ltr'>timens</span> <span class='ocrx_word' id='word_1_579' title='bbox 1759 4937 1860 4998; x_wconf 89' lang='lat' dir='ltr'>nihil·</span> 
     </span>
     <span class='ocr_line' id='line_1_106' title="bbox 1063 5030 1856 5108; baseline 0.008 -18"><span class='ocrx_word' id='word_1_580' title='bbox 1063 5030 1194 5090; x_wconf 92' lang='lat' dir='ltr'>ominus</span> <span class='ocrx_word' id='word_1_581' title='bbox 1225 5030 1394 5106; x_wconf 87' lang='lat' dir='ltr'>publicare</span> <span class='ocrx_word' id='word_1_582' title='bbox 1428 5031 1558 5091; x_wconf 90' lang='lat' dir='ltr'>Domini</span> <span class='ocrx_word' id='word_1_583' title='bbox 1592 5037 1856 5108; x_wconf 88' lang='lat' dir='ltr'>sacramentum,</span> 
     </span>
     <span class='ocr_line' id='line_1_107' title="bbox 1062 5127 1855 5207; baseline 0.011 -22"><span class='ocrx_word' id='word_1_584' title='bbox 1062 5127 1097 5188; x_wconf 93' lang='lat' dir='ltr'>in</span> <span class='ocrx_word' id='word_1_585' title='bbox 1120 5143 1241 5203; x_wconf 87' lang='lat' dir='ltr'>magno</span> <span class='ocrx_word' id='word_1_586' title='bbox 1261 5127 1323 5188; x_wconf 91' lang='lat' dir='ltr'>fuit</span> <span class='ocrx_word' id='word_1_587' title='bbox 1338 5128 1465 5204; x_wconf 84' lang='lat' dir='ltr'>positus</span> <span class='ocrx_word' id='word_1_588' title='bbox 1494 5127 1708 5190; x_wconf 91' lang='lat' dir='ltr'>dubitationis</span> <span class='ocrx_word' id='word_1_589' title='bbox 1735 5147 1855 5207; x_wconf 87' lang='lat' dir='ltr'>agone,</span> 
     </span>
     <span class='ocr_line' id='line_1_108' title="bbox 1063 5224 1858 5303; baseline 0.013 -20"><span class='ocrx_word' id='word_1_590' title='bbox 1063 5228 1172 5286; x_wconf 91' lang='lat' dir='ltr'>utrum</span> <span class='ocrx_word' id='word_1_591' title='bbox 1194 5224 1349 5286; x_wconf 73' lang='lat' dir='ltr'>videlicet</span> <span class='ocrx_word' id='word_1_592' title='bbox 1371 5225 1456 5303; x_wconf 87' lang='lat' dir='ltr'>qnod</span> <span class='ocrx_word' id='word_1_593' title='bbox 1478 5225 1617 5298; x_wconf 86' lang='grc'><strong>1113131,</strong></span> <span class='ocrx_word' id='word_1_594' title='bbox 1638 5226 1779 5301; x_wconf 86' lang='grc'><strong>1100131,</strong></span> <span class='ocrx_word' id='word_1_595' title='bbox 1805 5233 1858 5292; x_wconf 88' lang='grc'>131</span> 
     </span>
     <span class='ocr_line' id='line_1_109' title="bbox 1061 5321 1857 5400; baseline 0.006 -16"><span class='ocrx_word' id='word_1_596' title='bbox 1061 5321 1198 5384; x_wconf 80' lang='lat' dir='ltr'>taceret.</span> <span class='ocrx_word' id='word_1_597' title='bbox 1216 5322 1355 5383; x_wconf 80' lang='lat' dir='ltr'>vocavit</span> <span class='ocrx_word' id='word_1_598' title='bbox 1371 5322 1510 5398; x_wconf 89' lang='lat' dir='ltr'>proinde</span> <span class='ocrx_word' id='word_1_599' title='bbox 1529 5323 1659 5400; x_wconf 90' lang='lat' dir='ltr'>aliquos</span> <span class='ocrx_word' id='word_1_600' title='bbox 1679 5340 1723 5386; x_wconf 88' lang='lat' dir='ltr'>ex</span> <span class='ocrx_word' id='word_1_601' title='bbox 1738 5326 1857 5389; x_wconf 89' lang='lat' dir='ltr'>fratri·</span> 
     </span>
     <span class='ocr_line' id='line_1_110' title="bbox 1062 5420 1857 5498; baseline 0.008 -18"><span class='ocrx_word' id='word_1_602' title='bbox 1062 5420 1133 5491; x_wconf 81' lang='lat' dir='ltr'>bne,</span> <span class='ocrx_word' id='word_1_603' title='bbox 1151 5423 1184 5482; x_wconf 91' lang='lat' dir='ltr'>et</span> <span class='ocrx_word' id='word_1_604' title='bbox 1197 5420 1411 5496; x_wconf 89' lang='lat' dir='ltr'>generalibus</span> <span class='ocrx_word' id='word_1_605' title='bbox 1423 5420 1535 5480; x_wconf 84' lang='lat' dir='ltr'>verbis</span> <span class='ocrx_word' id='word_1_606' title='bbox 1557 5421 1696 5498; x_wconf 88' lang='lat' dir='ltr'>loquens</span> <span class='ocrx_word' id='word_1_607' title='bbox 1718 5423 1857 5486; x_wconf 90' lang='lat' dir='ltr'>dubium</span> 
     </span>
     <span class='ocr_line' id='line_1_111' title="bbox 1062 5518 1857 5598; baseline 0.006 -19"><span class='ocrx_word' id='word_1_608' title='bbox 1062 5534 1173 5579; x_wconf 90' lang='lat' dir='ltr'>coram</span> <span class='ocrx_word' id='word_1_609' title='bbox 1196 5518 1244 5578; x_wconf 88' lang='lat' dir='ltr'>eis</span> <span class='ocrx_word' id='word_1_610' title='bbox 1263 5518 1444 5595; x_wconf 91' lang='lat' dir='ltr'>proposuit,</span> <span class='ocrx_word' id='word_1_611' title='bbox 1466 5520 1498 5579; x_wconf 93' lang='lat' dir='ltr'>et</span> <span class='ocrx_word' id='word_1_612' title='bbox 1513 5519 1690 5580; x_wconf 91' lang='lat' dir='ltr'>consilium</span> <span class='ocrx_word' id='word_1_613' title='bbox 1710 5523 1857 5598; x_wconf 86' lang='lat' dir='ltr'>requisi·</span> 
     </span>
    </p>
   </div>
   <div class='ocr_carea' id='block_1_6' title="bbox 0 0 1980 6197">
    <p class='ocr_par' dir='ltr' id='par_1_8' title="bbox 0 0 1980 6197">
     <span class='ocr_line' id='line_1_112' title="bbox 0 0 1980 6197; baseline 0 0"><span class='ocrx_word' id='word_1_614' title='bbox 0 0 1980 6197; x_wconf 95' lang='lat' dir='ltr'> </span> 
     </span>
    </p>
   </div>
  </div>
 </body>
</html>
