3950 6200
289 322 350 387 255
720 322 754 381 S.
778 318 997 384 FRANGISCI
1017 321 1246 384 ASSISIATIS
1268 324 1497 388 ornacum.
1837 344 1882 406 255

289 485 340 546 Tu
357 496 393 544 es
408 495 483 559 spes
505 480 619 543 nostra
633 481 668 542 et
681 479 808 543 laetitia·
826 484 874 543 Tu
887 496 923 543 es
934 482 1080 560 justitia,
1138 482 1280 544 serlcors
1293 485 1390 558 Deus,
1412 484 1455 547 da
1476 485 1571 548 nobis
1585 488 1711 552 miseris
1724 498 1882 573 propterte-

289 584 324 645 et
335 579 565 658 temperantia.
585 582 634 639 Tu
649 593 685 639 es
699 577 869 650 fortitudo,
884 580 917 641 et
931 578 1082 656 pruden·
1137 580 1312 657 metipsum
1326 580 1446 656 iacere,
1468 583 1554 662 quod
1577 587 1696 649 scimus
1715 592 1745 652 te
1762 594 1883 668 rells;et

288 681 347 743 tia.
362 681 412 740 Ta
425 694 461 739 es
474 692 588 738 omnes
599 676 1021 738 diritiaeadsuiilciendum.
1033 679 1082 739 Tu
1137 692 1269 754 semper
1281 679 1376 751 velle,
1394 682 1479 758 quod
1502 682 1562 744 tibi
1582 684 1686 761 placet
1706 691 1760 749 :at
1772 690 1882 755 interim

289 793 325 839 es
339 775 856 851 mansuetudo.Tnesprotector.
867 774 959 835 'rues
970 777 1081 836 custos
1136 774 1295 847 mundati,
1310 778 1342 837 et
1352 777 1542 851 illuminati,
1559 784 1593 843 et
1606 783 1682 857 igne
1694 786 1795 847 Sancti
1807 791 1883 865 Spiri-

289 877 322 938 et
336 873 500 936 defensor.
514 875 562 932 Tu
575 887 611 933 es
621 871 786 947 refugium
800 874 949 934 nostrum
964 872 998 933 et
1011 873 1082 933 vir·
1136 872 1189 932 tus
1199 873 1340 943 accensi,
1356 877 1520 951 possimus
1539 879 1633 955 sequi
1653 883 1784 958 vestigia
1795 886 1883 947 tuidi-

289 975 353 1035 tus.
370 974 419 1031 Tu
433 985 470 1031 es
485 969 577 1041 tides,
594 985 680 1045 spes,
700 971 734 1030 et
748 968 871 1030 caritas
893 970 1017 1030 nostra.
1031 971 1080 1030 Tu
1135 969 1307 1031 lectissimi
1322 972 1398 1032 Filii
1412 973 1543 1034 Domini
1566 977 1670 1038 nostri
1690 980 1764 1039 Jesa
1777 981 1881 1054 Christi,

289 1086 326 1132 es
339 1083 461 1144 magna
471 1066 609 1129 dulcedo
622 1067 746 1128 nostra.
762 1069 810 1127 Tu
825 1082 861 1127 es
875 1066 1007 1128 bonitas
1022 1066 1079 1127 in·
1135 1067 1168 1128 et
1179 1067 1220 1128 ad
1241 1070 1274 1129 te
1289 1068 1491 1131 altissimam
1515 1072 1586 1133 sola
1607 1075 1663 1135 tna
1683 1077 1782 1150 gratia
1795 1093 1885 1153 perre-

288 1168 395 1235 ilnita,
424 1181 575 1242 magnus,
612 1165 645 1226 et
673 1163 891 1237 admirabilis,
920 1164 1080 1226 Dominus
1135 1163 1219 1235 nire,
1236 1165 1297 1236 Qui
1314 1165 1348 1225 in
1367 1166 1530 1229 Trinitate
1555 1169 1710 1246 perlecta,
1726 1174 1756 1234 et
1780 1175 1884 1236 Unitate

287 1268 375 1326 Deus
387 1280 480 1325 meus
494 1263 716 1340 omnipotens,
727 1262 814 1339 pius,
830 1261 1033 1335 misericors,
1047 1263 1081 1324 et
1135 1261 1278 1338 simplici
1301 1261 1397 1334 rivis,
1413 1264 1447 1326 et
1466 1280 1599 1341 regnas,
1615 1268 1648 1329 et
1665 1268 1808 1342 gloriaris
1820 1272 1883 1332 Deus

289 1363 452 1425 Salvator.
1135 1358 1343 1436 omnipotens
1357 1361 1521 1424 insaecula
1536 1364 1741 1427 saeculorum.
1757 1369 1852 1428 Amen.

326 1460 457 1523 oraim
471 1457 696 1535 Omnipotens,
713 1458 848 1530 aeterne,
860 1456 961 1534 juste,
979 1456 1081 1518 etmi-

494 1796 743 1871 ORATIONES
775 1806 982 1870 UNDEUIM
1010 1807 1038 1867 A
1069 1805 1103 1867 S.
1131 1806 1377 1869 FRANCISCO
1408 1809 1714 1874 CONSCRIPTAS.

286 2053 312 2112 1.
328 2049 448 2114 cratae
460 2051 502 2110 Β.
516 2048 696 2109 muscam
710 2048 747 2107 to
757 2061 831 2109 sum
842 2047 1078 2108 cooocrmonts
1177 2047 1269 2107 Vere.
1302 2047 1452 2110 Laudent
1475 2065 1550 2112 eum
1575 2051 1755 2127 gloriosum
1779 2049 1841 2112 ccli
1861 2051 1884 2109 et

627 2144 738 2205 initio.
1130 2142 1230 2203 terra.
1253 2146 1762 2226 -Rcspbltsuperexaltentet
1777 2146 1885 2209 laudant

1131 2254 1205 2300 eum
1222 2239 1255 2302 in
1271 2243 1405 2304 eaecnla.

1176 2342 1269 2401 Vere.
1286 2341 1326 2401 Et
1343 2341 1451 2402 omnis
1464 2344 1616 2406 creatura
1631 2361 1704 2423 quae
1717 2345 1751 2405 in
1768 2342 1838 2405 coslo
1849 2341 1884 2400 est

1131 2434 1191 2504 est,
1206 2436 1240 2498 et
1248 2452 1348 2514 super
1358 2440 1493 2511 terram,
1503 2442 1538 2502 et
1546 2440 1660 2503 subtus
1666 2444 1792 2512 terram,
1805 2442 1881 2505 terra

1132 2533 1164 2594 et
1177 2549 1279 2606 mare,
1296 2537 1329 2597 et
1343 2552 1416 2613 qaae
1440 2538 1477 2599 in
1494 2538 1544 2599 eis
1565 2542 1652 2602 sunt.
1666 2571 1703 2585 -
1717 2543 1807 2613 Resp.
1817 2538 1885 2597 Lau·

1132 2630 1208 2693 dent
1221 2633 1255 2693 et
1265 2634 1515 2709 superexaltent
1529 2652 1603 2698 eum
1616 2637 1650 2698 in
1663 2637 1790 2699 saecula.

1177 2732 1271 2791 Vere.
1294 2729 1407 2791 Gloria
1424 2733 1526 2803 Patri,
1550 2736 1583 2795 et
1605 2734 1702 2806 Filio,
1727 2735 1759 2795 et
1779 2726 1885 2808 Spiritu

1133 2827 1262 2888 Sancto.
1279 2858 1318 2870 -
1332 2831 1433 2905 Hesp.
1451 2830 1639 2893 Laudemus
1654 2835 1687 2894 et
1700 2828 1886 2908 superexalte-

364 3014 367 3021 Ι
1131 2940 1203 2986 mus
1216 2939 1291 2986 eum
1306 2925 1342 2986 in
1352 2928 1487 2989 saecula.

831 3053 1074 3137 ωωωωω

1130 3249 1168 3263 -
1182 3221 1281 3292 amp.
1294 3219 1480 3282 Laudemus
1498 3223 1532 3284 et
1545 3223 1821 3300 superexaltemus
1832 3231 1887 3279 eun

1128 3316 1165 3378 in
1180 3315 1313 3377 saecula.

1171 3412 1297 3476 Oratio.
1309 3414 1534 3492 Omnipotens,
1545 3419 1764 3489 sanctissime,
1777 3417 1807 3477 et
1816 3411 1889 3475 altis

1129 3510 1210 3572 sime
1234 3513 1333 3584 Deus,
1355 3529 1453 3574 omne
1475 3513 1610 3588 bonum,
1626 3518 1660 3578 et
1681 3529 1832 3577 summum
1841 3509 1889 3569 bo-

1129 3621 1217 3678 num,
1241 3607 1345 3668 totum
1377 3606 1512 3681 bonum,
1537 3610 1595 3685 qui
1620 3610 1711 3672 solus
1733 3626 1768 3672 es
1787 3608 1888 3671 bonrs;

1128 3702 1188 3765 tibi
1204 3704 1380 3765 reddamus
1401 3719 1533 3767 omnem
1548 3707 1695 3779 laudem,
1712 3702 1889 3770 omnembo·

1128 3815 1252 3873 nomm,
1280 3795 1410 3864 omnem
1444 3802 1720 3876 benedictionem,
1749 3805 1780 3865 et
1802 3795 1890 3863 omnis

1127 3897 1212 3960 bona
1224 3897 1287 3960 tibi
1298 3898 1484 3961 reseramus
1498 3916 1641 3979 semper.
1651 3905 1766 3965 Amen.

324 2282 446 2356 Magne
472 2278 505 2340 et
527 2277 672 2354 gloriose
695 2278 794 2345 Deus,
820 2277 852 2337 et
875 2275 1014 2337 Domine
1031 2273 1077 2335 mi

284 2380 364 2442 Jesu
373 2376 516 2446 Christe,
524 2375 688 2446 illumina,
701 2390 760 2436 oro
770 2375 813 2446 te,
823 2373 978 2435 tenebras
990 2388 1079 2434 men-

283 2477 327 2538 tis
342 2490 436 2536 meae.
456 2476 504 2535 Da
524 2472 604 2533 mibi
626 2472 724 2533 iidem
741 2474 878 2543 rectam,
899 2486 991 2549 spem
1004 2486 1079 2531 cer-

282 2573 363 2645 tam,
377 2574 410 2634 et
424 2572 596 2633 caritatem
606 2569 796 2647 perlectam.
813 2571 880 2630 Fac
894 2571 931 2630 ut
943 2583 1079 2644 cognos-

284 2686 358 2732 cam
390 2670 434 2740 te,
471 2668 620 2740 Domine,
643 2666 690 2728 ita
718 2668 753 2728 ut
778 2682 838 2742 ego
863 2667 899 2727 in
924 2665 1077 2729 omnibus

284 2767 397 2830 omnia
420 2764 601 2827 secundum
620 2765 711 2824 tuam
733 2765 882 2825 sanctam
908 2763 941 2825 et
963 2779 1077 2825 veram

284 2861 489 2927 voluntatem
504 2860 686 2939 perficiam.
701 2863 817 2922 Amen.

323 3256 475 3328 Sanctus,
494 3254 639 3326 sanctus,
656 3255 791 3316 sanctus
802 3254 962 3316 Dominus
974 3258 1073 3328 Deus,

281 3352 621 3429 nosteromnipotens,
634 3351 691 3429 qui
702 3353 762 3423 est,
774 3353 807 3413 et
819 3352 875 3430 qui
884 3356 967 3426 erat,
976 3353 1009 3415 et
1019 3353 1076 3431 qui

279 3453 441 3515 venturus
454 3452 505 3512 est
520 3448 647 3529 (apoc,
663 3464 710 3521 εν,
719 3446 764 3527 8).
779 3425 967 3511 Laudemus
981 3453 1076 3513 etsu-

280 3547 525 3627 perexaltemus
539 3544 658 3607 eumin
670 3544 804 3606 saecula.
821 3546 948 3621 Dignus
961 3562 998 3608 es
1010 3549 1076 3607 Do·

280 3642 1072 3720 mineDeusnosteracciperelaudemgloriam,

280 3745 314 3805 et
324 3743 495 3813 honorem,
508 3743 541 3802 et
552 3739 827 3801 benedictionem.
842 3738 993 3820 (Ibidem,
1008 3741 1073 3822 ll.)

280 3840 468 3903 Laudemus
489 3838 523 3900 et
545 3837 831 3914 superexaltemus
855 3853 930 3898 eum
952 3838 989 3900 in
1009 3855 1075 3900 sae-

280 3938 366 3999 cula.
382 3937 508 4012 Dignus
529 3935 579 3997 est
591 3949 708 4012 agnus,
724 3934 780 4012 qui
794 3935 924 3997 occims
939 3936 1001 4004 est,
1016 3952 1076 3998 ace

279 4035 390 4112 cipere
408 4035 584 4105 virtutem;
600 4035 632 4094 et
645 4032 863 4103 divinitatem,
881 4035 914 4094 et
933 4034 1073 4110 sapien·

279 4132 372 4206 tiam,
387 4132 421 4193 et
433 4129 661 4192 fortitudinem
685 4129 718 4191 et
743 4129 916 4201 honorem,
942 4131 976 4192 et
996 4131 1072 4207 glo·
1158 4148 1213 4208 111.
1228 4149 1396 4211 salutatio
1408 4151 1453 4211 aa
1472 4152 1650 4226 papanem
1663 4145 1868 4226 Marianam).

278 4230 377 4302 riam,
387 4230 421 4291 et
433 4226 708 4291 benedictionem.
719 4225 905 4288 Laudemus
918 4227 952 4289 et
960 4243 1075 4305 snper·

278 4327 464 4390 exaltemus
475 4341 550 4388 eum
565 4326 601 4386 in
617 4323 751 4386 saecula.
1165 4326 1232 4386 Ave
1245 4323 1383 4385 Domina
1399 4327 1527 4400 sancta,
1546 4328 1677 4406 Regina
1694 4325 1889 4390 sancussma,

323 4429 417 4488 Vere.
446 4424 687 4486 Benedicamus
715 4422 860 4493 Patrem,
888 4422 922 4483 et
949 4422 1071 4483 Filium
1126 4421 1183 4483 Dei
1195 4421 1341 4497 genitrix
1363 4422 1483 4496 Maria,
1500 4441 1573 4501 quae
1591 4441 1628 4488 es
1643 4428 1800 4505 perpetua
1816 4421 1891 4493 virgo

278 4522 484 4585 cumsancto
502 4522 640 4599 Spiritu.
657 4553 695 4567 -
713 4521 815 4594 aesp.
841 4518 1028 4581 Laudemus
1039 4522 1073 4584 et
1126 4519 1230 4580 electa
1256 4534 1276 4582 a
1304 4520 1515 4582 sanctissimo
1530 4524 1630 4585 Patre
1646 4523 1688 4586 de
1708 4522 1798 4592 coelo,
1812 4528 1891 4596 quam

278 4618 563 4696 superexaltemus
576 4633 652 4678 eum
665 4616 700 4677 in
717 4614 852 4677 saecula.
1125 4616 1330 4678 consecravit
1348 4631 1423 4677 cum
1442 4619 1654 4682 sanctissimo
1681 4620 1766 4681 Filio
1790 4618 1821 4678 et
1848 4610 1890 4672 di·

323 4720 422 4780 Vers.
450 4712 595 4775 Laudem
623 4712 722 4773 dicite
747 4714 815 4774 Deo
840 4728 954 4774 omnes
981 4714 1070 4775 servi
1124 4712 1218 4785 lecte,
1243 4729 1283 4775 ac
1303 4713 1429 4791 Spiritu
1445 4717 1567 4778 Sancto
1588 4715 1822 4778 Paraclitozin
1839 4721 1890 4787 qua

277 4815 361 4891 eius,
376 4812 409 4874 et
423 4811 479 4889 qui
491 4808 615 4872 timetis
639 4811 754 4881 Deum,
771 4809 885 4886 pusilli
898 4812 931 4872 et
944 4810 1067 4887 magni.
1124 4811 1171 4872 est
1186 4812 1217 4872 el
1232 4809 1295 4872 luit
1309 4812 1416 4872 omnis
1431 4811 1602 4888 plenitudo
1617 4814 1748 4890 gratiae,
1769 4813 1800 4873 et
1810 4819 1889 4870 omne

276 4940 315 4955 -
327 4914 428 4984 licem.
443 4905 601 4978 Laudato,
618 4906 652 4967 et
671 4907 919 4981 superexaltate
943 4908 1068 4969 eumin
1120 4907 1253 4969 bonurn.
1273 4911 1341 4969 Ave
1356 4912 1429 4985 ejus
1442 4909 1614 4986 palatium.
1629 4915 1700 4972 Ave
1712 4909 1892 4973 tabernacu-

277 5006 411 5069 saecula.
1121 5004 1189 5065 lum
1215 5007 1296 5082 ejus.
1323 5008 1393 5067 Ave
1415 5008 1521 5068 mater
1542 5011 1624 5086 ejus.
1654 5009 1694 5070 ut
1720 5013 1891 5069 aesomnes

313 5152 354 5228 (l)
369 5154 429 5222 Qua
451 5149 603 5208 devotione
623 5156 652 5208 et
674 5149 781 5208 mentis
802 5150 959 5210 attentione
984 5154 1070 5210 Fran·
1122 5153 1211 5280 prima
1247 5159 1317 5223 arte,
1331 5151 1379 5212 iol.
1398 5154 1441 5221 ld,
1458 5156 1514 5213 col.
1527 5156 1597 5227 438
1645 5157 1687 5213 st.
1703 5157 1767 5212 otto
1780 5147 1890 5211 macc

275 5226 374 5283 oiscus·
394 5222 480 5303 boras
499 5219 678 5302 persolvebat
691 5222 881 5291 canonicas,a
905 5232 1013 5292 noscet,
1040 5227 1069 5282 ui
1132 5226 1201 5281 oll
1244 5225 1407 5294 monacis
1418 5227 1573 5298 Minorem,
1648 5228 1732 5285 als.
1748 5223 1891 5287 Fanenset

275 5311 340 5366 cap.
360 5294 621 5365 lo,s1nsvnae,et
646 5293 779 5374 tomlll,
798 5293 913 5365 dpupt'
952 5307 999 5350 ma
1020 5239 1065 5364 ξε,
1119 5294 1184 5352 nib.
1843 5362 1846 5371 Ι

276 5362 768 5446 legereuolueritbtergomtente,
781 5364 1064 5447 attenteetdevote,
1155 5364 1197 5437 (2)
1215 5365 1306 5433 Qum
1326 5364 1426 5423 videre
1446 5369 1553 5440 poteris
1576 5368 1650 5441 apud
1678 5368 1808 5425 Pisanum
1831 5359 1890 5418 lbra

274 5451 326 5493 seu
341 5448 443 5518 masan
464 5448 530 5518 cum
549 5431 660 5510 fervore
678 5448 729 5491 eas
752 5440 892 5499 recitaret,
916 5435 991 5518 banc
1011 5436 1064 5492 sibi
1138 5437 1220 5505 rimo,
1236 5434 1439 5494 conformitate
1452 5437 1631 5507 duodecima,
1645 5439 1741 5512 capite
1754 5434 1889 5509 quomo

273 5505 1064 5648 calcasattestatainfestaretur
1118 5451 1275 5635 lale
1298 5507 1508 5634 aarum
1538 5509 1610 5567 m

273 5663 328 5706 nus
339 5647 387 5705 lib.
404 5649 441 5716 li,
456 5644 536 5706 Coni.
563 5647 607 5715 ll,
623 5660 674 5703 seu
690 5647 718 5702 ln
738 5644 837 5703 ordine
852 5646 903 5717 233
926 5647 1061 5703 dirorum.
1417 5621 1423 5634 ’
