3950 6200
1290 9 1936 82 ἡ

115 175 173 240 189
696 174 1022 238 Paabscolunna.
1044 204 1084 221 ··
1105 177 1214 239 vlla.
1720 183 1780 245 190

147 338 196 397 ln
222 335 339 399 castro
364 335 473 399 Chore
495 334 657 399 Ostiensis
677 334 842 407 dioecesis,
871 334 926 399 vir
980 335 1051 399 tem
1077 337 1166 399 obsit
1191 340 1350 415 owrtori,
1366 340 1437 401 nist
1454 340 1493 401 to
1513 354 1617 403 cruce
1637 344 1779 406 Domitii

121 430 256 513 quidem
270 432 322 494 sic
337 448 419 495 crans
433 449 477 496 ex
486 433 555 496 toto
566 432 767 510 perdiderat,
784 433 820 495 ut
832 432 925 495 nullo
979 434 1094 497 nostri
1117 438 1202 496 dean
1226 437 1355 497 cbristi
1375 433 1511 515 (ealat,
1536 453 1584 511 vr,
1610 437 1675 519 14).
1701 441 1777 503 Non

116 530 223 594 modo
236 530 410 607 progredi,
423 532 478 593 vel
492 546 625 593 movere
639 546 677 592 se
688 533 812 608 posset.
829 531 926 593 Posi·
979 532 1091 593 minus
1113 532 1213 593 etiam
1238 548 1316 594 vere
1336 533 1372 594 in
1398 536 1664 598 conversationis
1692 553 1775 615 pro-

119 631 174 691 tus
187 627 302 704 itaque
316 628 354 688 in
368 629 524 705 angustia
536 628 738 702 vehementi,
753 630 786 690 et
797 628 925 691 auxilio
973 644 1100 707 Ιςιθειιιι
1114 628 1237 691 addere
1250 630 1357 691 valuit
1373 652 1380 691 ι
1396 634 1604 707 Quicumque
1620 639 1710 697 donc
1722 651 1778 697 rc·

122 727 320 803 desperatus
343 725 492 787 humano
513 727 638 803 :coepit
656 729 754 789 nocte
769 725 923 804 quadam,
977 730 1096 801 autom
1115 725 1225 787 secuti
1247 723 1394 806 fuerint,
1417 743 1492 801 poc
1514 743 1621 802 super
1639 733 1724 803 idos,
1743 733 1777 794 et

124 841 164 887 ac
177 823 210 886 si
233 824 433 901 praesentem
454 825 607 887 cerneret
631 827 668 885 Β.
694 825 923 895 Franciscum,
977 825 1222 885 misericordia
1246 822 1362 901 (Ibid,
1380 823 1444 903 16).
1461 826 1644 889 verissime
1664 830 1776 891 autem

126 922 227 985 talem
241 936 354 982 coram
370 936 411 983 eo
426 936 598 984 assumere
614 922 789 985 materiam
804 937 926 999 quere-
979 920 1015 981 in
1029 921 1315 982 consummatione
1337 923 1444 998 potuit
1463 922 1672 986 subinferre:
1687 928 1778 1003 stio-

128 1018 220 1082 landi
241 1040 249 1079 ι
271 1018 402 1095 Adjuva
425 1035 488 1091 me,
506 1021 540 1080 S.
564 1020 755 1090 Francisce,
772 1019 925 1080 recolens
978 1019 1075 1080 moto
1089 1021 1326 1081 Domioidesu
1339 1024 1376 1081 in
1397 1035 1542 1096 corporo
1563 1036 1639 1084 mco
1661 1024 1774 1098 porto.

46 1120 56 1135 ⁵
127 1132 237 1180 neum
248 1115 437 1189 servitium,
454 1117 487 1179 et
501 1117 709 1180 devotionem
723 1117 926 1195 tibiimpen-
979 1114 1175 1197 (lbid.,17).
1201 1116 1264 1178 Sed
1280 1118 1314 1179 et
1333 1118 1417 1178 illud
1436 1134 1497 1180 nos
1513 1119 1659 1196 quotidie
1681 1120 1774 1183 desi-

42 1229 45 1231 *
127 1230 211 1277 sam.
231 1214 478 1276 Neminasino
500 1214 924 1292 meoteportavi,sanctos
978 1214 1134 1276 daremus
1157 1215 1200 1276 ab
1220 1215 1294 1292 ipso
1317 1216 1461 1277 audire:
1485 1218 1609 1279 Grotio
1635 1222 1776 1281 Domini

127 1312 227 1391 pedes
239 1314 328 1385 tuos,
345 1313 379 1373 et
391 1314 525 1374 sanctas
535 1328 654 1374 manus
666 1314 742 1374 tuas
754 1312 924 1375 osculatus
977 1314 1093 1374 nostri
1116 1315 1201 1375 lead
1231 1315 1371 1382 dimoti,
1396 1330 1476 1375 cum
1499 1317 1629 1390 spiritu
1655 1318 1773 1379 oestro

46 1428 49 1429 *
126 1411 184 1481 ini,
204 1424 338 1486 semper
348 1408 409 1471 tibi
425 1410 575 1484 devotus,
592 1425 723 1488 semper
741 1410 924 1473 benevolus
976 1411 1120 1484 tratres.
1136 1413 1258 1471 Amen.
1273 1407 1383 1489 (Ibid,
1402 1409 1468 1490 18.)

125 1507 234 1579 extiti,
251 1508 286 1569 et
303 1523 383 1570 ecce
395 1509 522 1570 morior
536 1507 661 1570 doloris
671 1508 772 1586 hujus
787 1507 925 1569 durissi·
1017 1505 1169 1569 Gloriere
1185 1506 1366 1585 igiturjam
1381 1524 1499 1570 secure
1514 1509 1549 1570 in
1568 1510 1677 1572 crucis
1696 1510 1774 1586 glo·

124 1606 353 1669 mocruciatu.
377 1606 438 1668 His
459 1606 611 1684 pulsatas
627 1606 786 1684 querelis,
811 1605 923 1668 statim
976 1603 1029 1666 ria
1057 1604 1192 1676 Christi,
1221 1604 1363 1682 signifer
1385 1606 1543 1683 gloriose,
1569 1608 1726 1684 quoniam
1754 1625 1775 1670 a

123 1704 228 1767 adsuit
248 1702 490 1766 beneficiorum
516 1720 654 1778 memor,
678 1705 712 1767 et
736 1704 923 1766 devotionis
977 1717 1077 1763 cruce
1101 1702 1280 1780 incipiens,
1297 1702 1479 1765 secundum
1500 1705 1774 1782 crucieregulam

122 1803 249 1880 gratus,
284 1803 319 1865 et
343 1801 498 1878 vigilanti
520 1803 595 1865 viro
626 1818 701 1864 cum
730 1817 798 1863 uno
820 1801 923 1864 tratre
976 1799 1180 1875 processisti,
1195 1802 1229 1862 et
1247 1800 1382 1862 tandem
1397 1801 1433 1873 in
1460 1816 1560 1863 cruce
1581 1802 1772 1879 perficiens,

125 1900 302 1978 apparuit3
329 1899 373 1961 ad
397 1901 607 1962 vocationem
636 1902 708 1976 ejus
730 1916 766 1961 se
790 1899 922 1961 venisse
976 1913 1037 1975 per
1058 1899 1169 1959 crucis
1192 1899 1420 1961 testimonium
1444 1900 1577 1976 quantae
1592 1900 1710 1977 gloriae
1727 1903 1775 1963 sis

125 1997 218 2069 dixit,
242 1999 277 2059 et
300 1997 419 2060 tulisse
445 1997 592 2060 remedia
619 1997 786 2059 sanitatis.
802 1996 923 2073 Tetigit
975 1995 1257 2068 incoelo,cunctis
1273 1997 1633 2059 fidelibusinnotescis.
1650 2001 1774 2062 Secure

125 2096 232 2157 locum
247 2094 376 2156 doloris
389 2110 463 2156 cnm
481 2094 601 2156 baculo
616 2095 768 2171 parvulo,
796 2095 853 2172 qui
877 2093 921 2154 fl·
972 2095 1043 2172 jam
1055 2094 1088 2156 te
1102 2085 1297 2172 sequantur,
1324 2096 1381 2173 qui
1400 2096 1526 2157 exeunt
1546 2112 1590 2157 ex
1600 2098 1771 2174 AEgypto:

129 2208 241 2270 garam
262 2192 359 2254 Thau
377 2193 414 2254 in
428 2208 465 2254 se
487 2192 640 2263 babebat,
658 2194 692 2254 et
715 2191 821 2254 fracto
844 2206 923 2253 mox
976 2192 1055 2269 quia
1070 2208 1130 2268 per
1152 2191 1309 2255 baculum
1335 2193 1447 2253 crucis
1469 2192 1594 2255 Christi
1615 2194 1702 2255 mari
1717 2194 1773 2255 di·

131 2291 339 2368 apostemate,
376 2290 557 2368 perlectam
584 2289 702 2352 tribuit
731 2290 920 2351 sanitatem.
975 2289 1048 2350 viso
1076 2289 1210 2352 deserta
1228 2289 1437 2369 transibunt,
1465 2290 1502 2350 in
1536 2291 1773 2368 repromissam

132 2390 176 2460 st,
204 2387 290 2466 quod
319 2388 509 2449 mirabilius
534 2390 595 2460 est,
624 2403 757 2451 sacrum
789 2384 921 2462 signum
975 2387 1160 2449 viventium
1192 2390 1329 2459 terram,
1370 2386 1517 2449 iordane
1559 2388 1773 2450 mortalitatis

134 2485 221 2548 Thau
241 2486 443 2563 impressum
464 2501 565 2563 super
592 2486 702 2553 locum
728 2484 838 2548 sanati
864 2484 921 2545 ul·
974 2485 1183 2557 transmisso,
1216 2500 1278 2562 per
1305 2485 1412 2561 ipsius
1440 2485 1550 2546 crucis
1583 2485 1773 2546 mirandam

134 2585 229 2657 ceris,
253 2584 296 2645 ad
320 2583 476 2646 miraculi
504 2584 701 2645 memoriam
731 2582 919 2659 dereliquit.
974 2582 1159 2659 potentiam
1180 2582 1378 2659 ingressuri.
1400 2584 1470 2655 Quo
1492 2598 1554 2643 nos
1580 2582 1773 2645 introducat

134 2684 196 2743 Hoc
215 2683 311 2759 signo
335 2684 369 2744 S.
387 2681 588 2743 Franciscus
603 2697 683 2743 suas
703 2679 922 2756 consignabat
974 2695 1075 2742 verus
1114 2680 1228 2758 populi
1263 2679 1392 2749 ductor,
1419 2682 1454 2742 et
1486 2678 1642 2743 Salvator
1672 2683 1771 2743 iesus

139 2779 272 2852 litteras,
298 2779 429 2858 quoties
454 2778 605 2841 caritatis
629 2793 731 2840 cansa
760 2778 920 2854 scriptum
975 2778 1126 2839 Christus
1141 2778 1336 2851 crucifixus,
1348 2794 1409 2855 per
1421 2778 1542 2841 merita
1559 2778 1648 2840 servi
1663 2779 1772 2840 Fran·

138 2875 259 2954 aliquod
277 2875 455 2952 dirigebat.
974 2875 1068 2937 cisci.
1090 2875 1139 2938 Ad
1164 2874 1297 2938 laudem
1323 2877 1357 2938 et
1373 2875 1516 2952 gloriam
1541 2876 1640 2938 unius
1655 2876 1716 2938 Dei
1737 2877 1773 2938 et

172 2974 230 3035 Sed
243 2988 330 3046 ecce,
348 2973 425 3036 dum
445 2989 505 3051 per
521 2973 654 3036 diversa
668 2971 832 3035 miracula
846 2970 921 3048 glo·
972 2973 1065 3046 trini,
1082 2973 1139 3050 qui
1153 2973 1237 3036 vivit
1247 2976 1281 3037 et
1294 2976 1413 3050 regnat
1424 2973 1460 3035 in
1475 2974 1599 3036 saecula
1623 2973 1769 3036 saeculo-

138 3071 210 3133 riosi
234 3072 338 3150 patris
364 3071 548 3144 Francisci,
583 3086 676 3134 mens
714 3069 920 3133 narrationis
973 3085 1059 3133 rum.
1074 3074 1190 3133 Amen.

139 3170 286 3232 varietate
317 3170 477 3244 distracta
514 3168 683 3241 decurrit,
709 3167 920 3246 promerente

141 3266 205 3343 ipso
229 3267 336 3330 crucis
359 3266 507 3343 glorioso
528 3265 707 3344 signifero,
730 3266 766 3327 in
788 3265 919 3341 signum
977 3319 982 3326 .

141 3365 244 3427 ululis
263 3365 369 3437 Thau,
394 3380 461 3427 non
492 3364 565 3426 sine
593 3363 707 3425 divina
735 3362 919 3425 directione
1234 3378 1505 3428 summissurus

161 3463 290 3535 ervenit,
315 3465 352 3525 ut
385 3479 429 3525 ex
453 3462 517 3524 boc
560 3461 703 3523 ossimus
731 3460 917 3529 advertere,

143 3478 216 3636 guod
233 3561 318 3622 sicut
345 3575 430 3621 crux
457 3479 616 3621 militlanti
639 3558 713 3636 post
738 3557 917 3630 Christum,
1045 3520 1101 3582 AD
1126 3518 1260 3579 VITAM
1293 3517 1444 3579 SANGTI
1472 3516 1696 3579 FRANOESCI

142 3655 194 3722 tuit
210 3657 393 3719 sublimitas
417 3656 528 3718 meriti
556 3657 599 3718 ad
627 3655 786 3727 salutem,
809 3653 858 3716 sio
886 3655 920 3717 et
1103 3668 1180 3721 tutu
1191 3665 1330 3718 emtionem
1339 3665 1408 3717 Pale
1417 3666 1455 3718 ns
1466 3665 1535 3731 noys
1547 3665 1638 3730 (leil).

142 3753 341 3832 triumphanti
365 3770 440 3816 cum
461 3753 605 3825 Christo,
631 3752 720 3815 tacta
743 3754 794 3813 est
808 3750 918 3812 ilrmi-
1068 3735 1079 3753 ‘

141 3851 182 3912 tas
204 3853 381 3915 testimonii
414 3851 457 3913 ad
485 3851 659 3913 honorem,
689 3851 760 3911 1100
796 3848 918 3926 quippe
1012 3843 1038 3902 I.
1066 3843 1094 3903 A
1122 3838 1257 3901 civitate
1276 3836 1417 3899 Reatina
1440 3836 1532 3899 venit
1556 3834 1763 3920 [Gregorius]

144 3950 233 4011 crucis
255 3949 450 4027 mysterium
474 3963 630 4023 magnum
661 3949 695 4010 et
721 3946 852 4018 mirum,
883 3946 918 4006 in
974 3938 1155 4017 spoletum,
1173 3951 1252 3997 mox
1274 3934 1440 3997 Assisium
1463 3934 1608 3998 visitatis
1623 3936 1716 4013 prius
1732 3940 1765 3999 S.

144 4062 195 4124 qno
217 4047 416 4108 charismata
438 4045 634 4123 gratiarum,
652 4046 685 4107 et
699 4045 823 4106 merita
844 4042 918 4105 vir·
971 4037 1069 4098 Clara
1082 4036 1115 4097 et
1135 4031 1382 4103 consodalibus,
1399 4035 1579 4109 quaeeutra
1592 4033 1708 4095 urbem
1721 4031 1763 4097 ad

54 4137 63 4232 ἕ,
144 4145 241 4216 tntum,
252 4146 287 4207 et
296 4144 449 4208 thesauri
462 4142 636 4220 sapientire
648 4144 682 4204 et
689 4141 838 4203 scientiae
850 4140 918 4202 tam
972 4137 1007 4196 S.
1021 4132 1219 4195 Damianum
1234 4129 1430 4208 quotidiano
1450 4128 1530 4191 boni
1550 4130 1695 4192 nominis
1709 4131 1765 4191 in·

40 4230 59 4269 '³'
144 4242 196 4304 ulla
206 4241 430 4320 profunditate
453 4240 620 4312 velantur,
643 4241 680 4302 ut
702 4237 853 4300 emundi
867 4251 919 4299 sa·
971 4232 1141 4293 cremento
1166 4228 1280 4290 sancte
1307 4226 1474 4288 vivebant.
1498 4226 1619 4288 Nullus
1646 4226 1766 4290 barum

40 4324 48 4366 ‘³
145 4339 287 4415 pientibns
311 4341 346 4402 et
364 4336 580 4416 prudentibus
597 4337 642 4399 sit
659 4335 836 4407 occultum,
849 4335 918 4397 tam
970 4327 1139 4404 virginum
1158 4321 1414 4386 sanctimoniam
1433 4323 1539 4398 magis
1555 4325 1762 4400 perspectam

145 4436 220 4512 plene
240 4437 305 4500 tuit
326 4429 407 4498 hnic
428 4434 552 4497 Christi
565 4434 706 4511 parvulo
720 4432 916 4506 revelatum,
970 4424 1243 4503 exploratamque
1258 4420 1376 4482 babuit
1388 4421 1422 4481 in
1437 4419 1511 4496 ipso
1522 4420 1691 4497 pontifice,
1707 4422 1765 4499 qni

145 4534 277 4596 ntomnis
296 4533 367 4596 vita
388 4531 506 4609 ipsius,
522 4545 589 4592 non
603 4530 669 4592 nisi
683 4529 794 4591 erucis
807 4527 916 4591 vesti-
970 4523 1007 4584 in
1020 4519 1229 4584 cardinalatu
1238 4533 1353 4579 earum
1363 4518 1583 4594 protectorem
1593 4518 1672 4594 egit,
1684 4535 1767 4581 con-

50 4625 51 4652 ¹
145 4631 186 4704 gia
202 4631 410 4709 sequeretur,
426 4628 572 4692 nonnisi
586 4624 917 4690 crucisdulcedine‘m
971 4619 1060 4691 silla,
1086 4614 1320 4700 reiamiliari,
1343 4615 1376 4675 et
1399 4614 1564 4690 singulari
1590 4615 1640 4676 eis
1659 4615 1765 4678 adluit

145 4731 262 4805 saperet,
286 4743 355 4790 non
376 4726 442 4787 nisi
457 4726 567 4787 crucis
588 4725 731 4802 gloriam
746 4722 915 4800 praedica·
970 4714 1167 4794 patrocinio.
1202 4712 1377 4774 Protracto
1411 4710 1571 4773 familiari
1597 4713 1765 4791 colloquio

44 4809 45 4840 l
145 4828 283 4889 nivere
298 4824 571 4901 nemqneinsuee
584 4819 813 4884 conversionis
827 4820 917 4898 prin·
969 4829 1046 4877 cum
1074 4809 1277 4890 primicaeria
1302 4809 1398 4870 Clara
1420 4809 1554 4871 tandem
1579 4808 1762 4887 subjunxit,

41 4966 42 4969 ,
145 4920 210 4999 cipio
222 4922 335 4986 dicere
347 4935 423 4983 cum
436 4919 594 4997 Apostolo
607 4918 716 4996 potuit
731 4938 739 4978 ι
755 4918 917 4980 Miltiau-
968 4910 1188 4988 eampropter
1198 4906 1347 4984 pericula
1359 4907 1554 4984 temporum.
1571 4908 1605 4968 et
1624 4907 1762 4968 eventus

147 5080 190 5162 lati.
205 5078 370 5163 Gbordaque
385 5075 463 5134 illum
474 5077 658 5150 succingens,
671 5075 737 5148 qula
750 5073 814 5157 sine
827 5071 912 5131 chor·
969 5063 1226 5150 tionisindustria,
1257 5062 1410 5120 vivacitate
1435 5069 1611 5118 sensuumet
1634 5061 1759 5133 loquela,

148 5149 173 5207 la
187 5151 285 5214 imbui,
300 5146 416 5206 dlnled
428 5162 493 5204 eum
508 5164 515 5204 :
530 5147 657 5220 surgens
665 5146 817 5203 ecclesiam
828 5143 912 5209 intra,
967 5139 1120 5197 ecclesiam
1138 5148 1289 5220 ingressus
1306 5147 1371 5215 aum
1391 5132 1479 5189 multa
1492 5132 1611 5187 tranum
1625 5139 1654 5211 et
1667 5145 1760 5190 soeou·
1923 5195 1928 5206 .

148 5165 261 5279 illudes
270 5223 333 5279 lieo
346 5218 459 5276 debias
471 5232 537 5275 cum
552 5216 686 5275 iratribus
695 5215 916 5274 devotusexsol·
967 5211 1070 5269 larium
1084 5207 1282 5272 admiratione,
1298 5219 1346 5275 qur
1360 5209 1427 5260 tunc
1441 5202 1568 5268 ederant,
1584 5208 1612 5257 et
1624 5216 1761 5273 juvenem
1796 5206 1799 5222 ¹
1917 5229 1923 5260 ι

150 5305 191 5347 vn.
202 5292 304 5361 Quibus
313 5290 409 5356 dictis,
420 5302 485 5345 cum
496 5301 566 5361 puer
576 5287 670 5360 ipsum
686 5285 819 5343 manibus
829 5284 915 5342 vellet
966 5278 1154 5408 fffiss'qvfifflm
1167 5275 1297 5333 viderant
1311 5280 1339 5328 et
1352 5279 1505 5338 amentem,
1515 5270 1647 5328 laudibus
1656 5271 1762 5330 divinis

151 5361 298 5435 elingere,
314 5366 345 5417 ct
367 5358 471 5432 omum
490 5357 553 5432 ejus
566 5355 725 5415 deosculari
738 5355 871 5428 vestigia,
883 5361 914 5411 ut
978 5358 1026 5408 nte
1052 5349 1156 5430 uiuet
1171 5343 1364 5431 perordinem
1383 5349 1498 5424 narrato
1516 5342 1665 5424 miraculo,
1682 5344 1757 5401 rnul-

187 5432 345 5515 tlasegeret
356 5445 363 5486 :
374 5428 412 5487 ab
423 5429 612 5502 ejassspeclu
627 5429 657 5485 B.
670 5434 750 5500 pater
764 5425 911 5484 abscessit.
967 5427 1012 5479 tes
1032 5419 1070 5477 sd
1090 5418 1193 5478 Cbrlstl
1212 5423 1241 5473 et
1261 5413 1336 5472 beati
1352 5413 1497 5470 Franciscr
1515 5411 1696 5472 devotionem
1714 5428 1759 5471 ac

152 5444 285 5574 {injuxeris
300 5508 473 5572 recuperate
491 5501 613 5558 saninte
631 5497 768 5571 corporis,
784 5510 849 5556 cum
863 5510 910 5553 ra·
965 5489 1071 5550 cendit.
