3950 6200
253 383 332 443 1259
369 370 373 379 '
682 386 714 444 s.
738 384 913 444 eunoun
935 385 1123 447 raucam
1145 386 1284 446 orsus
1305 383 1456 445 omma.
1813 382 1884 445 taso

253 542 403 604 suaviter
434 542 629 603 viventium.
651 542 800 618 Abyssus
826 541 908 603 dicit
935 560 943 603 a
970 544 1046 604 Non
1101 539 1883 621 quamsint,verborumcompositionibus,quasi

253 642 303 701 est
327 639 362 700 in
377 655 445 714 me3
468 639 503 700 et
521 655 613 701 mare
636 639 804 717 loquitur:
822 640 896 701 Nou
911 644 961 703 est
976 655 1048 700 me-
1101 640 1310 716 superductis
1350 641 1518 701 colorbus
1559 637 1794 699 inveniuntur.
1821 641 1887 700 lt'ec

251 736 482 798 cnm.»Nescit
498 736 595 797 borno
606 735 748 813 pretium
762 739 846 813 ejus,
862 736 948 798 idest
960 736 1047 799 oesti·
1100 738 1296 809 oeqaabttar·
1308 739 1340 797 et
1364 750 1506 805 auream,
1533 738 1585 795 vel
1606 736 1884 794 attentaturum

250 833 430 895 menonem
443 834 554 910 pretii,
568 834 645 911 quia
656 833 685 895 si
701 834 813 905 sciret,
830 848 895 895 non
908 833 1048 909 repelle·
1100 834 1200 906 lucet,
1215 833 1337 895 vitrum
1352 832 1544 894 translucet.
1557 833 1622 892 Per
1636 846 1766 893 auram
1780 830 1885 907 igitur,

251 931 316 1003 ret;
330 929 371 992 da
390 946 456 1007 qua
475 931 666 1007 repulsione
690 930 813 992 dicitur
834 929 904 1008 (Ps.
920 932 970 1002 61,
986 929 1044 1009 5):
1101 933 1134 991 et
1154 932 1286 992 nitram
1313 929 1427 991 sancti
1446 930 1483 989 in
1504 929 1614 1005 putria
1637 928 1884 1004 intelligentam

250 1029 517 1091 «veruntamen
536 1028 677 1104 pretium
688 1044 796 1090 meum
816 1029 1047 1104 cogitaverunt
1100 1028 1178 1105 quia
1205 1042 1272 1090 non
1296 1027 1403 1089 solum
1424 1028 1460 1087 in
1487 1042 1525 1088 se
1543 1024 1717 1102 fulgebunt
1739 1041 1800 1102 per
1824 1026 1888 1086 cla·

249 1124 1044 1203 repellere.›Sequiturz‹N0ninvenitarinterra
1100 1126 1246 1198 ritatem,
1260 1125 1318 1185 sed
1345 1124 1446 1186 etiam
1471 1124 1720 1185 mentemsuam
1746 1121 1789 1183 ab
1810 1122 1889 1184 alio·

251 1223 401 1284 suaviter
427 1223 620 1285 virentium.
644 1240 665 1282 a
683 1223 772 1284 Idem
787 1222 831 1301 (6,
846 1222 880 1302 2)
911 1239 954 1283 :c
973 1223 1046 1284 Uti·
1100 1236 1173 1283 rum
1185 1222 1292 1284 oculis
1303 1222 1502 1283 intuentium
1512 1220 1656 1283 invicem
1666 1234 1734 1281 nou
1748 1218 1887 1281 abscon-

251 1335 328 1381 nam
356 1321 624 1396 appenderentur
648 1321 782 1397 peccata
808 1334 900 1395 mea,
926 1319 1046 1397 quibus
1100 1320 1179 1382 dent
1203 1341 1211 1380 ε
1237 1336 1300 1381 nec
1326 1321 1438 1381 minen
1464 1318 1597 1380 Christo
1617 1317 1886 1394 adaquabuntur.

250 1417 336 1477 iram
361 1417 470 1478 merui
487 1438 494 1478 :
509 1419 543 1480 et
555 1418 741 1490 calamitas,
755 1433 854 1496 quam
875 1418 995 1494 patior,
1010 1417 1045 1477 in
1101 1418 1258 1495 Sequitur
1277 1417 1375 1495 (ibid.
1390 1419 1441 1488 28,
1457 1415 1512 1495 22)
1527 1437 1536 1476 z
1549 1433 1567 1475 a
1582 1415 1743 1486 Perditi0,
1760 1416 1797 1476 et
1807 1429 1888 1475 mors

250 1515 627 1577 statera.›Stateraista
636 1515 786 1577 Christus
799 1515 904 1594 et(i),
919 1514 1046 1576 habeus
1100 1515 1257 1578 dixerunt
1279 1537 1287 1576 :
1309 1513 1455 1576 Auribus
1479 1514 1602 1575 nostris
1628 1512 1820 1575 audivimas
1844 1512 1891 1571 ta-

250 1609 379 1673 lanoem
394 1612 647 1685 misericordiae,
662 1615 696 1674 et
704 1612 862 1690 justitiam
875 1614 909 1674 et
921 1627 1045 1689 pecca·
1101 1629 1187 1675 mam
1203 1617 1288 1690 ejus,
1298 1613 1378 1689 quta
1392 1627 1452 1689 per
1466 1627 1554 1681 eum,
1564 1611 1621 1688 qui
1633 1612 1685 1671 est
1696 1610 1804 1681 selus,
1820 1625 1892 1685 per-

251 1712 320 1771 tnm
337 1724 396 1785 per
408 1710 673 1772 misericordiam
687 1711 875 1783 remissum,
889 1709 942 1771 rel
957 1709 1047 1769 rela-
1100 1710 1183 1773 ditic
1197 1710 1365 1772 destructa
1383 1710 1451 1783 est3
1472 1723 1532 1785 per
1543 1723 1631 1778 eum,
1646 1708 1717 1769 vita
1732 1710 1796 1778 est,
1807 1721 1892 1767 mors

249 1821 348 1878 rans,
365 1807 437 1869 lere
461 1822 546 1878 esse,
576 1809 610 1869 et
631 1807 854 1868 calamitatem
873 1806 1045 1868 moriendo
1100 1809 1172 1885 ipsa
1189 1807 1386 1870 mortificata
1400 1808 1462 1867 est.

249 1905 363 1979 gravis
389 1921 466 1966 esse
487 1905 647 1981 ponderis
666 1904 821 1966 ostendit.
836 1905 922 1967 Dicit
936 1919 1044 1980 ergo:
1141 1906 1298 1983 sequitur
1324 1926 1333 1964 ε
1358 1904 1536 1966 Enattaott
1555 1917 1664 1963 corna
1682 1905 1802 1976 populi
1826 1904 1888 1961 sut

255 2003 392 2064 Utinam
403 2003 685 2077 appenderentur
700 2006 842 2076 peccata
857 2004 929 2075 aa·
948 2001 1045 2079 quast
1101 2006 1171 2065 Hoc
1184 2002 1340 2079 estquod
1353 2001 1434 2063 alibi
1444 2000 1586 2063 dicitur:
1600 2001 1645 2060 Et
1660 2000 1887 2060 eremana

251 2099 341 2162 dicat
366 2121 374 2161 ε
404 2101 530 2161 Malum
556 2102 681 2161 nostrae
715 2099 938 2161 damnationis
971 2099 1046 2159 leve
1099 2103 1222 2162 salutis
1243 2102 1350 2174 noba,
1375 2103 1411 2161 ta
1441 2102 1540 2160 amno
1571 2100 1683 2158 David
1703 2099 1808 2171 pareri
1835 2098 1888 2155 sat

250 2213 325 2259 esse
339 2198 499 2272 creditur,
511 2198 567 2258 sed
584 2199 711 2260 utinam
726 2197 850 2269 veniat,
866 2198 922 2274 qui
939 2198 1047 2258 osten·
1101 2197 1214 2276 (Lucas
1232 2199 1261 2269 1,
1283 2197 1349 2275 69).
1376 2199 1445 2258 Per
1457 2210 1579 2265 coma,
1602 2192 1690 2270 quod
1717 2194 1770 2253 est
1792 2207 1885 2269 supra

250 2295 333 2357 dens
375 2298 530 2372 patriam,
561 2311 663 2372 grave
689 2310 763 2357 esse
791 2295 943 2357 ostendat
969 2294 1047 2355 eri·
1101 2311 1247 2366 carnem,
1271 2296 1305 2357 et
1328 2294 1415 2355 intra
1436 2308 1485 2365 os,
1515 2290 1721 2353 molliusest
1741 2305 1825 2361 osse,
1855 2290 1885 2350 et

251 2393 344 2464 lium,
360 2395 413 2454 vel
429 2393 556 2455 doceat.
575 2393 668 2454 Unde
681 2391 936 2470 sequitur(lbid.
952 2389 1042 2469 c,3):

250 2492 354 2555 Quart
378 2505 490 2551 aratra
510 2494 622 2551 astarte
642 2495 714 2552 baec
726 2494 871 2566 praetor
892 2502 1045 2563 appare·

251 2588 317 2648 ret.
338 2591 470 2658 arena,
493 2604 578 2665 quea,
595 2589 679 2648 aestu
695 2586 1047 2648 marisundarumex·

250 2684 355 2745 terius
372 2685 518 2761 pellitur,
535 2685 710 2747 calamitas
725 2686 950 2760 comparatur,
967 2683 1046 2760 quia

250 2779 350 2841 bomo
366 2796 507 2856 peccans
523 2781 677 2843 fluctibus
690 2782 910 2843 tentationum
925 2784 1044 2850 motus,

250 2875 294 2936 ab
305 2876 431 2938 intimis
447 2878 595 2939 exterius
611 2878 691 2939 exit.
708 2879 850 2939 Gravior
869 2880 979 2939 autem
994 2877 1047 2937 di·

252 2973 350 3041 citur,
375 2973 453 3051 quia
484 2974 567 3035 dura
596 2972 699 3034 tuisse
723 2989 819 3051 poena
848 2973 1044 3043 ostenditur,

251 3068 329 3132 dum
356 3086 416 3148 per
441 3070 706 3136 misericordiam
738 3072 835 3149 culpa
867 3070 1043 3146 levigatur.

252 3172 402 3244 Aborras
415 3171 498 3231 dicit
509 3187 521 3230 .·
534 3173 614 3232 Noa
625 3171 722 3232 estin
735 3184 801 3232 mc.
813 3172 878 3231 Per
890 3169 1047 3246 abyssum

252 3266 354 3327 corda
369 3267 554 3327 carnalium
570 3267 675 3342 fluxa,
693 3269 727 3329 et
740 3266 914 3330 tenebrosa
927 3264 1047 3327 intelli·

131 3437 139 3448 ,
253 3365 389 3440 guntur.
405 3365 472 3426 lsta
495 3364 662 3437 nesciunt,
687 3364 744 3425 ubi
760 3379 840 3425 vera
856 3365 900 3424 sit
912 3363 1048 3439 sapien·

253 3461 300 3523 tia
318 3477 326 3521 ε
342 3460 400 3522 sed
422 3461 479 3522 ubi
507 3476 587 3523 vera
606 3477 672 3523 uon
699 3462 755 3531 sit,
776 3463 918 3535 abpsaua
935 3462 1046 3521 dicit:

253 3562 333 3621 Non
347 3561 397 3621 est
413 3562 450 3620 tn
460 3571 527 3620 me.
541 3560 899 3633 amalasuntam-Noa
913 3558 965 3619 est
979 3570 1048 3618 me·

1101 2394 1217 2455 durius
1230 2395 1281 2454 est
1293 2408 1405 2462 carne,
1423 2390 1615 2452 humanitas
1629 2388 1753 2449 Christi
1767 2386 1887 2447 intelli-

1101 2493 1200 2567 gitur,
1215 2506 1288 2568 quae
1302 2505 1402 2566 supra
1417 2502 1548 2549 omnem
1560 2487 1747 2547 creaturam
1762 2488 1820 2555 est,
1832 2485 1881 2543 in·

1103 2590 1151 2650 tra
1165 2590 1354 2650 Creatorem
1369 2589 1479 2649 tamen
1495 2584 1657 2645 subsistit.
1671 2582 1732 2643 Vel
1746 2597 1805 2658 per
1815 2597 1885 2643 cor·

1102 2703 1158 2759 nu,
1182 2686 1268 2765 quod
1290 2687 1326 2746 in
1341 2684 1479 2747 animali
1501 2685 1563 2753 est,
1581 2680 1640 2741 sed
1662 2696 1737 2742 cum
1755 2677 1880 2739 animali

1102 2802 1168 2847 non
1188 2784 1348 2851 nascitur,
1359 2783 1499 2843 virtutes
1510 2778 1755 2854 intelliguntur,
1769 2792 1837 2853 quae
1849 2775 1880 2835 in

1101 2883 1235 2944 homine
1254 2882 1342 2952 sunt,
1359 2895 1420 2940 nec
1431 2880 1541 2939 tamen
1557 2891 1632 2936 cum
1643 2890 1684 2936 eo
1700 2874 1883 2942 nascuntur,

1102 2979 1157 3041 sed
1180 2994 1256 3040 eum
1271 2977 1425 3037 muniunt
1444 2978 1602 3051 tanquam
1617 2986 1742 3033 cornua
1754 2968 1880 3030 animal.

1101 3077 1161 3140 Vel
1187 3077 1285 3138 aliter
1313 3096 1319 3136 :
1347 3074 1526 3136 desaltavit
1551 3085 1662 3132 comta
1686 3071 1797 3144 papati
1819 3068 1877 3128 sut

1102 3177 1222 3245 Cornu,
1239 3179 1272 3236 et
1286 3190 1323 3236 os
1337 3176 1416 3234 sunt
1436 3173 1470 3232 in
1484 3167 1643 3230 animali:
1659 3166 1718 3227 sed
1731 3167 1881 3227 cornuest

1103 3272 1261 3334 tortitudo
1287 3274 1383 3333 extra
1407 3283 1559 3340 carnem3
1580 3280 1619 3324 os
1638 3278 1719 3324 rere
1738 3261 1883 3324 fortitudo

1102 3369 1136 3430 in
1162 3384 1275 3429 carne.
1306 3372 1422 3430 Cornu
1446 3380 1539 3441 ergo,
1555 3360 1643 3421 idest
1666 3358 1884 3421 tortitudinem

1102 3468 1196 3528 extra
1220 3480 1367 3536 caruem,
1388 3464 1474 3525 idest
1495 3457 1748 3528 carnalitatem,
1771 3456 1887 3518 exalat

1103 3563 1273 3635 Dominus,
1292 3579 1358 3623 non
1377 3561 1603 3624 tortitudinem
1625 3562 1777 3622 incarne
1793 3556 1887 3616 :Hac

254 3671 345 3729 azam,
361 3657 439 3733 quia
458 3656 657 3733 perturbate
681 3657 809 3717 mentes
824 3655 1046 3725 secularium,
1103 3662 1249 3724 ostentm
1262 3651 1889 3736 tonituuoasrni,quiinpaneinani·

255 3769 328 3830 quea
357 3768 538 3830 paratura
566 3754 811 3829 exprimuntur,
839 3752 985 3813 clamant
1007 3766 1047 3812 eo
1102 3759 1223 3821 delicet
1242 3759 1279 3818 in
1305 3758 1464 3828 humeris,
1482 3757 1538 3818 ubi
1563 3757 1673 3833 portat
1693 3767 1835 3820 crucem,
1845 3746 1887 3808 ibi

255 3850 341 3927 quod
368 3867 387 3911 a
412 3866 491 3911 vera
526 3851 691 3927 sapientia
725 3849 824 3926 longe
856 3850 933 3921 sint,
961 3847 1047 3926 quod
1103 3856 1221 3918 debilis
1243 3856 1442 3928 estztortis,
1458 3854 1515 3915 ubi
1527 3869 1613 3914 crux
1627 3852 1755 3918 finitur,
1769 3847 1887 3911 scilicet

255 3946 375 4023 quietae
385 3962 451 4007 non
462 3951 549 4009 sunt.
1103 3955 1137 4014 in
1153 3952 1404 4030 posterioribus.
1422 3953 1476 4013 Sic
1490 3951 1625 4029 quidam
1638 3950 1674 4009 in
1684 3961 1786 4009 cruce
1795 3943 1889 4023 paeni·

295 4044 550 4118 Ideocootessto
564 4047 906 4119 eluasurereoetum
922 4045 955 4105 et
971 4044 1047 4104 ter·
1102 4052 1215 4113 entre
1238 4052 1317 4111 sunt
1341 4049 1486 4121 uenires
1507 4049 1544 4109 in
1569 4045 1797 4122 voluptaunos
1815 4054 1889 4102 vero

254 4157 344 4202 ram·
376 4144 415 4203 Et
440 4157 530 4213 vere,
558 4141 635 4219 qnia
661 4143 697 4205 Ut
721 4142 802 4203 dicit
829 4140 890 4204 J0b
919 4138 982 4218 (28,
1011 4141 1049 4200 15
1104 4147 1215 4210 sortes.
1240 4146 1331 4208 Talis
1357 4146 1514 4207 tortitudo
1535 4159 1602 4206 non
1624 4143 1806 4212 exaltatur,
1828 4140 1889 4199 ino

255 4238 296 4299 ad
313 4236 364 4316 17)
383 4241 512 4301 :aNon
539 4239 672 4301 dabitur
688 4255 806 4301 aurum
820 4237 967 4299 obrizum
987 4253 1047 4314 pro
1103 4245 1257 4320 dejicitur
1270 4244 1448 4305 abomino.
1459 4247 1574 4305 Carnu
1584 4243 1696 4302 autem
1709 4234 1889 4300 dicitexal·

255 4350 305 4407 aa,
324 4352 384 4397 nec
394 4337 601 4414 appendetur
618 4339 793 4413 argentum
813 4336 847 4396 in
861 4337 1047 4396 commuta-
1102 4342 1250 4412 tandum,
1267 4355 1334 4401 non
1349 4353 1494 4412 cornua3
1506 4339 1586 4415 quia
1599 4337 1688 4398 sicut
1701 4336 1786 4398 dicit
1799 4332 1887 4395 alibi:

253 4433 346 4494 tione
369 4436 452 4511 ejus.
483 4436 558 4496 Non
585 4435 775 4496 conteretur
800 4433 902 4495 Indiae
935 4432 1047 4493 tinctis
1101 4435 1888 4510 AEaiflcaoz‘tunmrrstumsanotittcimnsaaaa

230 4519 235 4530 “
254 4529 434 4605 coloribus,
450 4547 512 4594 nec
531 4531 763 4608 adaequabitur
785 4530 818 4592 ei
836 4545 967 4596 aarum,
994 4529 1046 4589 vel
1103 4536 1205 4615 (psat,
1221 4538 1272 4606 77,
1285 4533 1352 4613 69).
1375 4534 1456 4595 Illos
1469 4534 1558 4594 enim
1573 4531 1654 4591 tacit
1669 4529 1734 4590 sibi
1747 4526 1891 4595 canaiti-

254 4628 388 4688 vitrum.
416 4645 435 4688 »
462 4632 588 4689 aurum
618 4628 778 4700 cornum,
809 4628 863 4690 rel
887 4626 1046 4702 optimum
1100 4638 1204 4704 aum,
1220 4631 1517 4701 raestsancuocat,
1534 4629 1889 4705 quisuntmuoomes.

254 4726 332 4787 sunt
345 4725 475 4801 angeli,
496 4726 563 4802 qui.
575 4725 704 4800 fulgent
729 4726 882 4786 claritate
891 4723 1044 4802 justitiae,
1102 4745 1183 4807 quos
1203 4730 1332 4790 scilicet
1348 4729 1443 4789 firma
1456 4726 1582 4803 apesin
1597 4739 1701 4784 unum
1716 4721 1799 4783 illud
1812 4717 1892 4780 diri·

254 4824 287 4884 et
311 4822 413 4883 nullis
441 4823 653 4884 maculantur
680 4821 834 4883 sordibus
852 4820 1045 4898 culpaezsed
1099 4828 1158 4903 git,
1170 4826 1222 4887 vet
1233 4826 1331 4902 erigit
1344 4826 1385 4886 de
1400 4841 1464 4902 quo
1480 4823 1624 4884 dicitur:
1646 4824 1759 4882 Uriam
1769 4819 1851 4892 petii
1866 4828 1888 4872 a

254 4920 365 4980 nullus
389 4935 504 4982 eorum
525 4919 622 4982 datus
642 4920 692 4981 est
715 4919 756 4979 ad
772 4918 1044 4995 redemptionem.
1100 4928 1358 4994 periclitatam
1379 4925 1572 4996 requiram,
1588 4921 1628 4980 at
1646 4917 1832 4979 immonem
1853 4913 1888 4971 ea

251 5022 325 5080 Nec
351 5019 547 5094 arpentum,
580 5017 667 5078 idest
694 5017 816 5093 aliquis
842 5031 983 5076 sonorus
1010 5015 1045 5075 in
1100 5025 1199 5082 nomo
1219 5023 1359 5080 potarem·
1382 5021 1538 5081 omatibus
1564 5018 1686 5077 <lienus
1701 5015 1782 5074 vttae
1793 5022 1885 5071 mea.

253 5114 501 5193 praedicatione,
516 5129 575 5191 pro
590 5114 713 5176 Christi
732 5113 990 5175 commutatione
1009 5112 1045 5171 in
1101 5117 1204 5197 (psal,
1219 5119 1270 5188 26,
1287 5115 1332 5195 4).

253 5228 352 5273 cruce
373 5227 539 5289 appensus
565 5213 616 5272 est
638 5232 646 5270 z
665 5211 744 5287 quia
767 5210 906 5287 quilibet
929 5225 1045 5271 eorum

251 5310 362 5398 minus
377 5308 547 5369 suttlciens
558 5310 609 5370 est
621 5308 776 5370 inventus
792 5308 833 5369 ad
848 5306 1045 5383 redemptio-

252 5423 339 5468 nem.
364 5408 434 5467 Nec
455 5404 644 5467 conteretur
662 5405 697 5466 in
712 5405 771 5466 tali
787 5405 1044 5467 commutatione

252 5504 350 5588 hujus
364 5502 476 5564 mundi
492 5502 708 5579 sapientibus,
720 5502 777 5579 qui
796 5501 887 5563 aliud
905 5517 942 5563 se
956 5517 1042 5574 esse,

289 5705 330 5773 tl)
342 5705 389 5762 b'a
406 5707 433 5761 S.
452 5705 566 5775 aanor.
589 5706 635 5761 tib.
661 5706 715 5762 Vll
730 5706 829 5764 Morst.
850 5705 881 5763 ia
897 5705 972 5763 tuac
999 5707 1089 5764 locum
1102 5707 1165 5765 lob.
