3950 6200
116 318 162 378 na
508 273 521 287 ”
720 311 950 374 sersronn.
972 313 1131 373 omri
1693 314 1752 375 174

115 467 447 547 gmto,‹1nogenerale
459 469 706 546 passaginmest
717 467 890 542 indictum,
946 471 1053 542 soant,
1067 469 1250 532 eficaciter
1261 484 1410 543 moneas,
1426 470 1459 533 et
1473 471 1502 531 sl
1514 486 1652 532 necesse
1668 469 1744 533 tue·

123 568 230 637 valeas,
243 569 309 627 Deo
321 566 420 638 duce,
436 565 578 629 feliciter
588 567 816 638 transfretare,
837 582 894 627 re-
946 566 993 627 rit
1006 582 1066 642 per
1087 583 1262 628 censuram
1283 567 1557 639 ecclesiasticam,
1583 567 1650 628 nisi
1665 582 1749 644 qnos

122 665 255 739 capturus
275 678 319 723 ex
347 662 414 724 hoc
445 664 587 739 gratiam
618 666 654 724 in
680 663 836 740 praesenti
861 663 894 723 et
947 663 1085 724 evidens
1099 665 1283 725 necessitas
1301 665 1523 736 excusaverit,
1541 664 1670 725 sublato
1684 680 1748 741 ap-

120 760 241 836 gloriam
266 760 303 819 in
332 760 457 821 tuturo.
482 761 612 822 Dictum
636 762 746 822 autem
767 760 895 834 magis-
948 760 1140 835 pellatienis
1155 761 1401 836 impedimento,
1416 762 1607 838 compellas.
1625 763 1746 823 Datum

120 859 203 928 rum,
219 857 293 926 etc,
313 858 474 930 usquein
493 857 604 929 tinem,
627 857 738 919 verbis
761 872 896 934 compe·
949 858 1118 928 Laterani,
1132 860 1177 918 ΙΙΙ
1190 858 1265 917 idus
1277 859 1437 934 januarii,
1454 873 1543 919 anno
1554 858 1743 924 undecimo.

119 954 212 1014 “⁰¹⁶³
227 953 375 1060 ΜΨ·
990 993 1033 1050 In
1054 993 1213 1051 carmem
1226 993 1366 1050 tondum
1386 990 1638 1068 archiepiscopo
1661 991 1750 1052 Stri-

148 1096 186 1154 ln
212 1098 372 1158 cumdem
404 1097 542 1156 modum
583 1094 773 1172 lantgravio
803 1093 896 1156 Thu·
949 1085 1114 1161 goniensi,
1144 1087 1299 1162 episcopo
1329 1087 1505 1148 Geuricnsi
1532 1088 1565 1149 et
1590 1088 1746 1168 episcopo

115 1189 230 1267 ringiaa
950 1182 1205 1256 Hildesemensi,
1223 1185 1298 1255 etc,
1316 1184 1378 1245 etc.

189 1537 241 1597 Ad
252 1538 553 1609 arcldepiocopum
566 1537 792 1597 caecantem.
1069 1545 1122 1605 Ad
1137 1546 1336 1618 episcopum
1355 1546 1621 1608 Wtotooeneem.

366 1667 398 1724 ii
410 1665 533 1738 januarii
549 1665 628 1723 1227.
1217 1675 1249 1731 lt
1260 1674 1384 1747 januarii
1397 1676 1478 1733 1227.

231 1788 366 1852 ffheincr,
377 1789 444 1841 ilion.
459 1789 552 1852 liung„
569 1788 589 1846 1,
602 1787 642 1846 to,
654 1801 679 1836 n.
692 1786 758 1852 tte]
1168 1796 1300 1862 [Wilkins,
1315 1798 1531 1864 Conco.,1,soe.]

113 1911 322 1986 mhepompo
335 1905 494 1980 colocensi,
507 1918 538 1968 ut
552 1910 668 1970 verbum
683 1910 777 1968 crucis
790 1910 818 1966 in
834 1923 897 1982 pro
1003 1909 1083 1969 idem
1091 1920 1295 1985 argumentum
1306 1912 1381 1985 quod
1390 1914 1544 1986 superioris
1556 1915 1693 1987 epistola

138 2003 221 2058 vincia
246 2016 302 2058 sua
327 1998 484 2073 predicere
511 1997 597 2056 faciet
625 2013 659 2055 ec
676 1998 897 2069 crucesignatos

138 2104 227 2146 mense
240 2095 370 2161 augusto
382 2085 607 2145 transfretum
620 2085 724 2143 torcat.
991 2046 1159 2108 Honorius
1167 2047 1352 2125 episcopus,
1366 2065 1482 2110 servus
1493 2065 1664 2111 servornm
1675 2052 1745 2122 Dei,

126 2189 137 2204 ,
950 2143 1134 2205 venerabili
1150 2145 1750 2224 iratriepiscopowintonensisalu·

144 2224 308 2284 Honorius
324 2222 512 2299 episeopus,
536 2220 612 2289 etc,
628 2219 812 2281 venerabili
828 2219 897 2279 rra-
949 2240 1016 2300 tem
1032 2241 1588 2317 ctapostolicamoenenrcoonem.

112 2317 647 2395 m...arcniepiscop0colocensi,
664 2317 817 2387 salutem,
832 2318 894 2377 etc·
991 2338 1190 2399 Benedictus
1214 2340 1312 2410 oeus,
1340 2340 1380 2399 ot
1412 2343 1449 2400 ot
1474 2341 1593 2400 littera
1613 2355 1748 2415 praece-

141 2417 337 2478 Beoedictus
352 2418 453 2485 Deus,
479 2415 536 2492 qui
559 2430 603 2474 ex
625 2413 689 2484 his,
708 2429 782 2490 qnae
807 2411 895 2473 mala
950 2434 1214 2506 deun-usquein
1231 2434 1340 2494 finem

112 2512 256 2585 sidentur,
278 2512 472 2589 frequenter
486 2512 573 2573 bona
588 2509 746 2585 dignatur
760 2510 894 2580 elicere,
991 2531 1110 2592 Datum
1123 2531 1290 2602 Laterani,
1308 2531 1382 2590 idus
1393 2531 1554 2607 januarii,
1567 2532 1747 2609 pontiflca,

112 2612 211 2686 etquae
232 2610 399 2672 timentur
420 2608 539 2670 cedere
553 2607 595 2668 ad
618 2607 837 2683 dispendium,
854 2606 895 2666 ad
950 2627 1004 2688 ms
1018 2627 1125 2688 nostri
1140 2643 1227 2689 anno
1241 2627 1427 2688 undecimo·

112 2707 331 2783 compendium
353 2720 524 2767 revocare.
559 2707 640 2768 Cum
666 2704 770 2780 igitur
796 2719 897 2779 snper

112 2802 270 2875 discordia,
304 2818 381 2880 quae
418 2803 509 2862 inter
545 2801 755 2863 carissimum
791 2800 896 2860 lilium
1284 2841 1414 2929 XLIII

112 2903 243 2962 nostrum
255 2903 293 2961 F.
310 2902 538 2960 Romanorum
551 2898 785 2974 imperatorem
799 2897 898 2957 illus-

112 2996 180 3057 trem
194 3013 328 3074 semper
347 2998 524 3071 augustum
537 2996 570 3056 et
583 3010 696 3071 regem
712 2994 848 3066 Siciliae,
864 2995 898 3054 et
950 2992 1003 3051 Ad
1012 2993 1305 3066 archiepiscopum
1316 2994 1583 3054 Bremeusemet
1593 2992 1747 3054 abietem

112 3094 299 3157 lombardos
316 3095 436 3155 exorta
451 3092 569 3164 suerat,
585 3109 644 3169 per
656 3091 801 3154 studium
817 3108 898 3152 nos·
1244 3090 1458 3151 stadensem.

112 3191 195 3263 rum,
208 3196 325 3254 actore
338 3191 431 3268 pacis
445 3192 512 3252 Deo
528 3190 739 3266 cooperante,
757 3187 897 3249 salubri·
1212 3220 1245 3278 ‚3
1257 3219 1380 3292 januarii
1404 3221 1482 3277 1227·

112 3290 154 3348 ter
179 3290 220 3351 sit
249 3289 437 3367 provisum,
465 3289 499 3349 et
523 3286 612 3348 idem
639 3286 822 3362 imperator
854 3284 896 3346 ad

112 3386 381 3450 tmnstretaneum
397 3386 432 3445 in
447 3385 585 3447 instanti
600 3385 741 3459 augusto
761 3383 895 3458 magni-

113 3481 282 3561 iterarent
298 3481 509 3561 imperialem
531 3481 627 3545 decet
650 3480 894 3550 excellentiam,
951 3468 1000 3525 Eis
1013 3467 1139 3526 notitlcat
1149 3484 1180 3525 se
1196 3467 1369 3526 Friderlcum
1386 3470 1580 3525 Romanorum
1591 3468 1745 3538 imperoto-

112 3595 142 3641 ω
159 3584 310 3658 ,effingat
337 3579 582 3641 multitudinem
607 3578 742 3639 navium
764 3579 797 3639 et
815 3577 894 3649 alja,
989 3570 1049 3613 rem
1064 3564 1092 3613 et
1107 3570 1206 3629 regem
1219 3556 1322 3613 Sicilie
1336 3563 1364 3612 et
1379 3556 1441 3629 ejus
1456 3555 1504 3613 illii
1518 3570 1669 3627 personam
1682 3570 1749 3612 cum

113 3679 277 3752 mmm
288 3626 427 3753 nggotio
442 3676 641 3750 congruunt,
654 3673 896 3735 studiosissime
986 3644 1118 3742 imperio,
1140 3659 1242 3743 regno,
1262 3643 1373 3742 juribus
1394 3651 1422 3700 et
1438 3642 1595 3742 tenoribus
1613 3645 1674 3700 suis
1695 3643 1748 3701 sub

113 3775 333 3851 properando,
359 3774 446 3835 sicut
460 3788 500 3834 eo
523 3771 620 3833 nobis
647 3787 707 3848 per
730 3771 897 3831 solemnes
985 3730 1063 3789 Μ’
1078 3734 1538 3804 Ρωῃμθωθυοῃθωυωψθῑθ·

113 3873 232 3933 nendos
255 3876 289 3934 et
312 3871 442 3933 litteras
463 3868 640 3931 intimante
661 3868 812 3930 laetantes
830 3883 896 3929 au·
992 3865 1354 3942 Honorinsepiscopus,
1367 3881 1665 3927 serrusservorum
1674 3866 1746 3938 Dei,

114 3966 250 4041 divimus,
262 3971 298 4031 et
313 3969 388 4047 ipsa
402 3967 453 4029 rei
474 3967 654 4047 evidentia,
669 3967 768 4043 prout
786 3964 896 4029 abhis
951 3963 1137 4025 venerabili
1150 3963 1243 4025 tratri
1260 3962 1511 4040 archiepiscopo
1526 3964 1699 4025 Bremensi
1716 3964 1751 4025 et

114 4064 159 4140 qni
175 4066 342 4137 viderunt,
359 4064 532 4136 asseritur,
553 4064 678 4126 clarius
694 4062 895 4124 manifestat.
951 4061 1073 4123 dilecto
1098 4060 1167 4123 filio
1197 4058 1310 4122 animi
1344 4059 1509 4132 stadensi,
1540 4059 1681 4121 salutern
1715 4063 1750 4123 et

116 4161 288 4238 Sperantea
313 4162 402 4240 quod
424 4164 512 4223 Deus
538 4174 722 4235 exsurgens
743 4159 897 4237 judicare
951 4158 1175 4234 apostolicam
1189 4156 1466 4219 benedictionem.

116 4254 415 4335 disposuitcansam
434 4274 540 4330 suam,
556 4260 591 4320 et
610 4257 796 4319 Jerusalem
812 4256 898 4317 sicut
993 4256 1131 4316 Sincera
1167 4254 1298 4315 devotio
1339 4269 1436 4330 quam
1479 4252 1673 4315 carissimus
1712 4255 1749 4315 in

116 4352 214 4418 diebus
253 4356 409 4435 pristinis
452 4355 653 4426 instaurare,
690 4354 894 4425 mandatum,
951 4353 1083 4415 Christo
1110 4351 1199 4413 tilius
1229 4351 1344 4412 noster
1375 4349 1577 4422 Fridericus,
1605 4349 1748 4413 illustris

117 4452 239 4526 qnoddo
262 4452 477 4531 praedicanda
506 4466 605 4513 cruce
629 4451 753 4511 dudum
776 4450 896 4513 aSede
951 4452 1176 4512 Romanorum
1203 4447 1395 4523 imperator,
1431 4461 1564 4522 semper
1588 4448 1749 4533 augustus

117 4551 287 4623 apostolica
300 4549 472 4627 accepisti,
486 4549 643 4610 duximus
655 4547 894 4619 innovandum,
951 4548 1059 4608 elren
1081 4545 1215 4615 Siciliae,
1238 4543 1279 4605 ad
1299 4546 1402 4604 Deum
1429 4543 1462 4604 et
1484 4544 1665 4605 Ecclesiam
1682 4545 1747 4607 lra-

118 4641 341 4710 iraternitatem
356 4648 448 4710 tuam
469 4646 688 4707 sollicitantes
702 4644 736 4705 et
757 4645 897 4706 hortan-
950 4642 1030 4704 bere
1049 4641 1266 4718 dignoscitur,
1295 4655 1356 4701 nos
1381 4640 1520 4713 inducit,
1548 4642 1585 4703 ut
1605 4641 1647 4703 ad
1673 4645 1746 4719 ejus

118 4740 159 4802 tes
178 4746 309 4817 attente,
340 4760 379 4806 ac
405 4759 466 4820 per
488 4743 679 4820 Apostolica
694 4740 756 4803 tihi
771 4742 895 4817 scripta
950 4740 1225 4817 tranquillitatem
1242 4738 1274 4799 et
1288 4754 1404 4814 pacem
1426 4738 1579 4814 diligenti
1593 4740 1702 4800 studio
1710 4740 1748 4802 et

118 4840 307 4912 mandantes,
317 4843 481 4918 qnatenus
492 4841 649 4915 iniunctae
661 4838 722 4900 tibi
733 4838 897 4914 praedica·
951 4837 1099 4898 studiosa
1113 4836 1288 4911 diligentia
1304 4835 1527 4896 intendamus.
1552 4837 1632 4895 Cum
1645 4836 1753 4910 igitur

118 4933 361 4999 tionisoiflcium
384 4953 545 4999 exerceas
572 4936 732 5003 studiose,
755 4950 894 5010 magnos
950 4933 1037 4995 idem
1064 4933 1135 4994 selo
1160 4932 1237 4993 ildei
1256 4948 1297 4993 ac
1322 4931 1509 4994 devotionis
1524 4947 1683 4993 accensus
1705 4932 1747 4993 ad

121 5034 271 5109 etparuos
295 5034 476 5096 seeundum
492 5033 602 5096 datam
616 5032 712 5093 tibia
734 5034 897 5108 Deoprn·
930 5030 1182 5103 ‚liberationem
1204 5032 1304 5089 terrae
1330 5029 1364 5089 in
1387 5044 1452 5105 qua
1480 5030 1553 5090 Rex
1575 5043 1691 5102 regum
1714 5031 1748 5094 et

120 5126 248 5192 tendam
262 5132 386 5192 sedulis
397 5128 895 5201 exhortationibusinducendO,
937 5116 1111 5189 ⁴Dominus
1132 5126 1374 5187 dominantium
1395 5128 1493 5187 iesus
1519 5124 1669 5186 Christus
1687 5142 1748 5201 ge-

121 5225 150 5285 nt
160 5226 190 5287 in
202 5228 338 5290 instanti
352 5229 506 5304 augusto,
524 5242 589 5303 quo
604 5225 762 5301 generale
778 5241 897 5302 passa·
950 5223 1042 5284 neris
1057 5223 1195 5285 hnmani
1208 5223 1350 5284 salutem
1369 5221 1524 5295 dignatus
1546 5222 1597 5282 est
1615 5222 1749 5284 miseri·

1059 3342 1340 3407 [nuiliaco-Breucos,
1357 3343 1422 3393 Hist.
1435 3342 1509 3407 dipl,
1522 3342 1640 3407 ,11,7tlt.]

122 5320 196 5394 mom
208 5327 258 5386 est
280 5325 451 5396 indictum,
472 5323 665 5399 impendant
688 5338 784 5383 suum
800 5321 896 5384 dictae
951 5320 1096 5382 corditer
1105 5319 1250 5396 operari,
1265 5320 1426 5394 potenter,
1441 5317 1527 5377 sicut
1539 5317 1747 5393 imperialem

120 5417 217 5482 letrae
240 5424 368 5485 Sanctae
396 5420 579 5483 subsidium
599 5419 705 5481 modis
730 5419 894 5491 omnihus,
950 5413 1749 5491 decetmagniflcentiam,seaccingat,nosuttam

123 5515 224 5588 pibus
250 5520 396 5596 possunt.
425 5518 680 5592 crucesignatos
711 5519 833 5588 autem,
860 5519 898 5579 ut
950 5514 1042 5591 pium
1061 5514 1093 5575 et
1107 5512 1242 5577 salubre
1263 5510 1467 5587 propositum
1494 5511 1615 5573 melius
1640 5514 1749 5579 valeat

125 5614 280 5677 emisione
297 5614 446 5678 cessante
470 5614 593 5691 inipso
619 5612 775 5691 passagio
799 5615 895 5676 tran·
950 5611 1144 5693 adimplere,
1156 5625 1250 5672 suam
1259 5609 1291 5670 et
1301 5607 1362 5668 tilii
1371 5608 1423 5670 sui
1432 5623 1596 5685 personas
1607 5626 1682 5671 cnm
1691 5611 1749 5674 im·
