3950 6200
105 242 167 323 aaa
486 261 593 326 anas
622 262 767 327 eamn.
782 293 823 310 -
842 263 1062 329 sxrosrno
1091 265 1137 327 nv
1166 267 1369 328 assinos
1688 267 1749 328 ool

100 420 252 498 Babylon
277 425 329 484 est
351 423 493 485 mundus
517 425 600 500 iste;
624 424 680 486 ubi
704 427 756 487 est
777 440 897 502 magna
954 425 1073 501 rupisti
1099 426 1233 488 vincula
1252 442 1338 499 mea,
1357 427 1389 488 et
1411 425 1526 489 dixisti
1550 448 1558 487 ε
1580 428 1657 489 Nou
1676 444 1749 490 ser-

102 522 318 596 peccatorum
342 520 504 583 confusio.
532 525 638 599 Hujus
666 523 827 598 magister
849 526 900 584 est
953 524 1054 586 viam.
1082 540 1101 583 a
1129 527 1195 585 Per
1222 527 1341 602 jugum
1370 524 1558 599 ligurantur
1583 528 1749 602 praecepta

103 614 175 692 ipse
192 617 356 692 Christus,
368 619 423 696 qui
435 634 495 695 per
509 619 719 696 disciplinam
734 635 802 680 suae
818 636 901 696 prae·
954 621 1098 692 Domini,
1116 637 1189 700 quaa
1202 622 1298 700 quasi
1306 625 1423 698 jugum
1438 622 1657 684 acervicibus
1671 639 1752 684 nos-

102 712 284 775 dicatiouis
301 716 390 776 viam
405 731 474 776 suae
485 717 637 793 justitiae,
654 718 687 779 at
701 717 899 778 misericor·
954 719 1016 780 tris
1028 719 1226 791 excutimus,
1238 719 1315 780 dum
1329 735 1368 780 ea
1380 719 1547 796 implendo
1560 735 1627 782 non
1640 720 1751 782 obser·

102 809 169 871 diae
200 806 262 872 nos
297 811 402 874 docet.
442 814 622 875 zorobabel
661 815 901 891 interpretatur
954 831 1083 886 vamus,
1097 816 1192 877 etsie
1214 816 1367 877 nolumus
1386 816 1418 877 ei
1440 818 1697 878 servirezunde
1712 818 1748 879 iu

103 908 218 969 fluxus
242 910 425 986 expositus.
448 911 510 972 Hic
536 913 586 973 θεῖ
610 912 773 986 Christus,
789 912 900 972 fluxus
954 911 1016 975 iob
1041 911 1106 992 (21,
1131 914 1168 974 14
1187 917 1220 974 et
1244 911 1295 992 15)
1318 930 1360 973 :c
1380 913 1443 985 Qui
1469 914 1628 976 dixerunt
1654 919 1748 977 Deo:

104 1007 279 1083 expositus
303 1008 432 1069 cunctis
460 1008 612 1070 fidelihus
633 1011 749 1071 contra
773 1009 900 1069 fluxum
955 1010 1120 1072 Recedea
1139 1009 1247 1083 nobis,
1267 1010 1442 1071 scientiam
1465 1011 1596 1072 viarum
1617 1015 1750 1073 tuarum

104 1103 262 1175 luxuriae,
284 1106 318 1166 et
338 1106 501 1181 avaritiae,
522 1105 638 1167 dicens
660 1107 696 1167 in
719 1106 900 1182 Evangelio
956 1107 1122 1168 nolumus.
1139 1108 1218 1179 Quis
1242 1109 1293 1168 θεῖ
1315 1108 1541 1184 Omnipotens,
1558 1110 1595 1170 ut
1614 1110 1750 1171 servia-

105 1198 231 1279 (Joan.,
246 1205 279 1273 7,
294 1200 348 1281 37)
362 1224 370 1263 ε
384 1220 403 1263 c
418 1203 453 1265 Si
470 1203 543 1281 quis
558 1204 640 1278 sitit,
651 1205 764 1265 veniat
778 1204 819 1264 ad
835 1219 898 1275 me,

105 1300 138 1360 et
155 1297 259 1360 bibat.
276 1300 338 1361 Hic
351 1303 402 1362 est
417 1300 506 1361 lilius
528 1300 701 1375 salathiel,
718 1302 775 1379 qui
789 1302 899 1362 inter-

104 1397 258 1472 pretatur
276 1396 392 1474 petitio
409 1399 552 1460 Domini.
569 1399 631 1460 Hic
644 1400 694 1460 θεῖ
705 1398 795 1460 illius
809 1398 899 1475 peti-

104 1493 220 1567 tionis,
236 1495 366 1557 scilicet
388 1495 554 1573 sapientia
569 1496 721 1570 Domini3
739 1495 826 1557 unde
847 1498 901 1558 Ja-

106 1591 210 1653 cobus
227 1591 272 1671 (1,
292 1592 326 1673 5)
349 1610 391 1653 :c
412 1594 447 1655 Si
473 1594 548 1671 quis
572 1593 700 1670 indiget
722 1592 897 1669 sapientia,

106 1688 253 1766 postulet
266 1704 286 1750 a
301 1692 380 1761 Deo,
397 1690 454 1768 qui
469 1689 526 1752 dat
539 1689 691 1752 omuibus
712 1689 898 1762 affluenter,

105 1787 139 1848 el
151 1802 220 1847 non
237 1785 451 1864 improperat,
466 1789 500 1850 et
519 1787 652 1849 dabitur
673 1787 703 1849 ei
719 1805 756 1863 »q
780 1786 899 1864 quibus

105 1883 253 1946 ostendit
267 1882 477 1960 sapientiam,
490 1900 550 1963 per
564 1901 662 1963 quam
682 1884 784 1946 invia
800 1884 900 1961 hujus

105 1981 223 2044 saculi
237 1983 288 2043 est
299 1983 550 2044 transeundum.
566 1983 737 2061 Sequitur:
749 1984 899 2044 «Ponam

104 2081 138 2141 te
152 2078 251 2156 quasi
266 2078 476 2155 signaculum
491 2098 527 2154 »3
545 2079 633 2142 uude
647 2080 728 2142 dicit
740 2080 901 2158 Hierony·

104 2192 179 2236 mus
195 2173 253 2255 (1)
272 2193 315 2235 :c
339 2177 496 2253 Quisquis
519 2179 555 2237 in
582 2180 685 2238 Deum
708 2175 898 2247 crediderit,

105 2273 169 2335 lice
181 2273 279 2350 quasi
293 2274 394 2335 anulo
407 2274 661 2350 consignetur»,
675 2272 830 2335 videlicet
841 2289 901 2349 per

104 2368 192 2431 bona
206 2384 320 2447 opera.
336 2370 400 2431 Ubi
414 2370 503 2431 enim
526 2372 612 2431 Deus
637 2370 785 2431 inveniet
806 2385 899 2430 suam

105 2467 287 2543 imaginem
300 2483 359 2543 per
371 2467 457 2530 bona
470 2483 582 2544 opera,
597 2465 643 2527 ibi
656 2467 720 2528 erit
730 2468 900 2543 respectus

106 2579 177 2625 suae
206 2563 446 2625 misericordiae
475 2585 483 2624 ε
513 2563 571 2624 uhi
596 2566 707 2624 autem
735 2562 901 2623 invenerit

106 2661 288 2738 imaginem
313 2660 440 2734 bestiae,
464 2661 620 2737 punietur
645 2675 705 2737 per
729 2661 899 2735 aspectum

107 2763 180 2838 ejus
194 2758 392 2822 terribilem.

146 2860 338 2932 Respicere
352 2858 488 2931 femena.
505 2858 575 2917 Hoc
589 2858 649 2928 est,
664 2855 750 2933 quod
763 2854 844 2917 alibi
854 2855 901 2916 di-

106 2955 194 3017 citur
209 2952 313 3033 (Psal.
330 2955 400 3024 144,
416 2953 449 3031 9)
468 2976 475 3014 :
491 2955 823 3026 miserationesque
840 2969 902 3015 sn-

101 3068 170 3129 per
182 3055 300 3116 omnia
319 3065 425 3126 opera
440 3054 526 3125 ejus.
544 3050 606 3113 Ubi
621 3051 709 3113 enim
723 3051 795 3128 ipse
810 3050 898 3112 ima-

107 3152 219 3228 ginem
232 3166 327 3212 suam
340 3140 498 3219 inveniet,
511 3148 597 3211 idest
610 3148 799 3210 imitatores
808 3165 897 3219 suos,

106 3249 152 3310 ihi
166 3247 268 3310 faciet
281 3246 515 3309 miserationes
532 3267 540 3306 :
557 3245 615 3307 sed
631 3245 760 3314 inillis,
780 3245 815 3307 in
831 3247 900 3323 qui·

106 3346 167 3409 lus
180 3361 247 3407 non
258 3344 387 3407 invenit
396 3344 574 3420 imaginem
585 3359 691 3414 suam,
704 3342 761 3403 sed
770 3342 898 3418 bestiae,

107 3446 242 3507 exercet
256 3442 456 3516 vindictam
472 3442 559 3502 unde
574 3441 608 3501 in
623 3441 824 3519 Apocalypsi
833 3440 897 3520 (14,

106 3543 174 3605 Det
197 3542 249 3620 10)
265 3564 273 3601 :
287 3558 306 3601 s
322 3541 358 3602 Si
380 3539 454 3618 quis
478 3539 670 3601 adoraverit
692 3538 844 3613 bestiam,
867 3539 900 3600 et

107 3639 287 3716 imaginem
306 3641 391 3715 ejus,
411 3638 445 3699 et
465 3637 692 3698 characterem
716 3635 751 3697 in
777 3636 896 3709 fronte,

106 3736 213 3798 autin
228 3751 329 3796 manu
344 3734 499 3796 habuerit
512 3732 560 3814 (2)
576 3756 583 3793 :
598 3733 653 3795 hic
664 3733 753 3795 bibet
765 3733 806 3794 de
820 3734 898 3795 vino

106 3835 166 3895 irae
178 3834 249 3895 Dei.
260 3849 278 3891 a
289 3832 342 3893 Illi
357 3831 481 3893 habent
495 3831 675 3906 imaginem
690 3830 825 3902 diaboli,
842 3832 898 3908 qui

107 3930 293 3992 conformes
308 3931 380 4006 ejus
396 3930 472 3990 sunt
489 3929 523 3989 in
539 3929 667 3990 malitia
682 3949 689 3987 :
706 3929 738 3988 et
754 3928 897 3989 charac-

107 4030 222 4100 terem,
251 4026 338 4088 idest
367 4027 475 4103 ipsum
507 4025 644 4087 verbum
682 4025 898 4101 blasphemiae

106 4129 220 4203 aperte
231 4124 427 4186 confitentes
439 4145 446 4183 ε
458 4123 560 4184 autin
577 4123 785 4197 manu,idest
796 4140 899 4201 prava

107 4238 207 4300 opera
223 4221 383 4283 iacientes
400 4242 407 4281 :
423 4221 459 4281 hi
474 4220 589 4282 bibent
609 4220 742 4281 devino
757 4221 817 4283 iras
832 4224 900 4282 Do-

107 4321 198 4389 mini,
215 4319 302 4382 idest
315 4320 475 4381 aeternam
488 4334 618 4396 poenam
635 4318 791 4381 sentient.
802 4324 898 4380 Pro·

107 4418 215 4481 tector
239 4419 360 4480 noster
381 4419 507 4490 aspice,
527 4417 563 4477 et
580 4419 724 4489 respice.
745 4419 815 4477 Hoc
836 4418 897 4489 est,

955 1219 1029 1264 mus
1044 1204 1097 1265 eil
1111 1208 1143 1265 et
1158 1204 1237 1281 quid
1257 1204 1351 1265 nobis
1375 1205 1520 1286 prodest,
1538 1207 1567 1267 si
1584 1206 1751 1269 adorave-

955 1302 1060 1362 rimus
1078 1299 1126 1380 (3)
1142 1305 1241 1363 eumf
1260 1319 1278 1362 a
1298 1303 1438 1378 Respice
1463 1302 1498 1363 in
1517 1318 1632 1366 servos
1660 1306 1748 1365 tuos.

956 1401 1079 1460 Servus
1103 1398 1200 1461 datus
1222 1398 1264 1459 ad
1290 1414 1428 1476 operam
1451 1399 1578 1461 domini
1605 1401 1658 1461 sui
1680 1416 1748 1461 non

954 1496 1064 1572 potest
1086 1511 1122 1557 se
1143 1498 1276 1558 vertere
1300 1496 1340 1556 ad
1368 1512 1451 1573 opus
1480 1497 1651 1573 proprium
1674 1518 1681 1556 :
1701 1498 1751 1558 sic

954 1609 1029 1668 nos,
1041 1593 1097 1670 qui
1110 1609 1225 1654 sumus
1235 1592 1336 1655 dediti
1348 1594 1389 1654 ad
1405 1609 1508 1671 opera
1522 1593 1655 1655 Domini
1670 1609 1751 1655 nos·

953 1691 1014 1762 tri,
1045 1705 1111 1751 nou
1139 1689 1297 1752 debemus
1328 1706 1390 1752 nos
1418 1692 1549 1753 vertere
1576 1691 1617 1752 ad
1648 1707 1751 1768 opera

954 1787 1177 1849 membrorum
1197 1789 1399 1860 nostrorum,
1421 1805 1496 1850 cum
1521 1788 1589 1850 sint
1612 1789 1749 1866 propria

955 1884 1078 1957 carnis,
1104 1901 1170 1946 non
1195 1885 1350 1960 Domini;
1371 1886 1459 1947 uude
1477 1886 1513 1946 in
1536 1888 1625 1946 Luca
1647 1884 1749 1965 (17,7

954 1984 997 2045 ad
1012 1981 1065 2062 10)
1081 2003 1088 2043 :
1104 1999 1124 2042 s
1139 1981 1219 2055 Quis
1233 1984 1345 2044 autem
1360 1984 1506 2044 vestrum
1526 1982 1654 2044 habens
1676 1997 1750 2043 ser-

954 2097 1032 2142 vum
1048 2081 1210 2152 arantem,
1228 2080 1285 2141 aut
1300 2081 1502 2157 pascentem,
1523 2080 1579 2157 qui
1594 2095 1749 2155 regresso

955 2178 996 2240 de
1006 2193 1087 2254 agro
1098 2177 1187 2238 dicat
1196 2177 1396 2238 illi:statim
1406 2176 1747 2248 transi,etrecumhe:

954 2277 989 2338 et
1002 2291 1068 2337 non
1079 2275 1167 2336 dicat
1182 2273 1214 2335 ei
1229 2295 1236 2334 ε
1251 2276 1350 2346 Para,
1362 2273 1448 2351 quod
1464 2289 1602 2347 coenem,
1619 2277 1652 2336 et
1666 2290 1750 2350 prae·

954 2373 1051 2448 cinge
1061 2373 1104 2442 te,
1115 2373 1148 2433 et
1157 2370 1310 2432 ministra
1319 2371 1413 2443 mihi,
1425 2370 1530 2432 donec
1539 2371 1746 2444 manducem,

955 2471 987 2531 et
999 2469 1121 2542 bibam,
1137 2470 1171 2530 et
1185 2470 1259 2545 post
1270 2468 1342 2530 haec
1353 2469 1389 2529 tu
1404 2468 1633 2543 manducabis,
1649 2471 1682 2531 et
1696 2469 1750 2529 bi-

954 2567 1033 2629 besi
1059 2565 1226 2644 Numquid
1255 2566 1398 2641 gratiam
1426 2566 1527 2628 habet
1554 2582 1651 2627 servo
1677 2566 1746 2638 illi,

954 2665 1034 2742 quia
1064 2664 1153 2735 fecit,
1179 2662 1266 2742 quod
1293 2660 1340 2742 (l)
1370 2663 1609 2739 imperaveratl
1630 2682 1649 2724 a
1672 2665 1748 2725 Non

955 2763 1052 2839 put03
1074 2760 1170 2838 quasi
1193 2760 1283 2821 dicat
1306 2781 1314 2819 ε
1335 2760 1411 2821 Non
1437 2760 1568 2831 mirum,
1591 2760 1621 2820 si
1646 2759 1748 2822 faciat

954 2875 1072 2920 servus
1091 2857 1177 2936 quod
1204 2856 1312 2930 debet,
1333 2859 1429 2934 cujus
1453 2861 1504 2919 est
1523 2856 1689 2931 laborare,
1715 2865 1749 2919 et

955 2956 1090 3019 assidue
1114 2955 1252 3017 servire.
1275 2954 1401 3016 Deinde
1425 2956 1598 3032 sequitur:
1613 2972 1633 3037 c
1649 2956 1704 3016 Sic
1717 2958 1750 3018 et

955 3069 1026 3130 vos,
1048 3069 1123 3116 cum
1151 3053 1264 3115 omnia
1291 3051 1449 3124 feceritis,
1480 3068 1553 3130 quae
1583 3056 1749 3131 praecepta

954 3156 1032 3215 sunt
1059 3151 1165 3222 vohis,
1193 3150 1316 3211 dicite:
1334 3149 1430 3210 Servi
1457 3150 1594 3210 inutiles
1620 3166 1746 3222 samue,

954 3250 1054 3326 empti
1074 3248 1181 3324 pretio
1197 3269 1205 3307 ι
1220 3246 1307 3324 quod
1322 3245 1497 3307 debuimus
1524 3245 1645 3317 facere,
1661 3245 1747 3308 feci-

954 3362 1040 3407 mus.
1056 3346 1131 3405 Nou
1146 3344 1235 3405 enim
1252 3342 1411 3404 debemus
1425 3343 1564 3417 gloriari
1580 3343 1620 3403 de
1631 3344 1747 3420 operi-

953 3443 1015 3504 bus
1043 3441 1179 3515 nestris,
1204 3440 1261 3501 sed
1285 3439 1372 3502 sicut
1395 3439 1483 3501 oculi
1509 3455 1681 3501 servorum
1712 3442 1747 3503 in

954 3540 1107 3601 manibus
1123 3537 1331 3599 dominorum
1348 3552 1496 3608 suorum,
1508 3537 1555 3598 ita
1571 3537 1659 3598 oculi
1675 3554 1750 3599 nos-

953 3637 1053 3711 triad
1067 3636 1243 3698 Dominum
1265 3638 1368 3696 Deum
1384 3636 1546 3705 nostrum,
1559 3634 1664 3695 donec
1678 3636 1747 3695 mi-

953 3736 1107 3797 sereatur
1132 3732 1250 3794 nostri.
1272 3734 1309 3792 ln
1325 3747 1425 3792 manu
1441 3731 1565 3793 domini
1589 3734 1667 3797 sunt
1681 3732 1748 3794 fla-

953 3831 1053 3908 gella,
1067 3828 1301 3907 propterquod
1318 3828 1407 3889 oculi
1422 3828 1511 3889 servi
1524 3832 1601 3890 sunt
1620 3829 1654 3888 in
1673 3846 1749 3890 ma-

953 3928 1053 3990 nibus
1067 3931 1162 4006 eius:
1179 3926 1228 3987 sic
1243 3927 1277 3987 et
1287 3926 1323 3986 in
1338 3941 1438 3986 manu
1453 3926 1585 3987 Domini
1600 3926 1659 3987 Dei
1675 3943 1750 3988 nos·

949 4027 997 4089 tri
1025 4027 1077 4087 est
1103 4023 1251 4086 vindicta
1288 4023 1490 4099 flagellans;
1517 4023 1594 4099 quia
1630 4040 1749 4085 servus

953 4123 1107 4200 expectat
1132 4121 1313 4184 vindictam
1335 4119 1560 4195 flagellantem
1587 4120 1622 4181 in
1646 4136 1749 4181 manu

954 4220 1086 4283 Domini
1109 4218 1174 4286 sui,
1192 4219 1225 4279 et
1246 4217 1512 4278 misericordiam
1532 4216 1640 4292 ipsum
1663 4217 1750 4277 libe-

953 4320 1095 4385 rantem,
1108 4316 1144 4377 ut
1153 4315 1257 4376 faciat
1266 4330 1342 4375 eum
1356 4312 1510 4377 liberum.
1524 4315 1601 4385 Quae
1611 4313 1749 4376 libertas

953 4416 1103 4492 sequitur
1122 4412 1307 4482 servitium,
1333 4411 1363 4470 si
1389 4411 1688 4486 expectaverimus,
1715 4417 1748 4475 θῖ

106 4514 192 4591 quod
222 4513 304 4576 alibi
332 4513 455 4575 dicitur
475 4536 483 4573 :
506 4512 656 4590 Respice,
685 4513 835 4585 Domine,
863 4514 898 4574 in
954 4509 1298 4590 perseveraverimas3
1329 4507 1416 4568 uude
1450 4508 1601 4585 sequitur
1626 4530 1633 4570 :
1661 4512 1749 4577 Data

107 4628 221 4674 servos
232 4615 328 4685 tuos;
347 4613 381 4672 et
394 4611 477 4672 illud
498 4609 601 4689 (Psal.
621 4611 690 4678 122,
705 4609 739 4689 2)
757 4632 765 4671 ε
781 4627 800 4670 s
815 4613 899 4672 Ecce
952 4608 1137 4671 citatiorest
1148 4609 1222 4668 dies
1233 4620 1304 4667 una
1314 4609 1352 4666 tn
1363 4605 1466 4667 atriis
1481 4606 1551 4667 luis
1559 4612 1750 4681 supermit-

107 4710 192 4771 sicut
211 4708 301 4771 oculi
320 4724 492 4770 servorum
511 4709 547 4769 in
570 4707 724 4770 manibus
747 4707 900 4769 domino·
952 4711 1010 4769 lle.
1024 4708 1103 4766 Haec
1113 4705 1164 4766 est
1176 4703 1258 4774 dies,
1267 4702 1307 4764 de
1318 4717 1382 4779 qua
1394 4702 1476 4765 dicit
1490 4704 1596 4765 isaias
1605 4705 1671 4782 (30,
1680 4706 1746 4784 26),:
1834 4784 1845 4791 q

107 4821 178 4867 rum
201 4822 349 4879 suorum,
365 4807 398 4867 et
416 4806 503 4869 sicut
520 4806 611 4867 oculi
626 4805 758 4867 ancillae
772 4805 807 4865 in
823 4821 898 4866 ma·
953 4803 1058 4865 «Erit
1071 4803 1131 4863 lux
1146 4802 1233 4863 lunae
1249 4801 1336 4862 sieut
1350 4800 1409 4861 lux
1430 4800 1523 4871 solis,
1541 4803 1573 4861 θῖ
1587 4801 1647 4861 lux
1665 4802 1747 4863 solis

108 4902 202 4965 nibus
232 4903 375 4964 dominae
404 4919 503 4965 suae:
533 4903 581 4964 ita
610 4903 698 4963 oculi
723 4903 828 4963 nostri
857 4902 898 4963 ad
953 4901 1018 4962 erit
1041 4897 1301 4976 septempliciter
1324 4897 1358 4957 in
1384 4896 1450 4967 die,
1469 4912 1533 4973 qua
1558 4896 1748 4972 alligaverit

108 5000 283 5061 Dominum
306 5002 411 5061 Deum
430 5002 593 5070 nostrum,
610 4998 715 5061 donec
738 4999 900 5060 miserea-
953 4997 1113 5059 Dominus
1125 4995 1248 5057 vulnus
1264 4992 1376 5072 populi
1390 4994 1454 5064 sui,
1469 4994 1502 5054 et
1511 5008 1746 5070 percussuram

108 5097 161 5157 tur
174 5097 291 5158 nostin.
310 5097 408 5158 »Sed
431 5098 550 5159 timere
574 5111 766 5173 possumus,
788 5111 830 5157 ne
847 5096 900 5156 di·
954 5096 1060 5172 plagae
1083 5095 1154 5170 ejus
1174 5091 1361 5163 sanaverit3
1378 5088 1441 5150 hoc
1463 5092 1525 5160 est,
1544 5106 1619 5151 cum
1641 5092 1746 5152 mise-

110 5194 311 5256 caturnobis
334 5194 430 5268 illud,
453 5194 539 5272 quod
564 5193 687 5269 legitur
704 5193 898 5255 inieremia
953 5194 1041 5264 rias,
1071 5193 1104 5253 θῖ
1133 5188 1367 5251 mortalitatem
1400 5186 1612 5262 relegaverit,
1640 5192 1673 5250 et
1705 5190 1746 5250 ad

109 5289 230 5369 l2,20):
240 5295 295 5353 «Α
308 5291 430 5352 saeculo
441 5290 634 5367 confregisti
646 5293 763 5367 jugum
776 5305 897 5366 meum,
952 5290 1122 5367 gaudium,
1140 5288 1173 5349 et
1187 5285 1228 5347 ad
1244 5285 1346 5346 vitam
1360 5298 1439 5344 suos
1453 5284 1636 5347 reduxerit.

989 5516 1031 5587 (3)
1050 5516 1136 5588 Vulg.
1155 5531 1161 5572 :
1177 5513 1364 5572 oraverimus.

990 5588 1031 5660 (l)
1050 5585 1136 5659 vulg.
1152 5602 1158 5643 :
1173 5600 1236 5658 qua
1251 5585 1288 5642 ei.

144 5518 182 5660 (Ι)
200 5519 360 5577 Commeat.
376 5518 406 5576 iu
421 5520 510 5601 Agg,
523 5535 586 5593 cap.
601 5519 618 5578 2
633 5520 661 5577 in
676 5518 742 5577 line.

144 5589 171 5659 (2
204 5589 288 5662 vulg.
303 5606 311 5646 ι
327 5596 479 5662 acceperit.

252 5737 366 5781 airaon.
384 5737 456 5779 mur
471 5725 518 5783 Vl.
