3950 6200
639 392 694 452 an
716 392 853 453 ornan
875 393 908 452 s.
933 376 1152 455 nnauursci
1172 395 1400 457 assrsmrrs

1045 553 1112 614 tem
1127 555 1305 631 resumpsit
1318 553 1482 626 infirmus,
1503 554 1537 616 et
1551 552 1653 616 maris
1669 554 1732 617 suit
1751 557 1843 617 tran-

1048 650 1198 727 quillitas
1213 652 1404 713 subsecuta.

241 746 277 806 in
293 759 412 821 magno
434 745 538 806 maris
559 744 709 823 periculo
732 745 832 823 positi
856 745 992 824 quidam
1087 749 1205 810 Frater
1223 748 1366 811 iacobus
1390 748 1562 821 Reatinus,
1585 764 1660 810 oum
1691 748 1727 811 ln
1746 750 1845 811 nari·

199 844 321 914 nautea,
332 858 406 903 cunr
418 857 479 919 per
492 842 651 904 milliaria
663 843 776 905 decem
792 844 921 921 aportu
933 845 993 905 Ba·
1047 844 1121 905 cula
1148 859 1262 921 parva,
1292 845 1429 906 flurium
1456 846 1631 922 quemdam
1662 861 1737 907 cum
1765 846 1844 908 aliis

201 940 347 1001 rulitano
375 926 550 1011 distarent,
576 940 830 1016 ingravescente
852 941 992 1002 nimium
1046 940 1205 1003 iratribus
1224 942 1454 1018 pertransiret,
1481 943 1583 1004 sociis
1602 944 1712 1020 primo
1741 959 1845 1020 snper
1935 932 1936 969 ³

358 572 409 633 De
421 568 578 631 uberans
591 583 614 630 o
628 570 826 646 morracio.

1783 395 1840 458 172
1935 430 1936 459 i

199 1038 407 1113 tempestate,
418 1039 490 1113 jam
500 1035 541 1097 de
557 1037 625 1098 vita
636 1037 728 1098 dubii
739 1037 904 1099 anchoras
919 1037 993 1098 sub·
1049 1038 1157 1114 ripam
1182 1039 1309 1115 positis,
1325 1042 1490 1116 postremo
1503 1055 1539 1102 se
1553 1039 1594 1101 ad
1610 1040 1737 1102 exitum
1753 1055 1844 1117 prae·
1935 1062 1936 1117 3

198 1134 372 1197 miserunt.
388 1136 512 1195 Verum
524 1134 643 1211 spiritu
659 1134 891 1211 procellarum,
906 1135 991 1196 mari
1047 1135 1202 1212 parabat3
1219 1136 1276 1196 sed
1289 1136 1420 1198 modico
1435 1136 1497 1197 illo
1509 1136 1600 1212 ligno
1618 1152 1678 1213 per
1698 1136 1849 1198 iniortu-
1935 1220 1936 1225 ἵ

197 1230 381 1292 ferventius
405 1231 622 1302 tumescente,
649 1229 766 1292 tractis
786 1230 933 1300 funibus,
960 1232 993 1293 et
1046 1232 1138 1293 nium
1154 1232 1317 1333 resoluto,
1333 1236 1464 1296 rectore
1476 1235 1624 1307 natante,
1641 1233 1747 1296 irater
1762 1249 1848 1294 mer·

197 1326 325 1388 reliotis
337 1326 506 1398 anchoris,
518 1327 704 1398 incerto,et
718 1327 874 1404 inaequali
891 1342 993 1387 cursa
1047 1344 1104 1390 sus
1125 1332 1176 1391 est
1199 1330 1234 1391 iu
1259 1329 1472 1407 protundum.
1498 1331 1701 1394 invocabant
1724 1332 1847 1393 iratres
1935 1394 1936 1405 ,

197 1439 258 1501 per
271 1439 406 1500 aequora
422 1423 641 1499 vagabantur.
662 1422 809 1486 Tandem
832 1425 916 1485 nutu
936 1423 992 1484 di·

200 1521 287 1593 vino,
302 1522 388 1581 mari
405 1521 551 1597 placato,
570 1521 611 1582 ad
632 1520 848 1582 resumendas
861 1521 992 1582 ancho-

196 1633 264 1689 ras,
279 1633 419 1695 quarum
434 1618 533 1680 iunes
548 1618 702 1694 superius
719 1618 909 1692 enatabant,
922 1618 993 1680 toto

198 1730 235 1777 se
249 1715 426 1777 conamine
440 1717 654 1791 paraverunt.
675 1716 822 1792 Cumque
837 1714 870 1775 id
886 1715 992 1792 perii-

197 1828 275 1874 cera
295 1812 441 1889 propriis
461 1812 589 1874 viribus
613 1826 679 1873 non
701 1812 865 1883 valerent,
886 1811 994 1889 pluri·

197 1926 326 1971 morum
342 1910 531 1971 sanctorum
546 1910 701 1972 invocato
715 1908 875 1981 subsidio,
902 1908 993 1969 mul-

195 2007 305 2085 tisque
310 2010 380 2083 jam
391 2006 569 2068 sudoribus
579 2007 812 2084 liquescentes,
821 2020 993 2068 necnnam

197 2121 256 2182 per
270 2106 375 2167 totam
387 2105 473 2165 diem
487 2119 658 2166 resumere
668 2105 855 2181 potuerunt.
870 2103 995 2165 Aderat

197 2204 309 2262 autem
334 2203 435 2262 nauta
459 2201 606 2278 quidam,
638 2200 809 2263 Perfectus
837 2200 991 2271 nomine,

197 2299 254 2360 sed
266 2299 413 2360 moribus
426 2298 651 2375 imperfectus,
670 2298 726 2376 qui
742 2314 819 2360 oum
831 2298 992 2360 irrisione

196 2397 339 2474 quadam
366 2396 452 2458 dixit
472 2394 513 2457 ad
543 2397 675 2457 socios:
692 2398 777 2457 Ecce
799 2397 992 2457 sanctorum

196 2494 344 2556 omnium
356 2494 539 2556 invocastis
553 2493 728 2564 auxilium,
745 2495 779 2555 et
801 2495 838 2554 ut
858 2492 990 2564 ridetis,

196 2592 309 2652 nullus
331 2592 395 2663 est,
409 2591 467 2668 qui
479 2592 664 2652 succurrat.
678 2592 874 2651 invocemus
888 2590 992 2652 istum

197 2689 427 2759 Franciscum,
452 2688 508 2764 qui
533 2687 684 2747 novellus
708 2688 760 2748 est
787 2690 934 2755 sanctus,
962 2687 992 2747 si

199 2784 377 2863 quomodo
398 2785 434 2844 in
448 2798 541 2845 mare
562 2799 599 2844 se
611 2784 751 2860 mergat,
772 2784 806 2845 et
824 2784 991 2845 anchoras

199 2882 346 2960 perditas
360 2880 487 2942 reddat.
507 2882 755 2943 Consenserunt
773 2882 898 2955 caeteri,
923 2897 989 2942 non

197 2979 362 3051 irrisorie,
380 2978 436 3040 sed
450 2979 615 3040 veraciter
629 2978 779 3040 suasioni
795 2978 992 3048 Perfecii,et

196 3078 304 3156 ipsius
321 3076 536 3154 objurgantes
551 3076 741 3138 irrisorium
759 3075 908 3149 verbum,
929 3077 992 3140 ilr-

197 3177 373 3238 maverunt
393 3191 467 3236 oum
490 3175 605 3236 sancto
625 3177 843 3252 sponantenm
865 3176 990 3248 votum,

197 3274 373 3351 statimque
388 3273 422 3333 in
438 3274 616 3344 momento,
630 3273 703 3334 sine
718 3273 830 3350 aliquo
848 3272 993 3334 admini-

197 3372 273 3433 culo
285 3372 486 3433 notaverunt
495 3372 651 3431 ancborae
660 3386 759 3448 snper
772 3385 887 3447 aquas,
896 3371 992 3448 quasi

197 3467 280 3531 terri
295 3470 413 3531 natura
431 3483 529 3530 versa
553 3468 638 3530 soret
655 3468 690 3528 in
706 3468 852 3545 ligneam
867 3468 992 3530 levita-

1048 1429 1142 1488 extra
1151 1428 1263 1504 positi,
1273 1427 1465 1489 affectuosis
1476 1427 1629 1505 precibus
1640 1431 1677 1490 B.
1685 1429 1848 1490 Francis-
1935 1408 1936 1435 ¹

1047 1539 1133 1596 cum,
1151 1525 1185 1585 et
1197 1526 1234 1586 ut
1245 1524 1314 1585 tilio
1330 1526 1552 1591 succurreret.
1569 1525 1767 1603 lacrymosis
1786 1540 1850 1602 ge-

1047 1619 1182 1682 mitibus
1217 1620 1460 1698 supplicabant.
1497 1621 1696 1683 Submersus
1732 1623 1847 1683 autern
1935 1636 1936 1639 ’

1048 1715 1163 1790 irater,
1183 1717 1224 1779 de
1245 1718 1362 1780 ventre
1385 1718 1530 1795 gurgitis
1556 1719 1656 1780 nimis
1676 1719 1848 1791 immensi,
1935 1728 1936 1747 ³

1048 1829 1123 1875 cum
1139 1830 1199 1876 ore
1210 1831 1277 1877 non
1290 1815 1415 1893 posset,
1430 1816 1533 1878 corde
1544 1816 1725 1888 clamabat,
1732 1818 1770 1878 ut
1784 1828 1849 1894 po-
1935 1808 1936 1811 ’

1048 1911 1145 1983 terat,
1168 1911 1353 1989 implorans
1376 1913 1424 1989 pii
1448 1913 1555 1988 patris
1581 1912 1779 1975 subsidium.
1806 1915 1849 1975 Bt
1935 1928 1936 1935 ¹

1048 2022 1126 2070 ecce
1160 2008 1348 2072 auxiliante
1368 2012 1415 2071 Β.
1435 2009 1542 2087 patris
1567 2010 1758 2088 prasentia,
1786 2024 1848 2087 per
1935 2036 1936 2039 ¹

1048 2105 1247 2182 profundum
1262 2106 1349 2168 sicut
1362 2122 1423 2184 per
1447 2107 1577 2168 aridam
1591 2106 1798 2179 ambulabat,
1813 2107 1851 2170 et

1048 2202 1237 2264 demersam
1250 2204 1441 2265 naviculam
1454 2205 1602 2281 capiens,
1618 2220 1695 2265 cum
1708 2220 1748 2266 ea
1762 2220 1846 2281 per-

1047 2300 1139 2361 venit
1155 2299 1197 2360 ad
1212 2300 1317 2362 littus.
1332 2300 1489 2362 Mirabile
1507 2301 1614 2363 dictu!
1635 2302 1847 2363 Vestimenta

1049 2399 1122 2473 ejus
1146 2397 1305 2459 maditata
1334 2413 1400 2459 non
1429 2400 1516 2470 sunt,
1542 2414 1604 2460 nec
1627 2413 1724 2476 aquea
1749 2400 1847 2475 guita

1048 2494 1252 2571 proximavit
1266 2494 1307 2555 ad
1321 2494 1478 2556 tunicam.

1088 2592 1207 2652 Frater
1218 2593 1452 2653 Bonaventura
1469 2592 1615 2662 nomine,
1625 2608 1701 2654 cum
1713 2591 1847 2654 duobus

1047 2687 1131 2748 viris
1155 2703 1215 2763 per
1237 2687 1347 2749 lacum
1370 2689 1544 2766 quemdam
1568 2689 1743 2765 navigans,
1759 2705 1847 2752 con·

1048 2783 1153 2845 tracta
1182 2799 1225 2846 ex
1252 2788 1347 2861 parte
1378 2786 1543 2858 navicula,
1574 2788 1711 2863 propter
1744 2802 1843 2864 aquae

1047 2881 1214 2943 affluentis
1230 2882 1400 2958 impetum,
1413 2883 1584 2945 demersus
1599 2886 1649 2945 est
1669 2899 1744 2944 cum
1761 2884 1845 2946 navi

1047 2979 1080 3039 et
1090 2980 1191 3040 sociis
1204 2979 1239 3040 in
1254 2979 1464 3055 protundum.
1486 2982 1567 3041 Cum
1581 2983 1692 3042 autem
1707 2979 1749 3042 de
1764 2981 1848 3042 lacu

1048 3075 1192 3138 miseriae
1219 3077 1469 3140 misericordem
1484 3080 1612 3155 patrem
1627 3077 1846 3140 Franciscum

1047 3174 1254 3247 invocarent,
1270 3191 1344 3236 cum
1358 3175 1462 3237 multa
1477 3175 1599 3237 fiducia
1614 3175 1848 3252 supernatavit

1048 3273 1158 3336 subito
1182 3290 1268 3351 aqua
1292 3275 1392 3351 plena
1425 3275 1591 3346 navicula,
1621 3279 1654 3336 et
1680 3291 1755 3336 omn
1780 3276 1846 3347 eis,

1049 3374 1164 3434 sancto
1189 3371 1360 3448 praebente
1378 3372 1546 3444 ducatum,
1563 3371 1744 3434 salubriter
1767 3388 1848 3448 per·

1046 3469 1139 3531 venit
1162 3468 1203 3530 ad
1228 3471 1370 3546 portum.
1397 3469 1452 3530 Sic
1478 3468 1664 3546 etquidem
1685 3469 1791 3532 irater
1805 3468 1850 3531 de

196 3569 274 3629 tem.
286 3566 488 3642 Peregrinus
504 3566 636 3643 quidam
652 3564 819 3626 invalidus
839 3580 990 3643 corpore,
1047 3566 1169 3628 Esoulo
1195 3565 1387 3627 submersus
1413 3566 1446 3626 in
1466 3565 1602 3627 flumine
1622 3567 1656 3628 S.
1672 3567 1848 3628 Francisci

195 3669 331 3745 propter
348 3666 451 3728 febris
462 3668 628 3742 peracutas
640 3666 871 3742 symptomata,
892 3680 990 3742 quam
1047 3664 1175 3726 meritis
1190 3663 1482 3726 extititliheratus.
1493 3663 1557 3726 Sed
1572 3664 1651 3726 etin
1665 3663 1741 3725 lacu
1754 3667 1847 3727 Rea·

195 3765 304 3827 iuerat
316 3765 393 3825 ante
407 3779 596 3840 perpessus,
608 3762 687 3823 navi
700 3762 843 3840 quadam
857 3761 994 3822 snbvec·
1047 3760 1129 3832 tino,
1146 3777 1220 3822 curn
1236 3760 1370 3837 quidam
1384 3761 1450 3821 viri
1466 3763 1498 3823 et
1513 3761 1669 3822 mulieres
1682 3762 1719 3821 in
1730 3761 1849 3822 consi-

193 3865 262 3934 tus,
276 3861 316 3922 de
330 3861 559 3921 ultramarinis
573 3861 724 3937 partibus
737 3858 907 3920 veniebat.
1047 3858 1118 3918 mili
1139 3859 1251 3920 essent
1270 3858 1419 3935 periculo
1443 3858 1627 3930 constituti,
1641 3857 1682 3919 ad
1699 3858 1845 3920 invoca-

235 3957 419 4020 Ferebatnr
440 3959 550 4019 autem
565 3959 637 4034 ipse
654 3957 696 4018 ad
719 3959 752 4018 S.
775 3958 992 4020 Franciscum
1047 3955 1171 4017 tionem
1195 3956 1340 4016 nominis
1356 3958 1388 4016 S.
1406 3956 1588 4023 Francisoi,
1616 3955 1658 4017 de
1680 3971 1847 4033 aquarum

195 4054 992 4135 praeoipuoderotionisaffectu,etenmsibiapud
1049 4053 1229 4114 multarum
1253 4052 1440 4130 periculoso
1469 4052 1647 4128 naufragio
1660 4053 1845 4117 salubriter

195 4155 364 4217 coelestem
380 4156 504 4230 Regem
517 4153 664 4228 elegerat
680 4153 888 4214 advocatum.
908 4155 992 4213 cum
1047 4155 1237 4212 evaserunt.

195 4251 993 4330 igiturnecdumperieoteliberamorbositisan·
1087 4247 1227 4319 Quidam
1262 4249 1373 4308 nauta
1412 4246 1612 4308 anconitani
1653 4248 1845 4324 periculosa

195 4352 400 4428 gnstiaretur
420 4349 607 4421 ardoribus,
621 4348 797 4411 deficiente
805 4351 876 4424 jam
892 4363 990 4425 aqna,
1046 4343 1635 4421 tempestatejactati,submersionis
1656 4345 1845 4421 periculum

196 4448 297 4524 coepit
306 4449 374 4509 alta
382 4463 463 4508 voce
471 4448 616 4509 clamare
627 4447 691 4508 :ite
701 4446 852 4518 tidenter,
860 4443 993 4507 baurite
1042 4446 1113 4520 jam
1129 4442 1295 4504 videbant.
1311 4443 1459 4518 cumque
1476 4442 1525 4503 sio
1537 4441 1705 4519 desperati
1720 4442 1845 4506 devita

197 4545 351 4622 poculum
360 4545 545 4622 mibi,quia
556 4548 591 4605 Β.
609 4544 807 4607 Franciscus
818 4543 991 4605 vasculum
1048 4543 1081 4600 S.
1105 4541 1323 4601 Franciscum
1343 4539 1539 4615 suppliciter
1559 4540 1769 4612 invocarent,
1785 4541 1845 4602 lu-

196 4658 306 4704 meum
341 4658 427 4719 aqua
465 4641 620 4719 replevit.
650 4641 772 4702 Mirum
793 4641 900 4702 certet
930 4643 991 4702 in·-
1046 4654 1122 4699 men
1137 4638 1435 4711 inmarimagnum
1448 4637 1615 4713 apparuit,
1633 4640 1755 4700 etcum
1770 4640 1847 4717 ipso

195 4741 361 4804 venerunt
383 4755 443 4800 vas
465 4755 551 4816 aqua
572 4738 753 4816 repletum,
772 4737 859 4816 quod
883 4738 992 4800 iuerat
1046 4735 1174 4796 lumine
1184 4734 1409 4811 tranquillitas
1429 4749 1587 4795 concessa
1609 4733 1784 4808 divinitus,
1803 4753 1844 4798 ac

195 4840 272 4902 ante
300 4854 443 4899 vacuum
470 4836 676 4899 derelictum.
705 4837 781 4898 Alio
815 4850 895 4897 vero
924 4835 990 4908 die,
1046 4834 1075 4894 si
1090 4832 1269 4894 beatusvir
1291 4848 1353 4892 sua
1378 4832 1531 4893 miranda
1549 4832 1845 4897 virtuteetventis

195 4953 270 5000 cum
293 4935 492 5013 tempestate
520 4934 656 4996 suborta
683 4934 872 5010 operiretur
894 4933 990 4993 navis
1045 4930 1378 5007 imperarepossetet
1401 4930 1497 4989 mari.
1510 4930 1847 5004 Quantisantenami-

195 5034 362 5105 fluctibus,
379 5036 413 5095 et
425 5032 582 5110 procellis
592 5032 785 5109 quateretur
797 5029 987 5107 pervalidis,
1044 5028 1235 5090 raculoruru
1263 5027 1424 5104 prodigiis
1457 5026 1575 5089 beatus
1601 5026 1657 5088 bio
1682 5031 1786 5106 pater
1808 5030 1845 5092 in

194 5133 292 5193 itaut
303 5134 374 5208 jam
386 5129 600 5205 naufragium
613 5127 782 5198 timerent,
791 5126 891 5202 coepit
902 5125 990 5186 idem
1045 5126 1130 5186 mari
1145 5124 1316 5197 claruerit,
1337 5127 1370 5186 et
1384 5125 1558 5195 clarescat,
1575 5126 1707 5202 quoties
1717 5126 1843 5189 ibidem

192 5228 346 5290 inilrmus
368 5227 477 5290 subito
498 5227 644 5287 clamore
656 5224 835 5285 vociferari
849 5239 908 5300 per
923 5239 988 5284 na·
1044 5238 1139 5299 opem
1165 5222 1282 5284 tulerit
1305 5221 1501 5298 desperatis,
1531 5223 1723 5284 nullatenus
1742 5224 1844 5287 oredo

194 5343 266 5387 vem
293 5347 302 5386 ι
325 5324 461 5400 Surgite
483 5339 610 5394 omnes,
636 5322 755 5399 inquit,
777 5323 811 5383 et
832 5325 868 5382 Β.
883 5322 990 5382 Fran·
1044 5319 1201 5397 possibile
1217 5335 1277 5396 per
1292 5320 1424 5396 singula
1438 5334 1608 5381 enarrare.
1623 5321 1694 5382 Nec
1707 5320 1841 5393 mirum,

194 5424 284 5484 cisco
306 5423 455 5484 venienti
480 5422 648 5483 occurrite
666 5442 673 5481 :
688 5436 765 5481 ecce
789 5419 831 5480 ad
851 5418 990 5480 salvan·
1044 5418 1072 5477 si
1084 5419 1154 5493 jam
1170 5417 1326 5492 regnanti
1338 5417 1375 5476 in
1390 5417 1484 5477 coelis
1499 5417 1656 5478 collatum
1671 5419 1723 5480 est
1734 5419 1844 5496 impe-

193 5522 270 5581 dum
292 5535 353 5580 nos
372 5519 476 5589 adest,
501 5519 617 5596 sicque
636 5534 710 5579 oum
725 5532 807 5578 voce
822 5532 942 5599 magna
956 5518 990 5578 et
1043 5514 1131 5574 rium
1144 5530 1245 5591 super
1256 5527 1360 5591 aquas
1373 5515 1447 5576 :cui
1462 5517 1495 5577 et
1509 5515 1545 5575 in
1558 5515 1622 5575 bac
1634 5516 1845 5579 mortalitate

192 5617 350 5694 lacrymis
387 5616 421 5676 in
450 5615 570 5676 taciem
609 5614 785 5692 procidens
820 5613 987 5675 adoravit.
1046 5610 1190 5700 degenti,
1208 5613 1316 5674 omnis
1329 5628 1490 5689 corporea
1504 5607 1670 5684 creatura,
1687 5614 1731 5673 ad
1745 5631 1841 5675 suam

194 5714 312 5775 Statim
331 5711 370 5773 ad
392 5711 499 5772 sancti
514 5710 677 5772 visionem
691 5726 820 5772 omnem
844 5710 989 5788 sospita·
1043 5709 1222 5785 reiigirraia
1245 5709 1420 5786 originem,
1434 5709 1635 5771 mirabiliter
1659 5710 1839 5774 serviebat.
