<?xml version="1.0" encoding="UTF-8"?>
<!DOCTYPE html PUBLIC "-//W3C//DTD XHTML 1.0 Transitional//EN"
    "http://www.w3.org/TR/xhtml1/DTD/xhtml1-transitional.dtd">
<html xmlns="http://www.w3.org/1999/xhtml" xml:lang="en" lang="en">
 <head>
  <title>
</title>
<meta http-equiv="Content-Type" content="text/html;charset=utf-8" />
  <meta name='ocr-system' content='tesseract 3.04.00' />
  <meta name='ocr-capabilities' content='ocr_page ocr_carea ocr_par ocr_line ocrx_word'/>
</head>
<body>
  <div class='ocr_page' id='page_1' title='image "./mediiaevibiblio09bottgoog_0195.png"; bbox 0 0 3950 6200; ppageno 0'>
   <div class='ocr_carea' id='block_1_1' title="bbox 120 287 1178 352">
    <p class='ocr_par' dir='ltr' id='par_1_1' title="bbox 120 287 1178 352">
     <span class='ocr_line' id='line_1_1' title="bbox 120 287 1178 352; baseline -0.001 -2"><span class='ocrx_word' id='word_1_1' title='bbox 120 287 164 351; x_wconf 84' lang='lat' dir='ltr'>iti</span> <span class='ocrx_word' id='word_1_2' title='bbox 665 287 984 352; x_wconf 80' lang='lat' dir='ltr'>PROLEGOMENA.</span> <span class='ocrx_word' id='word_1_3' title='bbox 1008 319 1049 333; x_wconf 89' lang='lat'>-</span> <span class='ocrx_word' id='word_1_4' title='bbox 1069 289 1178 350; x_wconf 77' lang='lat' dir='ltr'>VITA.</span> 
     </span>
    </p>
   </div>
   <div class='ocr_carea' id='block_1_2' title="bbox 39 443 904 5676">
    <p class='ocr_par' dir='ltr' id='par_1_2' title="bbox 39 443 904 5676">
     <span class='ocr_line' id='line_1_2' title="bbox 152 443 904 526; baseline -0.003 -15"><span class='ocrx_word' id='word_1_5' title='bbox 152 452 256 511; x_wconf 76' lang='lat' dir='ltr'>lerum</span> <span class='ocrx_word' id='word_1_6' title='bbox 265 447 336 509; x_wconf 92' lang='lat' dir='ltr'>illis</span> <span class='ocrx_word' id='word_1_7' title='bbox 347 451 489 526; x_wconf 90' lang='lat' dir='ltr'>propter</span> <span class='ocrx_word' id='word_1_8' title='bbox 499 463 720 526; x_wconf 88' lang='lat' dir='ltr'>expensarum</span> <span class='ocrx_word' id='word_1_9' title='bbox 733 443 904 513; x_wconf 88' lang='lat' dir='ltr'>desectum</span> 
     </span>
     <span class='ocr_line' id='line_1_3' title="bbox 125 545 896 625; baseline 0 -19"><span class='ocrx_word' id='word_1_10' title='bbox 125 545 311 625; x_wconf 76' lang='lat' dir='ltr'><strong>pertinaciter</strong></span> <span class='ocrx_word' id='word_1_11' title='bbox 321 547 572 618; x_wconf 74' lang='lat' dir='ltr'>recusantibus</span> <span class='ocrx_word' id='word_1_12' title='bbox 585 548 638 608; x_wconf 87' lang='lat' dir='ltr'>vir</span> <span class='ocrx_word' id='word_1_13' title='bbox 648 547 707 608; x_wconf 87' lang='lat' dir='ltr'>Dei</span> <span class='ocrx_word' id='word_1_14' title='bbox 718 548 896 623; x_wconf 88' lang='lat' dir='ltr'>plurimum</span> 
     </span>
     <span class='ocr_line' id='line_1_4' title="bbox 125 642 896 716; baseline 0 -12"><span class='ocrx_word' id='word_1_15' title='bbox 125 643 155 705; x_wconf 82' lang='lat' dir='ltr'>de</span> <span class='ocrx_word' id='word_1_16' title='bbox 173 642 293 704; x_wconf 85' lang='lat' dir='ltr'>Domini</span> <span class='ocrx_word' id='word_1_17' title='bbox 316 642 471 705; x_wconf 90' lang='lat' dir='ltr'>bonitate</span> <span class='ocrx_word' id='word_1_18' title='bbox 493 645 654 716; x_wconf 84' lang='lat' dir='ltr'>conlisus,</span> <span class='ocrx_word' id='word_1_19' title='bbox 679 661 797 705; x_wconf 84' lang='lat' dir='ltr'>navem</span> <span class='ocrx_word' id='word_1_20' title='bbox 822 661 896 705; x_wconf 91' lang='lat' dir='ltr'>cum</span> 
     </span>
     <span class='ocr_line' id='line_1_5' title="bbox 125 739 896 819; baseline -0.001 -17"><span class='ocrx_word' id='word_1_21' title='bbox 125 742 195 802; x_wconf 86' lang='lat' dir='ltr'>socio</span> <span class='ocrx_word' id='word_1_22' title='bbox 213 739 354 800; x_wconf 88' lang='lat' dir='ltr'>latenter</span> <span class='ocrx_word' id='word_1_23' title='bbox 373 741 579 802; x_wconf 78' lang='lat' dir='ltr'>conscendit.</span> <span class='ocrx_word' id='word_1_24' title='bbox 602 741 706 804; x_wconf 85' lang='lat' dir='ltr'>Affuit</span> <span class='ocrx_word' id='word_1_25' title='bbox 721 742 854 819; x_wconf 89' lang='lat' dir='ltr'>quidam</span> <span class='ocrx_word' id='word_1_26' title='bbox 876 757 896 802; x_wconf 94' lang='lat' dir='ltr'>a</span> 
     </span>
     <span class='ocr_line' id='line_1_6' title="bbox 123 837 895 916; baseline -0.001 -17"><span class='ocrx_word' id='word_1_27' title='bbox 123 841 185 908; x_wconf 87' lang='lat' dir='ltr'>Deo,</span> <span class='ocrx_word' id='word_1_28' title='bbox 203 837 236 897; x_wconf 93' lang='lat' dir='ltr'>ut</span> <span class='ocrx_word' id='word_1_29' title='bbox 254 837 415 909; x_wconf 89' lang='lat' dir='ltr'>creditur,</span> <span class='ocrx_word' id='word_1_30' title='bbox 435 855 497 915; x_wconf 91' lang='lat' dir='ltr'>pro</span> <span class='ocrx_word' id='word_1_31' title='bbox 511 854 657 916; x_wconf 76' lang='lat' dir='ltr'>paupere</span> <span class='ocrx_word' id='word_1_32' title='bbox 679 855 739 900; x_wconf 89' lang='lat' dir='ltr'>suo</span> <span class='ocrx_word' id='word_1_33' title='bbox 762 840 895 907; x_wconf 90' lang='lat' dir='ltr'>missus,</span> 
     </span>
     <span class='ocr_line' id='line_1_7' title="bbox 122 933 896 1013; baseline 0.003 -19"><span class='ocrx_word' id='word_1_34' title='bbox 122 935 166 1013; x_wconf 92' lang='lat' dir='ltr'>qui</span> <span class='ocrx_word' id='word_1_35' title='bbox 178 949 282 993; x_wconf 90' lang='lat' dir='ltr'>secum</span> <span class='ocrx_word' id='word_1_36' title='bbox 295 933 408 995; x_wconf 82' lang='lat' dir='ltr'>ferens</span> <span class='ocrx_word' id='word_1_37' title='bbox 424 938 616 996; x_wconf 87' lang='lat' dir='ltr'>necessaria</span> <span class='ocrx_word' id='word_1_38' title='bbox 640 936 760 1006; x_wconf 85' lang='lat' dir='ltr'>victus,</span> <span class='ocrx_word' id='word_1_39' title='bbox 775 953 896 1012; x_wconf 89' lang='lat' dir='ltr'>quem-</span> 
     </span>
     <span class='ocr_line' id='line_1_8' title="bbox 120 1032 895 1094; baseline 0.001 -3"><span class='ocrx_word' id='word_1_40' title='bbox 120 1033 180 1092; x_wconf 88' lang='lat' dir='ltr'>dam</span> <span class='ocrx_word' id='word_1_41' title='bbox 193 1032 360 1092; x_wconf 88' lang='lat' dir='ltr'>timentem</span> <span class='ocrx_word' id='word_1_42' title='bbox 373 1035 476 1093; x_wconf 85' lang='lat' dir='ltr'>Deum</span> <span class='ocrx_word' id='word_1_43' title='bbox 490 1033 531 1093; x_wconf 90' lang='lat' dir='ltr'>de</span> <span class='ocrx_word' id='word_1_44' title='bbox 544 1034 622 1093; x_wconf 83' lang='lat' dir='ltr'>navi</span> <span class='ocrx_word' id='word_1_45' title='bbox 635 1034 676 1094; x_wconf 91' lang='lat' dir='ltr'>ad</span> <span class='ocrx_word' id='word_1_46' title='bbox 693 1049 728 1093; x_wconf 90' lang='lat' dir='ltr'>se</span> <span class='ocrx_word' id='word_1_47' title='bbox 740 1035 895 1094; x_wconf 86' lang='lat' dir='ltr'>vocatum</span> 
     </span>
     <span class='ocr_line' id='line_1_9' title="bbox 119 1128 896 1207; baseline -0.001 -17"><span class='ocrx_word' id='word_1_48' title='bbox 119 1128 326 1190; x_wconf 90' lang='lat' dir='ltr'>sicallocutus</span> <span class='ocrx_word' id='word_1_49' title='bbox 342 1132 394 1190; x_wconf 90' lang='lat' dir='ltr'>est</span> <span class='ocrx_word' id='word_1_50' title='bbox 411 1152 419 1188; x_wconf 77' lang='lat' dir='ltr'><strong><em>z</em></strong></span> <span class='ocrx_word' id='word_1_51' title='bbox 436 1132 515 1191; x_wconf 87' lang='lat' dir='ltr'>Haec</span> <span class='ocrx_word' id='word_1_52' title='bbox 529 1147 588 1207; x_wconf 91' lang='lat' dir='ltr'>pro</span> <span class='ocrx_word' id='word_1_53' title='bbox 604 1130 808 1207; x_wconf 87' lang='lat' dir='ltr'>pauperibus</span> <span class='ocrx_word' id='word_1_54' title='bbox 825 1129 896 1189; x_wconf 83' lang='lat' dir='ltr'>ira-</span> 
     </span>
     <span class='ocr_line' id='line_1_10' title="bbox 118 1225 897 1289; baseline -0.001 -1"><span class='ocrx_word' id='word_1_55' title='bbox 118 1225 207 1288; x_wconf 88' lang='lat' dir='ltr'>hibus</span> <span class='ocrx_word' id='word_1_56' title='bbox 222 1226 256 1285; x_wconf 91' lang='lat' dir='ltr'>in</span> <span class='ocrx_word' id='word_1_57' title='bbox 274 1228 354 1287; x_wconf 84' lang='lat' dir='ltr'>navi</span> <span class='ocrx_word' id='word_1_58' title='bbox 369 1227 579 1289; x_wconf 78' lang='lat' dir='ltr'>latitantibus</span> <span class='ocrx_word' id='word_1_59' title='bbox 603 1243 766 1289; x_wconf 81' lang='lat' dir='ltr'>conserua</span> <span class='ocrx_word' id='word_1_60' title='bbox 788 1228 897 1288; x_wconf 88' lang='lat' dir='ltr'>tideli-</span> 
     </span>
     <span class='ocr_line' id='line_1_11' title="bbox 118 1325 898 1402; baseline 0.001 -17"><span class='ocrx_word' id='word_1_61' title='bbox 118 1328 174 1393; x_wconf 86' lang='lat' dir='ltr'>ter,</span> <span class='ocrx_word' id='word_1_62' title='bbox 197 1338 233 1383; x_wconf 91' lang='lat' dir='ltr'>ac</span> <span class='ocrx_word' id='word_1_63' title='bbox 256 1325 469 1385; x_wconf 82' lang='lat' dir='ltr'>necessitatis</span> <span class='ocrx_word' id='word_1_64' title='bbox 501 1327 649 1402; x_wconf 90' lang='lat' dir='ltr'>tempore</span> <span class='ocrx_word' id='word_1_65' title='bbox 676 1325 898 1387; x_wconf 87' lang='lat' dir='ltr'>amicabiliter</span> 
     </span>
     <span class='ocr_line' id='line_1_12' title="bbox 118 1420 896 1497; baseline 0 -15"><span class='ocrx_word' id='word_1_66' title='bbox 118 1420 325 1482; x_wconf 87' lang='lat' dir='ltr'>subministra.</span> <span class='ocrx_word' id='word_1_67' title='bbox 353 1422 473 1497; x_wconf 78' lang='lat' dir='ltr'>Sisque</span> <span class='ocrx_word' id='word_1_68' title='bbox 500 1422 624 1484; x_wconf 86' lang='lat' dir='ltr'>tactum</span> <span class='ocrx_word' id='word_1_69' title='bbox 646 1427 708 1490; x_wconf 87' lang='lat' dir='ltr'>est,</span> <span class='ocrx_word' id='word_1_70' title='bbox 730 1425 767 1484; x_wconf 92' lang='lat' dir='ltr'>ut</span> <span class='ocrx_word' id='word_1_71' title='bbox 785 1423 896 1483; x_wconf 89' lang='lat' dir='ltr'>nautis</span> 
     </span>
     <span class='ocr_line' id='line_1_13' title="bbox 118 1518 896 1597; baseline 0.003 -19"><span class='ocrx_word' id='word_1_72' title='bbox 118 1518 236 1594; x_wconf 91' lang='lat' dir='ltr'>propter</span> <span class='ocrx_word' id='word_1_73' title='bbox 257 1518 325 1578; x_wconf 85' lang='lat' dir='ltr'>vim</span> <span class='ocrx_word' id='word_1_74' title='bbox 358 1520 533 1580; x_wconf 79' lang='lat' dir='ltr'>ventorum</span> <span class='ocrx_word' id='word_1_75' title='bbox 557 1536 618 1596; x_wconf 90' lang='lat' dir='ltr'>per</span> <span class='ocrx_word' id='word_1_76' title='bbox 639 1520 711 1582; x_wconf 89' lang='lat' dir='ltr'>dies</span> <span class='ocrx_word' id='word_1_77' title='bbox 735 1521 896 1597; x_wconf 89' lang='lat' dir='ltr'>plurimos</span> 
     </span>
     <span class='ocr_line' id='line_1_14' title="bbox 118 1616 898 1692; baseline 0.003 -18"><span class='ocrx_word' id='word_1_78' title='bbox 118 1630 263 1691; x_wconf 83' lang='lat' dir='ltr'>nusquam</span> <span class='ocrx_word' id='word_1_79' title='bbox 285 1616 456 1692; x_wconf 89' lang='lat' dir='ltr'>applicare</span> <span class='ocrx_word' id='word_1_80' title='bbox 471 1616 671 1689; x_wconf 82' lang='lat' dir='ltr'>valentibus,</span> <span class='ocrx_word' id='word_1_81' title='bbox 689 1617 800 1678; x_wconf 90' lang='lat' dir='ltr'>omnia</span> <span class='ocrx_word' id='word_1_82' title='bbox 816 1632 898 1677; x_wconf 90' lang='lat' dir='ltr'>con·</span> 
     </span>
     <span class='ocr_line' id='line_1_15' title="bbox 119 1713 896 1791; baseline -0.001 -18"><span class='ocrx_word' id='word_1_83' title='bbox 119 1713 312 1774; x_wconf 81' lang='lat' dir='ltr'>sumerentur</span> <span class='ocrx_word' id='word_1_84' title='bbox 322 1713 469 1790; x_wconf 89' lang='lat' dir='ltr'>ipsorum</span> <span class='ocrx_word' id='word_1_85' title='bbox 481 1714 618 1787; x_wconf 87' lang='lat' dir='ltr'>cibaria,</span> <span class='ocrx_word' id='word_1_86' title='bbox 632 1715 664 1776; x_wconf 88' lang='lat' dir='ltr'>et</span> <span class='ocrx_word' id='word_1_87' title='bbox 675 1714 745 1775; x_wconf 88' lang='lat' dir='ltr'>sola</span> <span class='ocrx_word' id='word_1_88' title='bbox 758 1713 896 1791; x_wconf 89' lang='lat' dir='ltr'>pauperi</span> 
     </span>
     <span class='ocr_line' id='line_1_16' title="bbox 118 1810 898 1889; baseline 0.004 -20"><span class='ocrx_word' id='word_1_89' title='bbox 118 1810 279 1871; x_wconf 82' lang='lat' dir='ltr'>Francisco</span> <span class='ocrx_word' id='word_1_90' title='bbox 303 1810 426 1871; x_wconf 87' lang='lat' dir='ltr'>collata</span> <span class='ocrx_word' id='word_1_91' title='bbox 442 1810 585 1887; x_wconf 87' lang='lat' dir='ltr'>desuper</span> <span class='ocrx_word' id='word_1_92' title='bbox 607 1811 818 1889; x_wconf 87' lang='lat' dir='ltr'>eleemosyna</span> <span class='ocrx_word' id='word_1_93' title='bbox 840 1827 898 1872; x_wconf 90' lang='lat' dir='ltr'>su-</span> 
     </span>
     <span class='ocr_line' id='line_1_17' title="bbox 118 1909 895 1982; baseline 0.003 -15"><span class='ocrx_word' id='word_1_94' title='bbox 118 1910 258 1982; x_wconf 90' lang='lat' dir='ltr'>peresset.</span> <span class='ocrx_word' id='word_1_95' title='bbox 286 1911 366 1980; x_wconf 77' lang='lat' dir='ltr'>Quae</span> <span class='ocrx_word' id='word_1_96' title='bbox 391 1924 465 1968; x_wconf 90' lang='lat' dir='ltr'>curn</span> <span class='ocrx_word' id='word_1_97' title='bbox 494 1912 582 1970; x_wconf 88' lang='lat' dir='ltr'>esset</span> <span class='ocrx_word' id='word_1_98' title='bbox 603 1909 743 1982; x_wconf 89' lang='lat' dir='ltr'>modica,</span> <span class='ocrx_word' id='word_1_99' title='bbox 767 1910 895 1970; x_wconf 89' lang='lat' dir='ltr'>tantum</span> 
     </span>
     <span class='ocr_line' id='line_1_18' title="bbox 118 2002 898 2082; baseline 0.006 -20"><span class='ocrx_word' id='word_1_100' title='bbox 118 2002 215 2064; x_wconf 80' lang='lat' dir='ltr'>diuina</span> <span class='ocrx_word' id='word_1_101' title='bbox 228 2004 352 2066; x_wconf 83' lang='lat' dir='ltr'>uirtute</span> <span class='ocrx_word' id='word_1_102' title='bbox 366 2006 513 2082; x_wconf 87' lang='lat' dir='ltr'>suscepit</span> <span class='ocrx_word' id='word_1_103' title='bbox 528 2007 759 2081; x_wconf 78' lang='lat' dir='ltr'>augmentum,</span> <span class='ocrx_word' id='word_1_104' title='bbox 776 2009 811 2067; x_wconf 93' lang='lat' dir='ltr'>ut</span> <span class='ocrx_word' id='word_1_105' title='bbox 825 2006 898 2067; x_wconf 92' lang='lat' dir='ltr'>die-</span> 
     </span>
     <span class='ocr_line' id='line_1_19' title="bbox 117 2097 896 2181; baseline 0.005 -22"><span class='ocrx_word' id='word_1_106' title='bbox 117 2097 170 2159; x_wconf 86' lang='lat' dir='ltr'>bus</span> <span class='ocrx_word' id='word_1_107' title='bbox 189 2101 334 2177; x_wconf 91' lang='lat' dir='ltr'>pluribus</span> <span class='ocrx_word' id='word_1_108' title='bbox 350 2103 384 2161; x_wconf 93' lang='lat' dir='ltr'>in</span> <span class='ocrx_word' id='word_1_109' title='bbox 400 2103 485 2163; x_wconf 89' lang='lat' dir='ltr'>mari</span> <span class='ocrx_word' id='word_1_110' title='bbox 507 2108 644 2180; x_wconf 88' lang='lat' dir='ltr'>propter</span> <span class='ocrx_word' id='word_1_111' title='bbox 667 2104 896 2181; x_wconf 88' lang='lat' dir='ltr'>tempestatem</span> 
     </span>
     <span class='ocr_line' id='line_1_20' title="bbox 120 2197 895 2278; baseline 0.005 -22"><span class='ocrx_word' id='word_1_112' title='bbox 120 2197 290 2258; x_wconf 85' lang='lat' dir='ltr'>continuam</span> <span class='ocrx_word' id='word_1_113' title='bbox 302 2200 577 2261; x_wconf 84' lang='lat' dir='ltr'>contrahentibus</span> <span class='ocrx_word' id='word_1_114' title='bbox 590 2217 728 2272; x_wconf 90' lang='lat' dir='ltr'>moram,</span> <span class='ocrx_word' id='word_1_115' title='bbox 740 2200 895 2278; x_wconf 90' lang='lat' dir='ltr'>usquead</span> 
     </span>
     <span class='ocr_line' id='line_1_21' title="bbox 118 2296 896 2370; baseline 0.003 -15"><span class='ocrx_word' id='word_1_116' title='bbox 118 2299 232 2370; x_wconf 87' lang='lat' dir='ltr'>portum</span> <span class='ocrx_word' id='word_1_117' title='bbox 254 2296 424 2358; x_wconf 78' lang='lat' dir='ltr'>Anchonae</span> <span class='ocrx_word' id='word_1_118' title='bbox 457 2298 604 2359; x_wconf 90' lang='lat' dir='ltr'>omnium</span> <span class='ocrx_word' id='word_1_119' title='bbox 639 2298 896 2360; x_wconf 88' lang='lat' dir='ltr'>necessitatibus</span> 
     </span>
     <span class='ocr_line' id='line_1_22' title="bbox 118 2391 896 2472; baseline 0.009 -22"><span class='ocrx_word' id='word_1_120' title='bbox 118 2391 249 2467; x_wconf 90' lang='lat' dir='ltr'>plenarie</span> <span class='ocrx_word' id='word_1_121' title='bbox 263 2393 467 2456; x_wconf 86' lang='lat' dir='ltr'>subveniret.</span> <span class='ocrx_word' id='word_1_122' title='bbox 484 2395 643 2457; x_wconf 76' lang='lat' dir='ltr'>videntes</span> <span class='ocrx_word' id='word_1_123' title='bbox 658 2396 770 2472; x_wconf 88' lang='lat' dir='ltr'>itaque</span> <span class='ocrx_word' id='word_1_124' title='bbox 785 2397 896 2457; x_wconf 88' lang='lat' dir='ltr'>nautae</span> 
     </span>
     <span class='ocr_line' id='line_1_23' title="bbox 118 2489 896 2563; baseline 0.006 -15"><span class='ocrx_word' id='word_1_125' title='bbox 118 2503 317 2563; x_wconf 83' lang='lat' dir='ltr'>perseer</span> <span class='ocrx_word' id='word_1_126' title='bbox 343 2492 403 2551; x_wconf 88' lang='lat' dir='ltr'>Dei</span> <span class='ocrx_word' id='word_1_127' title='bbox 425 2489 528 2553; x_wconf 87' lang='lat' dir='ltr'>mirlta</span> <span class='ocrx_word' id='word_1_128' title='bbox 553 2493 725 2554; x_wconf 85' lang='lat' dir='ltr'>semontis</span> <span class='ocrx_word' id='word_1_129' title='bbox 748 2494 896 2554; x_wconf 85' lang='lat' dir='ltr'>evasisse</span> 
     </span>
     <span class='ocr_line' id='line_1_24' title="bbox 118 2583 895 2666; baseline 0.009 -22"><span class='ocrx_word' id='word_1_130' title='bbox 118 2583 305 2659; x_wconf 87' lang='lat' dir='ltr'>discrimina,</span> <span class='ocrx_word' id='word_1_131' title='bbox 328 2588 488 2665; x_wconf 89' lang='lat' dir='ltr'>tanquam</span> <span class='ocrx_word' id='word_1_132' title='bbox 517 2591 574 2666; x_wconf 89' lang='lat' dir='ltr'>qui</span> <span class='ocrx_word' id='word_1_133' title='bbox 603 2590 705 2651; x_wconf 90' lang='lat' dir='ltr'>maris</span> <span class='ocrx_word' id='word_1_134' title='bbox 730 2590 895 2651; x_wconf 87' lang='lat' dir='ltr'>horrenda</span> 
     </span>
     <span class='ocr_line' id='line_1_25' title="bbox 41 2684 895 2770; baseline 0.005 -26"><span class='ocrx_word' id='word_1_135' title='bbox 41 2765 42 2770; x_wconf 14' lang='lat' dir='ltr'><em>J</em></span> <span class='ocrx_word' id='word_1_136' title='bbox 118 2684 248 2759; x_wconf 89' lang='lat' dir='ltr'>pericula</span> <span class='ocrx_word' id='word_1_137' title='bbox 271 2689 459 2759; x_wconf 87' lang='lat' dir='ltr'>senserant,</span> <span class='ocrx_word' id='word_1_138' title='bbox 482 2689 515 2749; x_wconf 91' lang='lat' dir='ltr'>et</span> <span class='ocrx_word' id='word_1_139' title='bbox 536 2689 689 2751; x_wconf 89' lang='lat' dir='ltr'>miranda</span> <span class='ocrx_word' id='word_1_140' title='bbox 710 2704 811 2766; x_wconf 90' lang='lat' dir='ltr'>opera</span> <span class='ocrx_word' id='word_1_141' title='bbox 825 2691 895 2748; x_wconf 88' lang='lat' dir='ltr'>Do-</span> 
     </span>
     <span class='ocr_line' id='line_1_26' title="bbox 40 2781 896 2864; baseline 0.007 -24"><span class='ocrx_word' id='word_1_142' title='bbox 40 2843 42 2864; x_wconf 24' lang='lat'><strong>:</strong></span> <span class='ocrx_word' id='word_1_143' title='bbox 117 2781 186 2842; x_wconf 88' lang='lat' dir='ltr'>mini</span> <span class='ocrx_word' id='word_1_144' title='bbox 203 2783 353 2845; x_wconf 85' lang='lat' dir='ltr'>viderant</span> <span class='ocrx_word' id='word_1_145' title='bbox 369 2784 403 2844; x_wconf 92' lang='lat' dir='ltr'>in</span> <span class='ocrx_word' id='word_1_146' title='bbox 419 2784 593 2861; x_wconf 80' lang='lat' dir='ltr'>profundo,</span> <span class='ocrx_word' id='word_1_147' title='bbox 608 2787 734 2862; x_wconf 87' lang='lat' dir='ltr'>gratias</span> <span class='ocrx_word' id='word_1_148' title='bbox 757 2786 896 2862; x_wconf 89' lang='lat' dir='ltr'>egerunt</span> 
     </span>
     <span class='ocr_line' id='line_1_27' title="bbox 39 2878 895 2960; baseline 0.008 -24"><span class='ocrx_word' id='word_1_149' title='bbox 39 2881 42 2960; x_wconf 75' lang='grc' dir='ltr'><strong><em>ζ</em></strong></span> <span class='ocrx_word' id='word_1_150' title='bbox 117 2878 317 2955; x_wconf 88' lang='lat' dir='ltr'>omnipotenti</span> <span class='ocrx_word' id='word_1_151' title='bbox 333 2883 413 2953; x_wconf 88' lang='lat' dir='ltr'>Dec,</span> <span class='ocrx_word' id='word_1_152' title='bbox 431 2882 487 2958; x_wconf 91' lang='lat' dir='ltr'>qui</span> <span class='ocrx_word' id='word_1_153' title='bbox 501 2898 633 2959; x_wconf 87' lang='lat' dir='ltr'>semper</span> <span class='ocrx_word' id='word_1_154' title='bbox 643 2883 676 2942; x_wconf 91' lang='lat' dir='ltr'>in</span> <span class='ocrx_word' id='word_1_155' title='bbox 690 2884 763 2943; x_wconf 88' lang='lat' dir='ltr'>suis</span> <span class='ocrx_word' id='word_1_156' title='bbox 778 2883 895 2943; x_wconf 86' lang='lat' dir='ltr'>amicis</span> 
     </span>
     <span class='ocr_line' id='line_1_28' title="bbox 40 2963 893 3048; baseline 0.007 -15"><span class='ocrx_word' id='word_1_157' title='bbox 40 2963 41 3048; x_wconf 64' lang='lat' dir='ltr'>f</span> <span class='ocrx_word' id='word_1_158' title='bbox 115 2974 248 3036; x_wconf 85' lang='lat' dir='ltr'>etservis</span> <span class='ocrx_word' id='word_1_159' title='bbox 261 2978 450 3038; x_wconf 90' lang='lat' dir='ltr'>mirabilem</span> <span class='ocrx_word' id='word_1_160' title='bbox 461 2979 726 3041; x_wconf 86' lang='lat' dir='ltr'>etamabilemse</span> <span class='ocrx_word' id='word_1_161' title='bbox 738 2979 893 3041; x_wconf 89' lang='lat' dir='ltr'>ostendit.</span> 
     </span>
     <span class='ocr_line' id='line_1_29' title="bbox 115 3072 896 3155; baseline 0.005 -22"><span class='ocrx_word' id='word_1_162' title='bbox 115 3072 184 3133; x_wconf 88' lang='lat' dir='ltr'>Cum</span> <span class='ocrx_word' id='word_1_163' title='bbox 198 3078 317 3147; x_wconf 88' lang='lat' dir='ltr'>autem,</span> <span class='ocrx_word' id='word_1_164' title='bbox 336 3075 453 3137; x_wconf 90' lang='lat' dir='ltr'>relicto</span> <span class='ocrx_word' id='word_1_165' title='bbox 469 3076 565 3150; x_wconf 88' lang='lat' dir='ltr'>mari,</span> <span class='ocrx_word' id='word_1_166' title='bbox 582 3080 705 3139; x_wconf 87' lang='lat' dir='ltr'>terram</span> <span class='ocrx_word' id='word_1_167' title='bbox 718 3076 896 3155; x_wconf 88' lang='lat' dir='ltr'>perambu-</span> 
     </span>
     <span class='ocr_line' id='line_1_30' title="bbox 40 3168 893 3257; baseline 0.011 -31"><span class='ocrx_word' id='word_1_168' title='bbox 40 3222 42 3257; x_wconf 72' lang='lat'>,</span> <span class='ocrx_word' id='word_1_169' title='bbox 113 3168 177 3230; x_wconf 90' lang='lat' dir='ltr'>lare</span> <span class='ocrx_word' id='word_1_170' title='bbox 188 3173 351 3248; x_wconf 88' lang='lat' dir='ltr'>coepisset,</span> <span class='ocrx_word' id='word_1_171' title='bbox 359 3175 485 3251; x_wconf 87' lang='lat' dir='ltr'>jactato</span> <span class='ocrx_word' id='word_1_172' title='bbox 496 3174 530 3235; x_wconf 92' lang='lat' dir='ltr'>in</span> <span class='ocrx_word' id='word_1_173' title='bbox 541 3190 614 3235; x_wconf 90' lang='lat' dir='ltr'>eam</span> <span class='ocrx_word' id='word_1_174' title='bbox 626 3175 742 3237; x_wconf 88' lang='lat' dir='ltr'>salutis</span> <span class='ocrx_word' id='word_1_175' title='bbox 755 3176 893 3247; x_wconf 87' lang='lat' dir='ltr'>semine,</span> 
     </span>
     <span class='ocr_line' id='line_1_31' title="bbox 40 3260 707 3347; baseline 0.012 -22"><span class='ocrx_word' id='word_1_176' title='bbox 40 3260 42 3291; x_wconf 71' lang='lat'>⁷</span> <span class='ocrx_word' id='word_1_177' title='bbox 113 3269 292 3343; x_wconf 86' lang='lat' dir='ltr'>reportabat</span> <span class='ocrx_word' id='word_1_178' title='bbox 305 3271 493 3347; x_wconf 88' lang='lat' dir='ltr'>manipulos</span> <span class='ocrx_word' id='word_1_179' title='bbox 508 3271 707 3333; x_wconf 82' lang='lat' dir='ltr'>fructuosos.</span> 
     </span>
     <span class='ocr_line' id='line_1_32' title="bbox 141 3368 895 3446; baseline 0.005 -21"><span class='ocrx_word' id='word_1_180' title='bbox 141 3368 256 3426; x_wconf 78' lang='lat' dir='ltr'>Verum</span> <span class='ocrx_word' id='word_1_181' title='bbox 267 3368 347 3444; x_wconf 88' lang='lat' dir='ltr'>quia</span> <span class='ocrx_word' id='word_1_182' title='bbox 359 3369 512 3445; x_wconf 87' lang='lat' dir='ltr'>martyrii</span> <span class='ocrx_word' id='word_1_183' title='bbox 523 3368 649 3431; x_wconf 85' lang='lat' dir='ltr'>fructus</span> <span class='ocrx_word' id='word_1_184' title='bbox 660 3370 743 3431; x_wconf 92' lang='lat' dir='ltr'>adeo</span> <span class='ocrx_word' id='word_1_185' title='bbox 754 3372 895 3446; x_wconf 89' lang='lat' dir='ltr'>corejus</span> 
     </span>
     <span class='ocr_line' id='line_1_33' title="bbox 42 3461 894 3543; baseline 0.007 -23"><span class='ocrx_word' id='word_1_186' title='bbox 42 3472 43 3513; x_wconf 81' lang='lat'><em>3</em></span> <span class='ocrx_word' id='word_1_187' title='bbox 113 3461 274 3536; x_wconf 79' lang='lat' dir='ltr'>allexerat,</span> <span class='ocrx_word' id='word_1_188' title='bbox 292 3466 329 3526; x_wconf 90' lang='lat' dir='ltr'>ut</span> <span class='ocrx_word' id='word_1_189' title='bbox 342 3467 524 3543; x_wconf 87' lang='lat' dir='ltr'>pretiosam</span> <span class='ocrx_word' id='word_1_190' title='bbox 538 3483 597 3543; x_wconf 89' lang='lat' dir='ltr'>pro</span> <span class='ocrx_word' id='word_1_191' title='bbox 613 3467 743 3529; x_wconf 84' lang='lat' dir='ltr'>Christo</span> <span class='ocrx_word' id='word_1_192' title='bbox 756 3469 894 3529; x_wconf 91' lang='lat' dir='ltr'>mortem</span> 
     </span>
     <span class='ocr_line' id='line_1_34' title="bbox 43 3562 892 3640; baseline 0.007 -23"><span class='ocrx_word' id='word_1_193' title='bbox 43 3606 44 3617; x_wconf 58' lang='lat'>,</span> <span class='ocrx_word' id='word_1_194' title='bbox 113 3562 337 3636; x_wconf 87' lang='lat' dir='ltr'>superomnia</span> <span class='ocrx_word' id='word_1_195' title='bbox 363 3562 525 3624; x_wconf 87' lang='lat' dir='ltr'>virtutum</span> <span class='ocrx_word' id='word_1_196' title='bbox 550 3563 668 3624; x_wconf 90' lang='lat' dir='ltr'>merita</span> <span class='ocrx_word' id='word_1_197' title='bbox 693 3563 892 3640; x_wconf 87' lang='lat' dir='ltr'>peroptaret,</span> 
     </span>
     <span class='ocr_line' id='line_1_35' title="bbox 43 3659 894 3736; baseline 0.006 -20"><span class='ocrx_word' id='word_1_198' title='bbox 43 3674 44 3707; x_wconf 74' lang='lat' dir='ltr'>r</span> <span class='ocrx_word' id='word_1_199' title='bbox 114 3672 220 3718; x_wconf 81' lang='lat' dir='ltr'>uersus</span> <span class='ocrx_word' id='word_1_200' title='bbox 235 3659 464 3721; x_wconf 88' lang='lat' dir='ltr'>Marrochium</span> <span class='ocrx_word' id='word_1_201' title='bbox 479 3659 544 3721; x_wconf 90' lang='lat' dir='ltr'>iter</span> <span class='ocrx_word' id='word_1_202' title='bbox 566 3661 719 3736; x_wconf 90' lang='lat' dir='ltr'>arripuit,</span> <span class='ocrx_word' id='word_1_203' title='bbox 737 3662 773 3722; x_wconf 88' lang='lat' dir='ltr'>ut</span> <span class='ocrx_word' id='word_1_204' title='bbox 785 3661 894 3721; x_wconf 89' lang='lat' dir='ltr'>Mira-</span> 
     </span>
     <span class='ocr_line' id='line_1_36' title="bbox 114 3755 894 3834; baseline 0.005 -21"><span class='ocrx_word' id='word_1_205' title='bbox 114 3755 228 3817; x_wconf 92' lang='lat' dir='ltr'>molino</span> <span class='ocrx_word' id='word_1_206' title='bbox 255 3758 288 3818; x_wconf 89' lang='lat' dir='ltr'>et</span> <span class='ocrx_word' id='word_1_207' title='bbox 313 3756 406 3832; x_wconf 82' lang='lat' dir='ltr'>genti</span> <span class='ocrx_word' id='word_1_208' title='bbox 436 3760 508 3834; x_wconf 86' lang='lat' dir='ltr'>ejus</span> <span class='ocrx_word' id='word_1_209' title='bbox 533 3758 655 3824; x_wconf 78' lang='lat' dir='ltr'>Christi</span> <span class='ocrx_word' id='word_1_210' title='bbox 678 3758 894 3833; x_wconf 83' lang='lat' dir='ltr'>Evangelium</span> 
     </span>
     <span class='ocr_line' id='line_1_37' title="bbox 41 3851 896 3932; baseline 0.006 -22"><span class='ocrx_word' id='word_1_211' title='bbox 41 3910 42 3919; x_wconf 66' lang='grc'><strong>,</strong></span> <span class='ocrx_word' id='word_1_212' title='bbox 112 3851 310 3926; x_wconf 85' lang='lat' dir='ltr'>praedicaret,</span> <span class='ocrx_word' id='word_1_213' title='bbox 323 3854 426 3930; x_wconf 90' lang='lat' dir='ltr'>siquo</span> <span class='ocrx_word' id='word_1_214' title='bbox 438 3853 535 3915; x_wconf 91' lang='lat' dir='ltr'>modo</span> <span class='ocrx_word' id='word_1_215' title='bbox 546 3854 587 3915; x_wconf 93' lang='lat' dir='ltr'>ad</span> <span class='ocrx_word' id='word_1_216' title='bbox 599 3854 808 3931; x_wconf 88' lang='lat' dir='ltr'>concupitam</span> <span class='ocrx_word' id='word_1_217' title='bbox 822 3855 896 3932; x_wconf 89' lang='lat' dir='ltr'>pal-</span> 
     </span>
     <span class='ocr_line' id='line_1_38' title="bbox 41 3934 896 4029; baseline 0.006 -22"><span class='ocrx_word' id='word_1_218' title='bbox 41 3934 46 4029; x_wconf 93' lang='lat' dir='ltr'><em>J</em></span> <span class='ocrx_word' id='word_1_219' title='bbox 114 3963 190 4009; x_wconf 92' lang='lat' dir='ltr'>mam</span> <span class='ocrx_word' id='word_1_220' title='bbox 203 3951 334 4011; x_wconf 82' lang='lat' dir='ltr'>ualeret</span> <span class='ocrx_word' id='word_1_221' title='bbox 346 3951 521 4026; x_wconf 89' lang='lat' dir='ltr'>attingere.</span> <span class='ocrx_word' id='word_1_222' title='bbox 531 3953 636 4013; x_wconf 83' lang='lat' dir='ltr'>Tanto</span> <span class='ocrx_word' id='word_1_223' title='bbox 651 3966 793 4029; x_wconf 88' lang='lat' dir='ltr'>namque</span> <span class='ocrx_word' id='word_1_224' title='bbox 807 3953 896 4013; x_wconf 91' lang='lat' dir='ltr'>desi-</span> 
     </span>
     <span class='ocr_line' id='line_1_39' title="bbox 41 4036 893 4125; baseline 0.007 -22"><span class='ocrx_word' id='word_1_225' title='bbox 41 4036 42 4047; x_wconf 75' lang='grc'>’</span> <span class='ocrx_word' id='word_1_226' title='bbox 115 4044 196 4108; x_wconf 86' lang='lat' dir='ltr'>derio</span> <span class='ocrx_word' id='word_1_227' title='bbox 209 4048 392 4116; x_wconf 85' lang='lat' dir='ltr'>serebatur,</span> <span class='ocrx_word' id='word_1_228' title='bbox 413 4051 449 4109; x_wconf 91' lang='lat' dir='ltr'>ut</span> <span class='ocrx_word' id='word_1_229' title='bbox 464 4048 618 4125; x_wconf 84' lang='lat' dir='ltr'>quamvis</span> <span class='ocrx_word' id='word_1_230' title='bbox 640 4048 893 4110; x_wconf 88' lang='lat' dir='ltr'>essetimbecil·</span> 
     </span>
     <span class='ocr_line' id='line_1_40' title="bbox 115 4140 895 4223; baseline 0.01 -23"><span class='ocrx_word' id='word_1_231' title='bbox 115 4141 150 4202; x_wconf 91' lang='lat' dir='ltr'>lis</span> <span class='ocrx_word' id='word_1_232' title='bbox 162 4160 309 4222; x_wconf 87' lang='lat' dir='ltr'>corpore,</span> <span class='ocrx_word' id='word_1_233' title='bbox 326 4140 607 4222; x_wconf 86' lang='lat' dir='ltr'>peregrinationis</span> <span class='ocrx_word' id='word_1_234' title='bbox 624 4162 692 4207; x_wconf 88' lang='lat' dir='ltr'>suae</span> <span class='ocrx_word' id='word_1_235' title='bbox 708 4163 895 4223; x_wconf 86' lang='lat' dir='ltr'>praecurre-</span> 
     </span>
     <span class='ocr_line' id='line_1_41' title="bbox 116 4242 893 4321; baseline 0.005 -22"><span class='ocrx_word' id='word_1_236' title='bbox 116 4242 370 4314; x_wconf 89' lang='lat' dir='ltr'>retcomitem,et</span> <span class='ocrx_word' id='word_1_237' title='bbox 381 4243 423 4303; x_wconf 91' lang='lat' dir='ltr'>ad</span> <span class='ocrx_word' id='word_1_238' title='bbox 441 4243 671 4320; x_wconf 86' lang='lat' dir='ltr'>exequendum</span> <span class='ocrx_word' id='word_1_239' title='bbox 687 4245 893 4321; x_wconf 87' lang='lat' dir='ltr'>propositum</span> 
     </span>
     <span class='ocr_line' id='line_1_42' title="bbox 41 4330 893 4418; baseline 0.009 -23"><span class='ocrx_word' id='word_1_240' title='bbox 41 4330 42 4337; x_wconf 75' lang='grc'>’</span> <span class='ocrx_word' id='word_1_241' title='bbox 117 4335 250 4413; x_wconf 76' lang='lat' dir='ltr'>tunnas,</span> <span class='ocrx_word' id='word_1_242' title='bbox 263 4344 299 4403; x_wconf 89' lang='lat' dir='ltr'>et</span> <span class='ocrx_word' id='word_1_243' title='bbox 310 4343 469 4418; x_wconf 89' lang='lat' dir='ltr'>tanquam</span> <span class='ocrx_word' id='word_1_244' title='bbox 489 4341 609 4417; x_wconf 91' lang='lat' dir='ltr'>spiritu</span> <span class='ocrx_word' id='word_1_245' title='bbox 624 4340 736 4402; x_wconf 89' lang='lat' dir='ltr'>ebrius</span> <span class='ocrx_word' id='word_1_246' title='bbox 751 4342 893 4403; x_wconf 85' lang='lat' dir='ltr'>advola-</span> 
     </span>
     <span class='ocr_line' id='line_1_43' title="bbox 118 4436 893 4516; baseline 0.006 -22"><span class='ocrx_word' id='word_1_247' title='bbox 118 4436 165 4495; x_wconf 89' lang='lat' dir='ltr'>ret.</span> <span class='ocrx_word' id='word_1_248' title='bbox 179 4437 237 4499; x_wconf 85' lang='lat' dir='ltr'>Sed</span> <span class='ocrx_word' id='word_1_249' title='bbox 252 4454 329 4499; x_wconf 91' lang='lat' dir='ltr'>cum</span> <span class='ocrx_word' id='word_1_250' title='bbox 338 4440 409 4514; x_wconf 84' lang='lat' dir='ltr'>jam</span> <span class='ocrx_word' id='word_1_251' title='bbox 426 4439 579 4515; x_wconf 89' lang='lat' dir='ltr'>usquein</span> <span class='ocrx_word' id='word_1_252' title='bbox 600 4438 796 4516; x_wconf 88' lang='lat' dir='ltr'>Hispaniam</span> <span class='ocrx_word' id='word_1_253' title='bbox 812 4454 893 4515; x_wconf 91' lang='lat' dir='ltr'>per-</span> 
     </span>
     <span class='ocr_line' id='line_1_44' title="bbox 118 4533 895 4613; baseline 0.006 -21"><span class='ocrx_word' id='word_1_254' title='bbox 118 4533 243 4597; x_wconf 81' lang='lat' dir='ltr'>rexisset</span> <span class='ocrx_word' id='word_1_255' title='bbox 257 4534 372 4596; x_wconf 83' lang='lat' dir='ltr'>diuina</span> <span class='ocrx_word' id='word_1_256' title='bbox 388 4534 615 4611; x_wconf 85' lang='lat' dir='ltr'>dispositione,</span> <span class='ocrx_word' id='word_1_257' title='bbox 632 4552 705 4612; x_wconf 88' lang='lat' dir='ltr'>quae</span> <span class='ocrx_word' id='word_1_258' title='bbox 716 4536 824 4613; x_wconf 91' lang='lat' dir='ltr'>ipsum</span> <span class='ocrx_word' id='word_1_259' title='bbox 840 4552 895 4597; x_wconf 91' lang='lat' dir='ltr'>re-</span> 
     </span>
     <span class='ocr_line' id='line_1_45' title="bbox 119 4629 895 4709; baseline 0.01 -23"><span class='ocrx_word' id='word_1_260' title='bbox 119 4629 256 4692; x_wconf 81' lang='lat' dir='ltr'>servabat</span> <span class='ocrx_word' id='word_1_261' title='bbox 270 4631 313 4691; x_wconf 90' lang='lat' dir='ltr'>ad</span> <span class='ocrx_word' id='word_1_262' title='bbox 333 4630 413 4702; x_wconf 88' lang='lat' dir='ltr'>alia,</span> <span class='ocrx_word' id='word_1_263' title='bbox 429 4632 628 4706; x_wconf 83' lang='lat' dir='ltr'>gravissima</span> <span class='ocrx_word' id='word_1_264' title='bbox 649 4631 680 4692; x_wconf 92' lang='lat' dir='ltr'>ei</span> <span class='ocrx_word' id='word_1_265' title='bbox 701 4633 895 4709; x_wconf 84' lang='lat' dir='ltr'>supervenit</span> 
     </span>
     <span class='ocr_line' id='line_1_46' title="bbox 119 4722 892 4806; baseline 0.01 -23"><span class='ocrx_word' id='word_1_266' title='bbox 119 4722 288 4800; x_wconf 83' lang='lat' dir='ltr'>iufirmitas,</span> <span class='ocrx_word' id='word_1_267' title='bbox 305 4744 371 4805; x_wconf 91' lang='lat' dir='ltr'>qua</span> <span class='ocrx_word' id='word_1_268' title='bbox 388 4729 601 4805; x_wconf 88' lang='lat' dir='ltr'>praepeditus,</span> <span class='ocrx_word' id='word_1_269' title='bbox 621 4729 706 4806; x_wconf 90' lang='lat' dir='ltr'>quod</span> <span class='ocrx_word' id='word_1_270' title='bbox 727 4729 892 4806; x_wconf 90' lang='lat' dir='ltr'>cupiebat,</span> 
     </span>
     <span class='ocr_line' id='line_1_47' title="bbox 120 4820 891 4902; baseline 0.013 -24"><span class='ocrx_word' id='word_1_271' title='bbox 120 4820 282 4900; x_wconf 89' lang='lat' dir='ltr'>adimplere</span> <span class='ocrx_word' id='word_1_272' title='bbox 297 4824 458 4902; x_wconf 82' lang='lat' dir='ltr'>nequivit.</span> <span class='ocrx_word' id='word_1_273' title='bbox 472 4825 627 4887; x_wconf 89' lang='lat' dir='ltr'>Sentiens</span> <span class='ocrx_word' id='word_1_274' title='bbox 640 4826 742 4901; x_wconf 89' lang='lat' dir='ltr'>igitur</span> <span class='ocrx_word' id='word_1_275' title='bbox 754 4827 806 4887; x_wconf 85' lang='lat' dir='ltr'>vir</span> <span class='ocrx_word' id='word_1_276' title='bbox 820 4828 891 4901; x_wconf 89' lang='lat' dir='ltr'>Dei,</span> 
     </span>
     <span class='ocr_line' id='line_1_48' title="bbox 121 4919 893 5001; baseline 0.005 -22"><span class='ocrx_word' id='word_1_277' title='bbox 121 4919 188 4992; x_wconf 83' lang='lat' dir='ltr'>quod</span> <span class='ocrx_word' id='word_1_278' title='bbox 203 4922 393 4982; x_wconf 90' lang='lat' dir='ltr'>necessaria</span> <span class='ocrx_word' id='word_1_279' title='bbox 407 4921 515 4983; x_wconf 90' lang='lat' dir='ltr'>adhuc</span> <span class='ocrx_word' id='word_1_280' title='bbox 530 4924 602 4983; x_wconf 87' lang='lat' dir='ltr'>erat</span> <span class='ocrx_word' id='word_1_281' title='bbox 613 4922 711 4997; x_wconf 89' lang='lat' dir='ltr'>proli,</span> <span class='ocrx_word' id='word_1_282' title='bbox 721 4939 820 5001; x_wconf 91' lang='lat' dir='ltr'>quam</span> <span class='ocrx_word' id='word_1_283' title='bbox 829 4939 893 4998; x_wconf 89' lang='lat' dir='ltr'>ge-</span> 
     </span>
     <span class='ocr_line' id='line_1_49' title="bbox 122 5018 892 5097; baseline 0.01 -26"><span class='ocrx_word' id='word_1_284' title='bbox 122 5020 229 5089; x_wconf 87' lang='lat' dir='ltr'>nuerat,</span> <span class='ocrx_word' id='word_1_285' title='bbox 247 5019 354 5094; x_wconf 87' lang='lat' dir='ltr'>ipsius</span> <span class='ocrx_word' id='word_1_286' title='bbox 369 5018 484 5079; x_wconf 85' lang='lat' dir='ltr'>vitain</span> <span class='ocrx_word' id='word_1_287' title='bbox 500 5034 612 5091; x_wconf 92' lang='lat' dir='ltr'>carne,</span> <span class='ocrx_word' id='word_1_288' title='bbox 633 5021 784 5097; x_wconf 74' lang='lat' dir='ltr'>quamvis</span> <span class='ocrx_word' id='word_1_289' title='bbox 798 5034 892 5080; x_wconf 90' lang='lat' dir='ltr'>mor-</span> 
     </span>
     <span class='ocr_line' id='line_1_50' title="bbox 40 5092 894 5193; baseline 0.008 -23"><span class='ocrx_word' id='word_1_290' title='bbox 40 5092 42 5125; x_wconf 90' lang='lat'>&#39;</span> <span class='ocrx_word' id='word_1_291' title='bbox 122 5110 171 5172; x_wconf 89' lang='lat' dir='ltr'>tem</span> <span class='ocrx_word' id='word_1_292' title='bbox 184 5114 243 5176; x_wconf 87' lang='lat' dir='ltr'>sibi</span> <span class='ocrx_word' id='word_1_293' title='bbox 258 5115 389 5175; x_wconf 89' lang='lat' dir='ltr'>lucrum</span> <span class='ocrx_word' id='word_1_294' title='bbox 404 5116 535 5191; x_wconf 89' lang='lat' dir='ltr'>putaret</span> <span class='ocrx_word' id='word_1_295' title='bbox 549 5130 632 5187; x_wconf 90' lang='lat' dir='ltr'>esse,</span> <span class='ocrx_word' id='word_1_296' title='bbox 648 5116 748 5177; x_wconf 87' lang='lat' dir='ltr'>rediit</span> <span class='ocrx_word' id='word_1_297' title='bbox 759 5117 800 5177; x_wconf 89' lang='lat' dir='ltr'>ad</span> <span class='ocrx_word' id='word_1_298' title='bbox 816 5133 894 5193; x_wconf 91' lang='lat' dir='ltr'>pas-</span> 
     </span>
     <span class='ocr_line' id='line_1_51' title="bbox 124 5210 895 5275; baseline 0.009 -8"><span class='ocrx_word' id='word_1_299' title='bbox 124 5210 240 5271; x_wconf 88' lang='lat' dir='ltr'>cendum</span> <span class='ocrx_word' id='word_1_300' title='bbox 272 5227 352 5273; x_wconf 86' lang='lat' dir='ltr'>oves</span> <span class='ocrx_word' id='word_1_301' title='bbox 377 5228 446 5273; x_wconf 88' lang='lat' dir='ltr'>suae</span> <span class='ocrx_word' id='word_1_302' title='bbox 475 5212 693 5275; x_wconf 88' lang='lat' dir='ltr'>sollicitudini</span> <span class='ocrx_word' id='word_1_303' title='bbox 726 5226 895 5275; x_wconf 87' lang='lat' dir='ltr'>commen-</span> 
     </span>
     <span class='ocr_line' id='line_1_52' title="bbox 125 5302 208 5367; baseline 0.072 -6"><span class='ocrx_word' id='word_1_304' title='bbox 125 5302 208 5367; x_wconf 82' lang='lat' dir='ltr'>datas.</span> 
     </span>
     <span class='ocr_line' id='line_1_53' title="bbox 42 5403 894 5489; baseline 0.009 -30"><span class='ocrx_word' id='word_1_305' title='bbox 42 5464 43 5489; x_wconf 63' lang='lat'>,</span> <span class='ocrx_word' id='word_1_306' title='bbox 154 5403 262 5465; x_wconf 81' lang='lat' dir='ltr'>lerum</span> <span class='ocrx_word' id='word_1_307' title='bbox 286 5405 439 5467; x_wconf 88' lang='lat' dir='ltr'>caritatis</span> <span class='ocrx_word' id='word_1_308' title='bbox 462 5405 582 5466; x_wconf 86' lang='lat' dir='ltr'>ardore</span> <span class='ocrx_word' id='word_1_309' title='bbox 605 5406 759 5482; x_wconf 90' lang='lat' dir='ltr'>spiritum</span> <span class='ocrx_word' id='word_1_310' title='bbox 787 5406 894 5483; x_wconf 90' lang='lat' dir='ltr'>ipsius</span> 
     </span>
     <span class='ocr_line' id='line_1_54' title="bbox 129 5495 895 5579; baseline 0.012 -24"><span class='ocrx_word' id='word_1_311' title='bbox 129 5495 157 5557; x_wconf 86' lang='lat' dir='ltr'>ai</span> <span class='ocrx_word' id='word_1_312' title='bbox 166 5503 351 5579; x_wconf 82' lang='lat' dir='ltr'>martyrium</span> <span class='ocrx_word' id='word_1_313' title='bbox 362 5504 573 5578; x_wconf 79' lang='lat' dir='ltr'>perurgente,</span> <span class='ocrx_word' id='word_1_314' title='bbox 587 5503 686 5565; x_wconf 88' lang='lat' dir='ltr'>tertia</span> <span class='ocrx_word' id='word_1_315' title='bbox 701 5502 809 5564; x_wconf 91' lang='lat' dir='ltr'>adhuc</span> <span class='ocrx_word' id='word_1_316' title='bbox 821 5502 895 5564; x_wconf 81' lang='lat' dir='ltr'>vice</span> 
     </span>
     <span class='ocr_line' id='line_1_55' title="bbox 130 5596 894 5676; baseline 0.009 -23"><span class='ocrx_word' id='word_1_317' title='bbox 130 5609 172 5668; x_wconf 91' lang='lat' dir='ltr'>pro</span> <span class='ocrx_word' id='word_1_318' title='bbox 186 5596 241 5660; x_wconf 88' lang='lat' dir='ltr'>tide</span> <span class='ocrx_word' id='word_1_319' title='bbox 258 5599 434 5660; x_wconf 79' lang='lat' dir='ltr'>Trinitatis</span> <span class='ocrx_word' id='word_1_320' title='bbox 458 5599 621 5661; x_wconf 86' lang='lat' dir='ltr'>effusione</span> <span class='ocrx_word' id='word_1_321' title='bbox 644 5601 695 5661; x_wconf 90' lang='lat' dir='ltr'>sui</span> <span class='ocrx_word' id='word_1_322' title='bbox 720 5599 894 5676; x_wconf 85' lang='lat' dir='ltr'>sanguinis</span> 
     </span>
    </p>
   </div>
   <div class='ocr_carea' id='block_1_3' title="bbox 1685 293 1746 353">
    <p class='ocr_par' dir='ltr' id='par_1_3' title="bbox 1685 293 1746 353">
     <span class='ocr_line' id='line_1_56' title="bbox 1685 293 1746 353; baseline 0.016 -1"><span class='ocrx_word' id='word_1_323' title='bbox 1685 293 1746 353; x_wconf 80' lang='lat'>122</span> 
     </span>
    </p>
   </div>
   <div class='ocr_carea' id='block_1_4' title="bbox 949 448 1763 4509">
    <p class='ocr_par' dir='ltr' id='par_1_4' title="bbox 949 448 1763 4509">
     <span class='ocr_line' id='line_1_57' title="bbox 952 448 1747 527; baseline 0.006 -19"><span class='ocrx_word' id='word_1_324' title='bbox 952 448 1133 517; x_wconf 88' lang='lat' dir='ltr'>dilatanda,</span> <span class='ocrx_word' id='word_1_325' title='bbox 1149 465 1265 511; x_wconf 86' lang='lat' dir='ltr'>versus</span> <span class='ocrx_word' id='word_1_326' title='bbox 1281 448 1442 511; x_wconf 82' lang='lat' dir='ltr'>infideles¹</span> <span class='ocrx_word' id='word_1_327' title='bbox 1454 449 1621 527; x_wconf 85' lang='lat' dir='ltr'>proticisci</span> <span class='ocrx_word' id='word_1_328' title='bbox 1636 452 1747 514; x_wconf 89' lang='lat' dir='ltr'>tenta-</span> 
     </span>
     <span class='ocr_line' id='line_1_58' title="bbox 950 546 1751 624; baseline 0.004 -17"><span class='ocrx_word' id='word_1_329' title='bbox 950 546 1009 607; x_wconf 76' lang='lat' dir='ltr'>rit.</span> <span class='ocrx_word' id='word_1_330' title='bbox 1022 548 1134 608; x_wconf 88' lang='lat' dir='ltr'>Tertio</span> <span class='ocrx_word' id='word_1_331' title='bbox 1145 546 1272 608; x_wconf 89' lang='lat' dir='ltr'>decimo</span> <span class='ocrx_word' id='word_1_332' title='bbox 1284 562 1426 624; x_wconf 90' lang='lat' dir='ltr'>namque</span> <span class='ocrx_word' id='word_1_333' title='bbox 1437 548 1667 609; x_wconf 82' lang='lat' dir='ltr'>conversionis</span> <span class='ocrx_word' id='word_1_334' title='bbox 1679 565 1751 610; x_wconf 87' lang='lat' dir='ltr'>suae</span> 
     </span>
     <span class='ocr_line' id='line_1_59' title="bbox 951 645 1749 721; baseline 0.003 -17"><span class='ocrx_word' id='word_1_335' title='bbox 951 658 1040 704; x_wconf 90' lang='lat' dir='ltr'>anuo</span> <span class='ocrx_word' id='word_1_336' title='bbox 1064 645 1104 704; x_wconf 94' lang='lat' dir='ltr'>ad</span> <span class='ocrx_word' id='word_1_337' title='bbox 1130 646 1241 721; x_wconf 90' lang='lat' dir='ltr'>partes</span> <span class='ocrx_word' id='word_1_338' title='bbox 1264 645 1369 720; x_wconf 80' lang='lat' dir='ltr'>Syriae</span> <span class='ocrx_word' id='word_1_339' title='bbox 1392 661 1544 721; x_wconf 88' lang='lat' dir='ltr'>pergens,</span> <span class='ocrx_word' id='word_1_340' title='bbox 1572 647 1686 708; x_wconf 89' lang='lat' dir='ltr'>multis</span> <span class='ocrx_word' id='word_1_341' title='bbox 1711 662 1749 707; x_wconf 88' lang='lat' dir='ltr'>se</span> 
     </span>
     <span class='ocr_line' id='line_1_60' title="bbox 951 741 1750 818; baseline 0.004 -17"><span class='ocrx_word' id='word_1_342' title='bbox 951 741 1109 817; x_wconf 89' lang='lat' dir='ltr'>periculis</span> <span class='ocrx_word' id='word_1_343' title='bbox 1134 743 1325 803; x_wconf 90' lang='lat' dir='ltr'>constanter</span> <span class='ocrx_word' id='word_1_344' title='bbox 1349 743 1522 818; x_wconf 86' lang='lat' dir='ltr'>exposuit,</span> <span class='ocrx_word' id='word_1_345' title='bbox 1549 745 1586 804; x_wconf 88' lang='lat' dir='ltr'>ut</span> <span class='ocrx_word' id='word_1_346' title='bbox 1610 744 1750 804; x_wconf 80' lang='lat' dir='ltr'>soldani</span> 
     </span>
     <span class='ocr_line' id='line_1_61' title="bbox 951 838 1751 915; baseline 0.004 -18"><span class='ocrx_word' id='word_1_347' title='bbox 951 838 1143 914; x_wconf 80' lang='lat' dir='ltr'>Babyloniae</span> <span class='ocrx_word' id='word_1_348' title='bbox 1168 842 1280 915; x_wconf 90' lang='lat' dir='ltr'>posset</span> <span class='ocrx_word' id='word_1_349' title='bbox 1301 840 1394 899; x_wconf 88' lang='lat' dir='ltr'>adire</span> <span class='ocrx_word' id='word_1_350' title='bbox 1416 841 1638 915; x_wconf 87' lang='lat' dir='ltr'>praesentiam.</span> <span class='ocrx_word' id='word_1_351' title='bbox 1656 841 1751 902; x_wconf 90' lang='lat' dir='ltr'>Inter</span> 
     </span>
     <span class='ocr_line' id='line_1_62' title="bbox 951 935 1747 998; baseline 0.005 -4"><span class='ocrx_word' id='word_1_352' title='bbox 951 935 1159 996; x_wconf 87' lang='lat' dir='ltr'>Christianos</span> <span class='ocrx_word' id='word_1_353' title='bbox 1184 937 1272 996; x_wconf 90' lang='lat' dir='ltr'>enim</span> <span class='ocrx_word' id='word_1_354' title='bbox 1295 952 1333 996; x_wconf 91' lang='lat' dir='ltr'>ac</span> <span class='ocrx_word' id='word_1_355' title='bbox 1358 939 1560 997; x_wconf 89' lang='lat' dir='ltr'>Sarracenos</span> <span class='ocrx_word' id='word_1_356' title='bbox 1580 938 1747 998; x_wconf 91' lang='lat' dir='ltr'>tuncbel·</span> 
     </span>
     <span class='ocr_line' id='line_1_63' title="bbox 951 1032 1743 1109; baseline 0.005 -19"><span class='ocrx_word' id='word_1_357' title='bbox 951 1032 1019 1092; x_wconf 91' lang='lat' dir='ltr'>lum</span> <span class='ocrx_word' id='word_1_358' title='bbox 1033 1034 1101 1093; x_wconf 90' lang='lat' dir='ltr'>tarn</span> <span class='ocrx_word' id='word_1_359' title='bbox 1116 1033 1327 1109; x_wconf 89' lang='lat' dir='ltr'>implacabile</span> <span class='ocrx_word' id='word_1_360' title='bbox 1341 1035 1424 1104; x_wconf 88' lang='lat' dir='ltr'>erat,</span> <span class='ocrx_word' id='word_1_361' title='bbox 1441 1035 1648 1095; x_wconf 80' lang='lat' dir='ltr'>exercituum</span> <span class='ocrx_word' id='word_1_362' title='bbox 1664 1051 1743 1096; x_wconf 89' lang='lat' dir='ltr'>cas-</span> 
     </span>
     <span class='ocr_line' id='line_1_64' title="bbox 951 1129 1749 1207; baseline 0.004 -17"><span class='ocrx_word' id='word_1_363' title='bbox 951 1129 1013 1190; x_wconf 86' lang='lat' dir='ltr'>tris</span> <span class='ocrx_word' id='word_1_364' title='bbox 1026 1130 1105 1191; x_wconf 90' lang='lat' dir='ltr'>hinc</span> <span class='ocrx_word' id='word_1_365' title='bbox 1118 1130 1195 1191; x_wconf 88' lang='lat' dir='ltr'>iude</span> <span class='ocrx_word' id='word_1_366' title='bbox 1208 1132 1242 1190; x_wconf 92' lang='grc'>111</span> <span class='ocrx_word' id='word_1_367' title='bbox 1255 1146 1372 1207; x_wconf 90' lang='lat' dir='ltr'>campo</span> <span class='ocrx_word' id='word_1_368' title='bbox 1387 1131 1536 1191; x_wconf 90' lang='lat' dir='ltr'>cominus</span> <span class='ocrx_word' id='word_1_369' title='bbox 1550 1148 1592 1192; x_wconf 83' lang='lat' dir='ltr'>ex</span> <span class='ocrx_word' id='word_1_370' title='bbox 1607 1133 1749 1194; x_wconf 88' lang='lat' dir='ltr'>adverso</span> 
     </span>
     <span class='ocr_line' id='line_1_65' title="bbox 953 1227 1749 1300; baseline 0.008 -15"><span class='ocrx_word' id='word_1_371' title='bbox 953 1227 1082 1300; x_wconf 70' lang='lat' dir='ltr'>locatis</span> <span class='ocrx_word' id='word_1_372' title='bbox 1100 1230 1137 1290; x_wconf 91' lang='lat' dir='ltr'>ut</span> <span class='ocrx_word' id='word_1_373' title='bbox 1152 1229 1206 1289; x_wconf 86' lang='lat' dir='ltr'>via</span> <span class='ocrx_word' id='word_1_374' title='bbox 1222 1229 1328 1289; x_wconf 90' lang='lat' dir='ltr'>mutui</span> <span class='ocrx_word' id='word_1_375' title='bbox 1349 1229 1509 1289; x_wconf 91' lang='lat' dir='ltr'>transitus</span> <span class='ocrx_word' id='word_1_376' title='bbox 1534 1229 1606 1290; x_wconf 89' lang='lat' dir='ltr'>sine</span> <span class='ocrx_word' id='word_1_377' title='bbox 1631 1231 1749 1291; x_wconf 88' lang='lat' dir='ltr'>mortis</span> 
     </span>
     <span class='ocr_line' id='line_1_66' title="bbox 952 1323 1748 1403; baseline 0.009 -20"><span class='ocrx_word' id='word_1_378' title='bbox 952 1323 1146 1386; x_wconf 89' lang='lat' dir='ltr'>discrimine</span> <span class='ocrx_word' id='word_1_379' title='bbox 1170 1342 1237 1386; x_wconf 92' lang='lat' dir='ltr'>non</span> <span class='ocrx_word' id='word_1_380' title='bbox 1261 1327 1400 1402; x_wconf 88' lang='lat' dir='ltr'>pateret.</span> <span class='ocrx_word' id='word_1_381' title='bbox 1422 1326 1558 1388; x_wconf 80' lang='lat' dir='ltr'>Exierat</span> <span class='ocrx_word' id='word_1_382' title='bbox 1572 1343 1748 1403; x_wconf 89' lang='lat' dir='ltr'>namquea</span> 
     </span>
     <span class='ocr_line' id='line_1_67' title="bbox 954 1421 1749 1501; baseline 0.008 -21"><span class='ocrx_word' id='word_1_383' title='bbox 954 1421 1099 1483; x_wconf 80' lang='lat' dir='ltr'>soldano</span> <span class='ocrx_word' id='word_1_384' title='bbox 1133 1422 1277 1484; x_wconf 89' lang='lat' dir='ltr'>edictum</span> <span class='ocrx_word' id='word_1_385' title='bbox 1306 1423 1460 1494; x_wconf 90' lang='lat' dir='ltr'>crudele,</span> <span class='ocrx_word' id='word_1_386' title='bbox 1486 1425 1523 1485; x_wconf 92' lang='lat' dir='ltr'>ut</span> <span class='ocrx_word' id='word_1_387' title='bbox 1551 1425 1749 1501; x_wconf 86' lang='lat' dir='ltr'>quicumque</span> 
     </span>
     <span class='ocr_line' id='line_1_68' title="bbox 952 1519 1750 1598; baseline 0.004 -21"><span class='ocrx_word' id='word_1_388' title='bbox 952 1520 1053 1593; x_wconf 91' lang='lat' dir='ltr'>caput</span> <span class='ocrx_word' id='word_1_389' title='bbox 1078 1519 1221 1597; x_wconf 88' lang='lat' dir='ltr'>alicujus</span> <span class='ocrx_word' id='word_1_390' title='bbox 1248 1520 1425 1581; x_wconf 89' lang='lat' dir='ltr'>christiani</span> <span class='ocrx_word' id='word_1_391' title='bbox 1452 1520 1598 1593; x_wconf 84' lang='lat' dir='ltr'>afferret,</span> <span class='ocrx_word' id='word_1_392' title='bbox 1623 1521 1750 1598; x_wconf 87' lang='lat' dir='ltr'>byzan-</span> 
     </span>
     <span class='ocr_line' id='line_1_69' title="bbox 952 1614 1748 1695; baseline 0.005 -20"><span class='ocrx_word' id='word_1_393' title='bbox 952 1614 1035 1675; x_wconf 87' lang='lat' dir='ltr'>tiurn</span> <span class='ocrx_word' id='word_1_394' title='bbox 1051 1631 1190 1677; x_wconf 88' lang='lat' dir='ltr'>aureum</span> <span class='ocrx_word' id='word_1_395' title='bbox 1206 1633 1265 1693; x_wconf 91' lang='lat' dir='ltr'>pro</span> <span class='ocrx_word' id='word_1_396' title='bbox 1279 1618 1431 1678; x_wconf 88' lang='lat' dir='ltr'>mercede</span> <span class='ocrx_word' id='word_1_397' title='bbox 1446 1619 1620 1695; x_wconf 88' lang='lat' dir='ltr'>reciperet.</span> <span class='ocrx_word' id='word_1_398' title='bbox 1635 1619 1678 1680; x_wconf 83' lang='lat' dir='ltr'>At</span> <span class='ocrx_word' id='word_1_399' title='bbox 1688 1619 1748 1679; x_wconf 90' lang='grc'><strong>111-</strong></span> 
     </span>
     <span class='ocr_line' id='line_1_70' title="bbox 952 1712 1749 1793; baseline 0.005 -21"><span class='ocrx_word' id='word_1_400' title='bbox 952 1712 1101 1789; x_wconf 89' lang='lat' dir='ltr'>trepidus</span> <span class='ocrx_word' id='word_1_401' title='bbox 1119 1714 1242 1775; x_wconf 87' lang='lat' dir='ltr'>Christi</span> <span class='ocrx_word' id='word_1_402' title='bbox 1260 1715 1356 1775; x_wconf 88' lang='lat' dir='ltr'>miles</span> <span class='ocrx_word' id='word_1_403' title='bbox 1378 1716 1590 1787; x_wconf 80' lang='lat' dir='ltr'>Franciscus,</span> <span class='ocrx_word' id='word_1_404' title='bbox 1608 1731 1749 1793; x_wconf 88' lang='lat' dir='ltr'>sperans</span> 
     </span>
     <span class='ocr_line' id='line_1_71' title="bbox 952 1808 1746 1889; baseline 0.006 -21"><span class='ocrx_word' id='word_1_405' title='bbox 952 1808 987 1869; x_wconf 90' lang='lat' dir='ltr'>in</span> <span class='ocrx_word' id='word_1_406' title='bbox 998 1810 1150 1885; x_wconf 85' lang='lat' dir='ltr'>proximo</span> <span class='ocrx_word' id='word_1_407' title='bbox 1164 1827 1259 1870; x_wconf 91' lang='lat' dir='ltr'>suum</span> <span class='ocrx_word' id='word_1_408' title='bbox 1270 1811 1409 1887; x_wconf 86' lang='lat' dir='ltr'>adipisci</span> <span class='ocrx_word' id='word_1_409' title='bbox 1423 1827 1518 1887; x_wconf 85' lang='lat' dir='ltr'>posse</span> <span class='ocrx_word' id='word_1_410' title='bbox 1529 1814 1746 1889; x_wconf 90' lang='lat' dir='ltr'>propositum,</span> 
     </span>
     <span class='ocr_line' id='line_1_72' title="bbox 953 1905 1747 1986; baseline 0.006 -20"><span class='ocrx_word' id='word_1_411' title='bbox 953 1905 1110 1969; x_wconf 79' lang='lat' dir='ltr'>diffinivit</span> <span class='ocrx_word' id='word_1_412' title='bbox 1133 1909 1197 1969; x_wconf 92' lang='lat' dir='ltr'>iter</span> <span class='ocrx_word' id='word_1_413' title='bbox 1221 1910 1382 1985; x_wconf 89' lang='lat' dir='ltr'>arripere,</span> <span class='ocrx_word' id='word_1_414' title='bbox 1400 1911 1516 1971; x_wconf 90' lang='lat' dir='ltr'>mortis</span> <span class='ocrx_word' id='word_1_415' title='bbox 1536 1927 1660 1986; x_wconf 79' lang='lat' dir='ltr'>pauore</span> <span class='ocrx_word' id='word_1_416' title='bbox 1680 1925 1747 1972; x_wconf 90' lang='lat' dir='ltr'>non</span> 
     </span>
     <span class='ocr_line' id='line_1_73' title="bbox 951 2005 1749 2084; baseline 0.008 -20"><span class='ocrx_word' id='word_1_417' title='bbox 951 2005 1099 2076; x_wconf 89' lang='lat' dir='ltr'>territus,</span> <span class='ocrx_word' id='word_1_418' title='bbox 1115 2006 1173 2066; x_wconf 90' lang='lat' dir='ltr'>sed</span> <span class='ocrx_word' id='word_1_419' title='bbox 1184 2006 1350 2068; x_wconf 88' lang='lat' dir='ltr'>desiderio</span> <span class='ocrx_word' id='word_1_420' title='bbox 1364 2008 1572 2084; x_wconf 82' lang='lat' dir='ltr'>provocatus.</span> <span class='ocrx_word' id='word_1_421' title='bbox 1590 2009 1749 2071; x_wconf 86' lang='lat' dir='ltr'>Oratione</span> 
     </span>
     <span class='ocr_line' id='line_1_74' title="bbox 952 2104 1747 2180; baseline 0.008 -19"><span class='ocrx_word' id='word_1_422' title='bbox 952 2118 1095 2178; x_wconf 88' lang='lat' dir='ltr'>namque</span> <span class='ocrx_word' id='word_1_423' title='bbox 1119 2105 1304 2180; x_wconf 82' lang='lat' dir='ltr'>praemissa,</span> <span class='ocrx_word' id='word_1_424' title='bbox 1325 2104 1530 2166; x_wconf 80' lang='lat' dir='ltr'>confortatus</span> <span class='ocrx_word' id='word_1_425' title='bbox 1553 2121 1572 2166; x_wconf 90' lang='lat' dir='ltr'>a</span> <span class='ocrx_word' id='word_1_426' title='bbox 1595 2107 1747 2179; x_wconf 87' lang='lat' dir='ltr'>Domino,</span> 
     </span>
     <span class='ocr_line' id='line_1_75' title="bbox 953 2194 1744 2277; baseline 0.009 -19"><span class='ocrx_word' id='word_1_427' title='bbox 953 2199 1156 2261; x_wconf 80' lang='lat' dir='ltr'>confidenter</span> <span class='ocrx_word' id='word_1_428' title='bbox 1176 2202 1258 2261; x_wconf 89' lang='lat' dir='ltr'>illud</span> <span class='ocrx_word' id='word_1_429' title='bbox 1284 2194 1511 2277; x_wconf 89' lang='lat' dir='ltr'>propheticum</span> <span class='ocrx_word' id='word_1_430' title='bbox 1525 2202 1744 2265; x_wconf 86' lang='lat' dir='ltr'>decantabat:</span> 
     </span>
     <span class='ocr_line' id='line_1_76' title="bbox 951 2297 1746 2377; baseline 0.005 -19"><span class='ocrx_word' id='word_1_431' title='bbox 951 2300 1044 2358; x_wconf 82' lang='lat' dir='ltr'>Nape</span> <span class='ocrx_word' id='word_1_432' title='bbox 1074 2299 1139 2359; x_wconf 82' lang='lat' dir='ltr'>etat</span> <span class='ocrx_word' id='word_1_433' title='bbox 1161 2297 1269 2377; x_wconf 87' lang='lat' dir='ltr'>(Psal.</span> <span class='ocrx_word' id='word_1_434' title='bbox 1293 2314 1382 2370; x_wconf 82' lang='grc'><strong>111111,</strong></span> <span class='ocrx_word' id='word_1_435' title='bbox 1406 2299 1439 2377; x_wconf 84' lang='grc'>4)</span> <span class='ocrx_word' id='word_1_436' title='bbox 1467 2302 1687 2361; x_wconf 73' lang='lat' dir='ltr'>ambedooero</span> <span class='ocrx_word' id='word_1_437' title='bbox 1708 2304 1746 2362; x_wconf 80' lang='lat' dir='ltr'>in</span> 
     </span>
     <span class='ocr_line' id='line_1_77' title="bbox 951 2397 1745 2471; baseline 0.008 -18"><span class='ocrx_word' id='word_1_438' title='bbox 951 2397 1064 2455; x_wconf 81' lang='lat' dir='ltr'>naedto</span> <span class='ocrx_word' id='word_1_439' title='bbox 1085 2398 1218 2456; x_wconf 77' lang='lat' dir='ltr'>tambroe</span> <span class='ocrx_word' id='word_1_440' title='bbox 1244 2397 1384 2466; x_wconf 79' lang='lat' dir='ltr'>mortis,</span> <span class='ocrx_word' id='word_1_441' title='bbox 1406 2410 1475 2456; x_wconf 81' lang='lat' dir='ltr'>aon</span> <span class='ocrx_word' id='word_1_442' title='bbox 1498 2397 1621 2458; x_wconf 83' lang='lat' dir='ltr'>timebo</span> <span class='ocrx_word' id='word_1_443' title='bbox 1640 2403 1745 2471; x_wconf 83' lang='lat' dir='ltr'>matu,</span> 
     </span>
     <span class='ocr_line' id='line_1_78' title="bbox 951 2493 1748 2570; baseline 0.005 -19"><span class='ocrx_word' id='word_1_444' title='bbox 951 2496 1114 2565; x_wconf 80' lang='lat' dir='ltr'>quoniam</span> <span class='ocrx_word' id='word_1_445' title='bbox 1146 2493 1183 2554; x_wconf 82' lang='lat' dir='ltr'>tu</span> <span class='ocrx_word' id='word_1_446' title='bbox 1208 2508 1343 2554; x_wconf 78' lang='grc'><strong>1116611111</strong></span> <span class='ocrx_word' id='word_1_447' title='bbox 1369 2509 1416 2555; x_wconf 84' lang='lat' dir='ltr'>es.</span> <span class='ocrx_word' id='word_1_448' title='bbox 1442 2494 1748 2570; x_wconf 77' lang='lat' dir='ltr'>Assumptoigitur</span> 
     </span>
     <span class='ocr_line' id='line_1_79' title="bbox 951 2589 1750 2663; baseline 0.006 -15"><span class='ocrx_word' id='word_1_449' title='bbox 951 2589 1042 2649; x_wconf 90' lang='lat' dir='ltr'>socio</span> <span class='ocrx_word' id='word_1_450' title='bbox 1066 2589 1180 2661; x_wconf 81' lang='lat' dir='ltr'>tratre,</span> <span class='ocrx_word' id='word_1_451' title='bbox 1211 2589 1401 2651; x_wconf 87' lang='lat' dir='ltr'>illuminato</span> <span class='ocrx_word' id='word_1_452' title='bbox 1423 2590 1655 2663; x_wconf 66' lang='lat' dir='ltr'>nominarim</span> <span class='ocrx_word' id='word_1_453' title='bbox 1680 2593 1750 2653; x_wconf 91' lang='lat' dir='ltr'>uti·</span> 
     </span>
     <span class='ocr_line' id='line_1_80' title="bbox 951 2686 1745 2765; baseline 0.008 -20"><span class='ocrx_word' id='word_1_454' title='bbox 951 2701 1015 2761; x_wconf 91' lang='lat' dir='ltr'>que</span> <span class='ocrx_word' id='word_1_455' title='bbox 1032 2686 1169 2747; x_wconf 90' lang='lat' dir='ltr'>luminis</span> <span class='ocrx_word' id='word_1_456' title='bbox 1189 2688 1223 2749; x_wconf 93' lang='lat' dir='ltr'>et</span> <span class='ocrx_word' id='word_1_457' title='bbox 1245 2688 1390 2758; x_wconf 71' lang='grc'><strong>11111111,</strong></span> <span class='ocrx_word' id='word_1_458' title='bbox 1408 2704 1481 2748; x_wconf 90' lang='lat' dir='ltr'>cum</span> <span class='ocrx_word' id='word_1_459' title='bbox 1504 2688 1569 2749; x_wconf 90' lang='lat' dir='ltr'>iter</span> <span class='ocrx_word' id='word_1_460' title='bbox 1590 2689 1745 2765; x_wconf 89' lang='lat' dir='ltr'>cepisset,</span> 
     </span>
     <span class='ocr_line' id='line_1_81' title="bbox 952 2781 1744 2862; baseline 0.003 -19"><span class='ocrx_word' id='word_1_461' title='bbox 952 2781 1066 2844; x_wconf 85' lang='lat' dir='ltr'>obvias</span> <span class='ocrx_word' id='word_1_462' title='bbox 1090 2784 1208 2845; x_wconf 88' lang='lat' dir='ltr'>babuit</span> <span class='ocrx_word' id='word_1_463' title='bbox 1227 2784 1377 2845; x_wconf 88' lang='lat' dir='ltr'>oviculas</span> <span class='ocrx_word' id='word_1_464' title='bbox 1395 2785 1489 2858; x_wconf 91' lang='lat' dir='ltr'>duas,</span> <span class='ocrx_word' id='word_1_465' title='bbox 1510 2784 1628 2862; x_wconf 90' lang='lat' dir='ltr'>quibus</span> <span class='ocrx_word' id='word_1_466' title='bbox 1647 2786 1744 2860; x_wconf 78' lang='lat' dir='ltr'>visis,</span> 
     </span>
     <span class='ocr_line' id='line_1_82' title="bbox 951 2880 1745 2942; baseline 0.003 -2"><span class='ocrx_word' id='word_1_467' title='bbox 951 2880 1160 2941; x_wconf 82' lang='lat' dir='ltr'>exhilaratus</span> <span class='ocrx_word' id='word_1_468' title='bbox 1183 2880 1237 2940; x_wconf 82' lang='lat' dir='ltr'>uir</span> <span class='ocrx_word' id='word_1_469' title='bbox 1260 2881 1395 2941; x_wconf 88' lang='lat' dir='ltr'>sanctus</span> <span class='ocrx_word' id='word_1_470' title='bbox 1417 2880 1503 2942; x_wconf 77' lang='lat' dir='ltr'>dixit</span> <span class='ocrx_word' id='word_1_471' title='bbox 1525 2881 1567 2940; x_wconf 91' lang='lat' dir='ltr'>ad</span> <span class='ocrx_word' id='word_1_472' title='bbox 1592 2882 1745 2942; x_wconf 90' lang='lat' dir='ltr'>socium:</span> 
     </span>
     <span class='ocr_line' id='line_1_83' title="bbox 950 2974 1748 3049; baseline 0.004 -13"><span class='ocrx_word' id='word_1_473' title='bbox 950 2977 1096 3048; x_wconf 80' lang='lat' dir='ltr'>Confido,</span> <span class='ocrx_word' id='word_1_474' title='bbox 1118 2978 1223 3039; x_wconf 86' lang='lat' dir='ltr'>frater</span> <span class='ocrx_word' id='word_1_475' title='bbox 1247 2978 1282 3038; x_wconf 91' lang='lat' dir='ltr'>in</span> <span class='ocrx_word' id='word_1_476' title='bbox 1311 2979 1461 3049; x_wconf 86' lang='lat' dir='ltr'>Domino,</span> <span class='ocrx_word' id='word_1_477' title='bbox 1491 2994 1569 3040; x_wconf 89' lang='lat' dir='ltr'>uam</span> <span class='ocrx_word' id='word_1_478' title='bbox 1597 2980 1632 3040; x_wconf 93' lang='lat' dir='ltr'>in</span> <span class='ocrx_word' id='word_1_479' title='bbox 1650 2974 1748 3041; x_wconf 89' lang='lat' dir='ltr'>nobis</span> 
     </span>
     <span class='ocr_line' id='line_1_84' title="bbox 950 3074 1747 3152; baseline 0.003 -15"><span class='ocrx_word' id='word_1_480' title='bbox 950 3074 1181 3150; x_wconf 83' lang='lat' dir='ltr'>evangelicum</span> <span class='ocrx_word' id='word_1_481' title='bbox 1193 3075 1274 3137; x_wconf 88' lang='lat' dir='ltr'>illud</span> <span class='ocrx_word' id='word_1_482' title='bbox 1289 3075 1466 3152; x_wconf 83' lang='lat' dir='ltr'>impletur:</span> <span class='ocrx_word' id='word_1_483' title='bbox 1478 3078 1747 3152; x_wconf 80' lang='lat' dir='ltr'>Eccaeqomttto</span> 
     </span>
     <span class='ocr_line' id='line_1_85' title="bbox 950 3173 1745 3251; baseline 0.003 -18"><span class='ocrx_word' id='word_1_484' title='bbox 950 3188 1011 3233; x_wconf 82' lang='lat' dir='ltr'>noa</span> <span class='ocrx_word' id='word_1_485' title='bbox 1030 3174 1120 3233; x_wconf 71' lang='lat' dir='ltr'>sanat</span> <span class='ocrx_word' id='word_1_486' title='bbox 1134 3188 1215 3233; x_wconf 84' lang='lat' dir='ltr'>oves</span> <span class='ocrx_word' id='word_1_487' title='bbox 1232 3176 1268 3233; x_wconf 82' lang='lat' dir='ltr'>tn</span> <span class='ocrx_word' id='word_1_488' title='bbox 1287 3177 1400 3234; x_wconf 80' lang='lat' dir='ltr'>medio</span> <span class='ocrx_word' id='word_1_489' title='bbox 1414 3180 1583 3247; x_wconf 79' lang='lat' dir='ltr'>leporum.</span> <span class='ocrx_word' id='word_1_490' title='bbox 1612 3173 1745 3251; x_wconf 86' lang='lat' dir='ltr'>(Math,</span> 
     </span>
     <span class='ocr_line' id='line_1_86' title="bbox 949 3268 1744 3349; baseline 0.003 -20"><span class='ocrx_word' id='word_1_491' title='bbox 949 3268 1164 3349; x_wconf 80' lang='lat' dir='ltr'>x,16.)Gum</span> <span class='ocrx_word' id='word_1_492' title='bbox 1189 3272 1301 3330; x_wconf 89' lang='lat' dir='ltr'>autem</span> <span class='ocrx_word' id='word_1_493' title='bbox 1327 3271 1568 3346; x_wconf 88' lang='lat' dir='ltr'>processissent</span> <span class='ocrx_word' id='word_1_494' title='bbox 1590 3269 1744 3341; x_wconf 89' lang='lat' dir='ltr'>ulterius,</span> 
     </span>
     <span class='ocr_line' id='line_1_87' title="bbox 950 3366 1745 3444; baseline 0.003 -18"><span class='ocrx_word' id='word_1_495' title='bbox 950 3368 1168 3428; x_wconf 90' lang='lat' dir='ltr'>occurrerunt</span> <span class='ocrx_word' id='word_1_496' title='bbox 1198 3368 1228 3427; x_wconf 93' lang='lat' dir='ltr'>ei</span> <span class='ocrx_word' id='word_1_497' title='bbox 1267 3366 1428 3428; x_wconf 90' lang='lat' dir='ltr'>satellites</span> <span class='ocrx_word' id='word_1_498' title='bbox 1465 3368 1656 3440; x_wconf 87' lang='lat' dir='ltr'>Sarraceni,</span> <span class='ocrx_word' id='word_1_499' title='bbox 1687 3368 1745 3444; x_wconf 89' lang='lat' dir='ltr'>qui</span> 
     </span>
     <span class='ocr_line' id='line_1_88' title="bbox 950 3464 1744 3541; baseline 0.003 -16"><span class='ocrx_word' id='word_1_500' title='bbox 950 3465 1108 3541; x_wconf 90' lang='lat' dir='ltr'>tanquam</span> <span class='ocrx_word' id='word_1_501' title='bbox 1122 3464 1191 3540; x_wconf 88' lang='lat' dir='ltr'>lupi</span> <span class='ocrx_word' id='word_1_502' title='bbox 1204 3464 1346 3524; x_wconf 89' lang='lat' dir='ltr'>celerius</span> <span class='ocrx_word' id='word_1_503' title='bbox 1359 3466 1573 3525; x_wconf 85' lang='lat' dir='ltr'>accurrentes</span> <span class='ocrx_word' id='word_1_504' title='bbox 1589 3465 1629 3525; x_wconf 90' lang='lat' dir='ltr'>ad</span> <span class='ocrx_word' id='word_1_505' title='bbox 1652 3478 1744 3535; x_wconf 74' lang='lat' dir='ltr'>oues,</span> 
     </span>
     <span class='ocr_line' id='line_1_89' title="bbox 951 3561 1746 3638; baseline 0.003 -17"><span class='ocrx_word' id='word_1_506' title='bbox 951 3576 1065 3622; x_wconf 85' lang='lat' dir='ltr'>servos</span> <span class='ocrx_word' id='word_1_507' title='bbox 1088 3561 1147 3622; x_wconf 90' lang='lat' dir='ltr'>Dei</span> <span class='ocrx_word' id='word_1_508' title='bbox 1172 3561 1323 3623; x_wconf 80' lang='lat' dir='ltr'>feraliter</span> <span class='ocrx_word' id='word_1_509' title='bbox 1342 3561 1599 3638; x_wconf 89' lang='lat' dir='ltr'>comprehensos</span> <span class='ocrx_word' id='word_1_510' title='bbox 1621 3562 1746 3623; x_wconf 89' lang='lat' dir='ltr'>crude-</span> 
     </span>
     <span class='ocr_line' id='line_1_90' title="bbox 951 3653 1763 3736; baseline 0.001 -18"><span class='ocrx_word' id='word_1_511' title='bbox 951 3659 1028 3719; x_wconf 89' lang='lat' dir='ltr'>liter</span> <span class='ocrx_word' id='word_1_512' title='bbox 1043 3659 1075 3720; x_wconf 90' lang='lat' dir='ltr'>et</span> <span class='ocrx_word' id='word_1_513' title='bbox 1088 3653 1380 3734; x_wconf 82' lang='lat' dir='ltr'>contemptibiliter</span> <span class='ocrx_word' id='word_1_514' title='bbox 1395 3660 1651 3736; x_wconf 88' lang='lat' dir='ltr'>pertractarunt,</span> <span class='ocrx_word' id='word_1_515' title='bbox 1668 3658 1744 3720; x_wconf 89' lang='lat' dir='ltr'>atii-</span> <span class='ocrx_word' id='word_1_516' title='bbox 1760 3696 1763 3700; x_wconf 64' lang='lat'><em>›</em></span> 
     </span>
     <span class='ocr_line' id='line_1_91' title="bbox 951 3755 1742 3831; baseline -0.001 -14"><span class='ocrx_word' id='word_1_517' title='bbox 951 3756 1077 3817; x_wconf 90' lang='lat' dir='ltr'>cientes</span> <span class='ocrx_word' id='word_1_518' title='bbox 1109 3756 1280 3824; x_wconf 85' lang='lat' dir='ltr'>convitiis,</span> <span class='ocrx_word' id='word_1_519' title='bbox 1313 3755 1500 3831; x_wconf 85' lang='lat' dir='ltr'>affligentes</span> <span class='ocrx_word' id='word_1_520' title='bbox 1531 3756 1742 3829; x_wconf 82' lang='lat' dir='ltr'>uerberibus,</span> 
     </span>
     <span class='ocr_line' id='line_1_92' title="bbox 950 3852 1745 3928; baseline 0.003 -16"><span class='ocrx_word' id='word_1_521' title='bbox 950 3852 983 3913; x_wconf 90' lang='lat' dir='ltr'>et</span> <span class='ocrx_word' id='word_1_522' title='bbox 1018 3852 1160 3913; x_wconf 84' lang='lat' dir='ltr'>uinculis</span> <span class='ocrx_word' id='word_1_523' title='bbox 1194 3853 1382 3928; x_wconf 83' lang='lat' dir='ltr'>alligantes.</span> <span class='ocrx_word' id='word_1_524' title='bbox 1422 3853 1568 3913; x_wconf 88' lang='lat' dir='ltr'>Tandem</span> <span class='ocrx_word' id='word_1_525' title='bbox 1602 3853 1745 3916; x_wconf 84' lang='lat' dir='ltr'>attliotos</span> 
     </span>
     <span class='ocr_line' id='line_1_93' title="bbox 951 3948 1746 4024; baseline 0.001 -15"><span class='ocrx_word' id='word_1_526' title='bbox 951 3948 1180 4024; x_wconf 88' lang='lat' dir='ltr'>multipliciter</span> <span class='ocrx_word' id='word_1_527' title='bbox 1194 3952 1227 4010; x_wconf 92' lang='lat' dir='ltr'>et</span> <span class='ocrx_word' id='word_1_528' title='bbox 1237 3949 1368 4010; x_wconf 87' lang='lat' dir='ltr'>attritos</span> <span class='ocrx_word' id='word_1_529' title='bbox 1383 3948 1423 4010; x_wconf 90' lang='lat' dir='ltr'>ad</span> <span class='ocrx_word' id='word_1_530' title='bbox 1439 3949 1620 4010; x_wconf 81' lang='lat' dir='ltr'>soldanum</span> <span class='ocrx_word' id='word_1_531' title='bbox 1631 3949 1746 4011; x_wconf 82' lang='lat' dir='ltr'>divina</span> 
     </span>
     <span class='ocr_line' id='line_1_94' title="bbox 951 4045 1744 4124; baseline 0.001 -19"><span class='ocrx_word' id='word_1_532' title='bbox 951 4045 1146 4121; x_wconf 89' lang='lat' dir='ltr'>disponente</span> <span class='ocrx_word' id='word_1_533' title='bbox 1168 4046 1386 4122; x_wconf 87' lang='lat' dir='ltr'>providentia,</span> <span class='ocrx_word' id='word_1_534' title='bbox 1401 4049 1498 4124; x_wconf 85' lang='lat' dir='ltr'>juxta</span> <span class='ocrx_word' id='word_1_535' title='bbox 1519 4048 1585 4107; x_wconf 81' lang='lat' dir='ltr'>uiri</span> <span class='ocrx_word' id='word_1_536' title='bbox 1609 4046 1744 4121; x_wconf 50' lang='lat' dir='ltr'>deside,-</span> 
     </span>
     <span class='ocr_line' id='line_1_95' title="bbox 949 4142 1746 4220; baseline 0.004 -18"><span class='ocrx_word' id='word_1_537' title='bbox 949 4142 1036 4203; x_wconf 88' lang='lat' dir='ltr'>rium</span> <span class='ocrx_word' id='word_1_538' title='bbox 1067 4143 1304 4219; x_wconf 86' lang='lat' dir='ltr'>perduxerunt.</span> <span class='ocrx_word' id='word_1_539' title='bbox 1341 4146 1421 4203; x_wconf 88' lang='lat' dir='ltr'>Cum</span> <span class='ocrx_word' id='word_1_540' title='bbox 1453 4144 1557 4219; x_wconf 89' lang='lat' dir='ltr'>igitur</span> <span class='ocrx_word' id='word_1_541' title='bbox 1589 4145 1746 4220; x_wconf 86' lang='lat' dir='ltr'>princeps</span> 
     </span>
     <span class='ocr_line' id='line_1_96' title="bbox 949 4238 1746 4317; baseline 0.005 -19"><span class='ocrx_word' id='word_1_542' title='bbox 949 4239 1007 4300; x_wconf 91' lang='lat' dir='ltr'>ille</span> <span class='ocrx_word' id='word_1_543' title='bbox 1031 4240 1250 4316; x_wconf 89' lang='lat' dir='ltr'>perquireret,</span> <span class='ocrx_word' id='word_1_544' title='bbox 1274 4238 1445 4315; x_wconf 89' lang='lat' dir='ltr'>aquibus,</span> <span class='ocrx_word' id='word_1_545' title='bbox 1473 4240 1505 4301; x_wconf 92' lang='lat' dir='ltr'>et</span> <span class='ocrx_word' id='word_1_546' title='bbox 1529 4240 1570 4300; x_wconf 92' lang='lat' dir='ltr'>ad</span> <span class='ocrx_word' id='word_1_547' title='bbox 1595 4240 1686 4317; x_wconf 86' lang='lat' dir='ltr'>quid,</span> <span class='ocrx_word' id='word_1_548' title='bbox 1712 4243 1746 4302; x_wconf 87' lang='lat' dir='ltr'>et</span> 
     </span>
     <span class='ocr_line' id='line_1_97' title="bbox 949 4337 1743 4413; baseline 0.005 -17"><span class='ocrx_word' id='word_1_549' title='bbox 949 4337 1093 4413; x_wconf 88' lang='lat' dir='ltr'>qualiter</span> <span class='ocrx_word' id='word_1_550' title='bbox 1116 4337 1209 4396; x_wconf 89' lang='lat' dir='ltr'>missi</span> <span class='ocrx_word' id='word_1_551' title='bbox 1238 4337 1360 4407; x_wconf 88' lang='lat' dir='ltr'>essent,</span> <span class='ocrx_word' id='word_1_552' title='bbox 1390 4338 1424 4398; x_wconf 90' lang='lat' dir='ltr'>et</span> <span class='ocrx_word' id='word_1_553' title='bbox 1447 4337 1611 4413; x_wconf 90' lang='lat' dir='ltr'>quomodo</span> <span class='ocrx_word' id='word_1_554' title='bbox 1637 4338 1743 4400; x_wconf 87' lang='lat' dir='ltr'>adve-</span> 
     </span>
     <span class='ocr_line' id='line_1_98' title="bbox 949 4432 1745 4509; baseline 0.004 -16"><span class='ocrx_word' id='word_1_555' title='bbox 949 4434 1089 4504; x_wconf 89' lang='lat' dir='ltr'>nissent,</span> <span class='ocrx_word' id='word_1_556' title='bbox 1121 4433 1288 4509; x_wconf 89' lang='lat' dir='ltr'>intrepido</span> <span class='ocrx_word' id='word_1_557' title='bbox 1312 4432 1411 4493; x_wconf 93' lang='lat' dir='ltr'>corde</span> <span class='ocrx_word' id='word_1_558' title='bbox 1430 4433 1601 4509; x_wconf 88' lang='lat' dir='ltr'>respondit</span> <span class='ocrx_word' id='word_1_559' title='bbox 1620 4435 1745 4498; x_wconf 83' lang='lat' dir='ltr'>Christi</span> 
     </span>
    </p>
   </div>
   <div class='ocr_carea' id='block_1_5' title="bbox 950 4529 1846 4605">
    <p class='ocr_par' dir='ltr' id='par_1_5' title="bbox 950 4529 1846 4605">
     <span class='ocr_line' id='line_1_99' title="bbox 950 4529 1846 4605; baseline 0.003 -14"><span class='ocrx_word' id='word_1_560' title='bbox 950 4546 1066 4592; x_wconf 84' lang='lat' dir='ltr'>servus</span> <span class='ocrx_word' id='word_1_561' title='bbox 1090 4529 1291 4591; x_wconf 85' lang='lat' dir='ltr'>Franciscus</span> <span class='ocrx_word' id='word_1_562' title='bbox 1313 4530 1411 4589; x_wconf 88' lang='lat' dir='ltr'>:Non</span> <span class='ocrx_word' id='word_1_563' title='bbox 1430 4529 1472 4590; x_wconf 92' lang='lat' dir='ltr'>ab</span> <span class='ocrx_word' id='word_1_564' title='bbox 1487 4530 1634 4605; x_wconf 90' lang='lat' dir='ltr'>bomine,</span> <span class='ocrx_word' id='word_1_565' title='bbox 1651 4533 1746 4594; x_wconf 89' lang='lat' dir='ltr'>seda</span> <span class='ocrx_word' id='word_1_566' title='bbox 1843 4542 1846 4547; x_wconf 84' lang='grc'><strong><em>·</em></strong></span> 
     </span>
    </p>
   </div>
   <div class='ocr_carea' id='block_1_6' title="bbox 947 4625 1747 5703">
    <p class='ocr_par' dir='ltr' id='par_1_6' title="bbox 947 4625 1747 5703">
     <span class='ocr_line' id='line_1_100' title="bbox 948 4625 1744 4702; baseline 0.001 -13"><span class='ocrx_word' id='word_1_567' title='bbox 948 4630 1016 4689; x_wconf 88' lang='lat' dir='ltr'>Deo</span> <span class='ocrx_word' id='word_1_568' title='bbox 1045 4626 1210 4688; x_wconf 88' lang='lat' dir='ltr'>altissimo</span> <span class='ocrx_word' id='word_1_569' title='bbox 1237 4641 1273 4686; x_wconf 91' lang='lat' dir='ltr'>se</span> <span class='ocrx_word' id='word_1_570' title='bbox 1301 4625 1405 4687; x_wconf 86' lang='lat' dir='ltr'>tuisse</span> <span class='ocrx_word' id='word_1_571' title='bbox 1432 4628 1678 4702; x_wconf 88' lang='lat' dir='ltr'>transmissum,</span> <span class='ocrx_word' id='word_1_572' title='bbox 1707 4632 1744 4691; x_wconf 91' lang='lat' dir='ltr'>ut</span> 
     </span>
     <span class='ocr_line' id='line_1_101' title="bbox 949 4723 1743 4801; baseline 0.003 -16"><span class='ocrx_word' id='word_1_573' title='bbox 949 4725 1034 4786; x_wconf 89' lang='grc'><strong>6161</strong></span> <span class='ocrx_word' id='word_1_574' title='bbox 1056 4723 1178 4801; x_wconf 88' lang='lat' dir='ltr'>populo</span> <span class='ocrx_word' id='word_1_575' title='bbox 1199 4738 1259 4784; x_wconf 88' lang='lat' dir='ltr'>suo</span> <span class='ocrx_word' id='word_1_576' title='bbox 1281 4724 1370 4784; x_wconf 89' lang='lat' dir='ltr'>viam</span> <span class='ocrx_word' id='word_1_577' title='bbox 1397 4723 1516 4786; x_wconf 89' lang='lat' dir='ltr'>salutis</span> <span class='ocrx_word' id='word_1_578' title='bbox 1543 4726 1743 4798; x_wconf 87' lang='lat' dir='ltr'>ostenderet,</span> 
     </span>
     <span class='ocr_line' id='line_1_102' title="bbox 949 4821 1744 4897; baseline 0.001 -14"><span class='ocrx_word' id='word_1_579' title='bbox 949 4823 981 4883; x_wconf 89' lang='lat' dir='ltr'>et</span> <span class='ocrx_word' id='word_1_580' title='bbox 1001 4821 1218 4882; x_wconf 85' lang='lat' dir='ltr'>annuntiaret</span> <span class='ocrx_word' id='word_1_581' title='bbox 1230 4821 1445 4897; x_wconf 82' lang='lat' dir='ltr'>Evangeliurn</span> <span class='ocrx_word' id='word_1_582' title='bbox 1456 4822 1619 4884; x_wconf 83' lang='lat' dir='ltr'>ueritatis.</span> <span class='ocrx_word' id='word_1_583' title='bbox 1638 4824 1744 4884; x_wconf 83' lang='lat' dir='ltr'>Tanta</span> 
     </span>
     <span class='ocr_line' id='line_1_103' title="bbox 947 4918 1747 4989; baseline -0.001 -9"><span class='ocrx_word' id='word_1_584' title='bbox 947 4935 1028 4981; x_wconf 82' lang='lat' dir='ltr'>uero</span> <span class='ocrx_word' id='word_1_585' title='bbox 1048 4918 1168 4979; x_wconf 89' lang='lat' dir='ltr'>mentis</span> <span class='ocrx_word' id='word_1_586' title='bbox 1191 4918 1390 4989; x_wconf 90' lang='lat' dir='ltr'>constantia,</span> <span class='ocrx_word' id='word_1_587' title='bbox 1414 4920 1506 4979; x_wconf 90' lang='lat' dir='ltr'>tanta</span> <span class='ocrx_word' id='word_1_588' title='bbox 1528 4919 1650 4980; x_wconf 82' lang='lat' dir='ltr'>virtute</span> <span class='ocrx_word' id='word_1_589' title='bbox 1669 4918 1747 4979; x_wconf 87' lang='lat' dir='ltr'>ani·</span> 
     </span>
     <span class='ocr_line' id='line_1_104' title="bbox 948 5014 1743 5092; baseline 0.001 -16"><span class='ocrx_word' id='word_1_590' title='bbox 948 5017 1009 5088; x_wconf 92' lang='lat' dir='ltr'>mi,</span> <span class='ocrx_word' id='word_1_591' title='bbox 1039 5017 1198 5092; x_wconf 91' lang='lat' dir='ltr'>tantoque</span> <span class='ocrx_word' id='word_1_592' title='bbox 1236 5014 1368 5076; x_wconf 78' lang='lat' dir='ltr'>terrore</span> <span class='ocrx_word' id='word_1_593' title='bbox 1409 5015 1546 5091; x_wconf 87' lang='lat' dir='ltr'>spiritus</span> <span class='ocrx_word' id='word_1_594' title='bbox 1584 5014 1743 5090; x_wconf 87' lang='lat' dir='ltr'>praedicto</span> 
     </span>
     <span class='ocr_line' id='line_1_105' title="bbox 950 5112 1742 5188; baseline -0.004 -13"><span class='ocrx_word' id='word_1_595' title='bbox 950 5112 1094 5175; x_wconf 85' lang='lat' dir='ltr'>Soldano</span> <span class='ocrx_word' id='word_1_596' title='bbox 1108 5112 1303 5188; x_wconf 83' lang='lat' dir='ltr'>praedicarit</span> <span class='ocrx_word' id='word_1_597' title='bbox 1319 5113 1423 5172; x_wconf 86' lang='lat' dir='ltr'>Deum</span> <span class='ocrx_word' id='word_1_598' title='bbox 1438 5112 1562 5172; x_wconf 89' lang='lat' dir='ltr'>trinum</span> <span class='ocrx_word' id='word_1_599' title='bbox 1579 5112 1612 5172; x_wconf 91' lang='lat' dir='ltr'>et</span> <span class='ocrx_word' id='word_1_600' title='bbox 1628 5127 1742 5181; x_wconf 74' lang='lat' dir='ltr'>unum</span> 
     </span>
     <span class='ocr_line' id='line_1_106' title="bbox 949 5207 1740 5282; baseline -0.004 -10"><span class='ocrx_word' id='word_1_601' title='bbox 949 5211 982 5272; x_wconf 91' lang='lat' dir='ltr'>et</span> <span class='ocrx_word' id='word_1_602' title='bbox 1005 5209 1212 5270; x_wconf 80' lang='lat' dir='ltr'>saluatorem</span> <span class='ocrx_word' id='word_1_603' title='bbox 1245 5209 1391 5269; x_wconf 91' lang='lat' dir='ltr'>omnium</span> <span class='ocrx_word' id='word_1_604' title='bbox 1414 5210 1528 5269; x_wconf 81' lang='lat' dir='ltr'>iesum</span> <span class='ocrx_word' id='word_1_605' title='bbox 1557 5207 1740 5282; x_wconf 85' lang='lat' dir='ltr'>Christum,</span> 
     </span>
     <span class='ocr_line' id='line_1_107' title="bbox 950 5303 1745 5381; baseline 0.001 -14"><span class='ocrx_word' id='word_1_606' title='bbox 950 5308 986 5368; x_wconf 90' lang='lat' dir='ltr'>ut</span> <span class='ocrx_word' id='word_1_607' title='bbox 1013 5306 1242 5381; x_wconf 81' lang='lat' dir='ltr'>evangelicum</span> <span class='ocrx_word' id='word_1_608' title='bbox 1273 5304 1356 5365; x_wconf 93' lang='lat' dir='ltr'>illud</span> <span class='ocrx_word' id='word_1_609' title='bbox 1387 5303 1422 5363; x_wconf 91' lang='lat' dir='ltr'>in</span> <span class='ocrx_word' id='word_1_610' title='bbox 1456 5304 1515 5364; x_wconf 94' lang='lat' dir='ltr'>illo</span> <span class='ocrx_word' id='word_1_611' title='bbox 1543 5303 1745 5368; x_wconf 88' lang='lat' dir='ltr'>claresceret</span> 
     </span>
     <span class='ocr_line' id='line_1_108' title="bbox 949 5401 1744 5478; baseline 0 -12"><span class='ocrx_word' id='word_1_612' title='bbox 949 5404 1114 5466; x_wconf 81' lang='lat' dir='ltr'>ueraciter</span> <span class='ocrx_word' id='word_1_613' title='bbox 1129 5418 1202 5464; x_wconf 86' lang='lat' dir='ltr'>esse</span> <span class='ocrx_word' id='word_1_614' title='bbox 1217 5401 1415 5478; x_wconf 87' lang='lat' dir='ltr'>completum</span> <span class='ocrx_word' id='word_1_615' title='bbox 1432 5423 1439 5460; x_wconf 92' lang='lat'><strong>:</strong></span> <span class='ocrx_word' id='word_1_616' title='bbox 1455 5404 1529 5477; x_wconf 79' lang='lat' dir='ltr'>Epo</span> <span class='ocrx_word' id='word_1_617' title='bbox 1550 5404 1634 5463; x_wconf 84' lang='lat' dir='ltr'>dabo</span> <span class='ocrx_word' id='word_1_618' title='bbox 1648 5407 1744 5466; x_wconf 73' lang='grc'><strong>661111</strong></span> 
     </span>
     <span class='ocr_line' id='line_1_109' title="bbox 950 5500 1746 5573; baseline -0.001 -10"><span class='ocrx_word' id='word_1_619' title='bbox 950 5514 998 5570; x_wconf 88' lang='lat' dir='ltr'>os,</span> <span class='ocrx_word' id='word_1_620' title='bbox 1021 5502 1054 5561; x_wconf 80' lang='lat' dir='ltr'>at</span> <span class='ocrx_word' id='word_1_621' title='bbox 1075 5500 1294 5573; x_wconf 80' lang='lat' dir='ltr'>septentiam,</span> <span class='ocrx_word' id='word_1_622' title='bbox 1323 5501 1380 5559; x_wconf 77' lang='lat' dir='ltr'>caet</span> <span class='ocrx_word' id='word_1_623' title='bbox 1400 5513 1470 5560; x_wconf 81' lang='lat' dir='ltr'>reon</span> <span class='ocrx_word' id='word_1_624' title='bbox 1495 5500 1661 5573; x_wconf 70' lang='lat' dir='ltr'>potamau</span> <span class='ocrx_word' id='word_1_625' title='bbox 1686 5517 1746 5563; x_wconf 83' lang='lat' dir='ltr'>re-</span> 
     </span>
     <span class='ocr_line' id='line_1_110' title="bbox 950 5598 1744 5703; baseline 0 -43"><span class='ocrx_word' id='word_1_626' title='bbox 950 5600 1074 5660; x_wconf 75' lang='lat' dir='ltr'>sistere</span> <span class='ocrx_word' id='word_1_627' title='bbox 1093 5598 1128 5658; x_wconf 85' lang='lat' dir='ltr'>et</span> <span class='ocrx_word' id='word_1_628' title='bbox 1146 5598 1382 5703; x_wconf 52' lang='lat' dir='ltr'>contradicere</span> <span class='ocrx_word' id='word_1_629' title='bbox 1407 5610 1525 5659; x_wconf 81' lang='lat' dir='ltr'>omnes</span> <span class='ocrx_word' id='word_1_630' title='bbox 1545 5600 1744 5660; x_wconf 78' lang='lat' dir='ltr'>adversarii</span> 
     </span>
    </p>
   </div>
   <div class='ocr_carea' id='block_1_7' title="bbox 0 0 1980 6197">
    <p class='ocr_par' dir='ltr' id='par_1_7' title="bbox 0 0 1980 6197">
     <span class='ocr_line' id='line_1_111' title="bbox 0 0 1980 6197; baseline 0 0"><span class='ocrx_word' id='word_1_631' title='bbox 0 0 1980 6197; x_wconf 95' lang='lat' dir='ltr'> </span> 
     </span>
    </p>
   </div>
  </div>
 </body>
</html>
