3950 6200
85 328 132 393 gc
560 317 667 381 raas
694 290 897 379 sncnnna.
911 315 1162 379 -uuunuar⁸
1413 298 1424 311 '
1619 319 1681 379 310

85 479 332 555 tatisnihildent3
346 478 379 541 et
391 474 624 553 nequidquam
642 473 711 537 illis
723 475 831 537 done·
887 473 1002 550 tigerit
1029 474 1172 536 aliorum
1205 473 1380 536 imminere
1413 472 1605 546 laboribus,
1641 474 1683 537 de

84 585 123 643 tur
143 593 160 640 a
182 575 309 655 propria
332 574 469 646 familia,
497 571 678 651 probibere
706 587 831 649 procu·
887 570 1016 633 cunctis
1038 571 1198 648 appositis
1217 571 1270 632 die
1285 570 1433 648 quolibet
1447 586 1582 632 sumere
1596 571 1683 633 lice-

84 680 145 737 rent.
886 667 934 729 bit
947 667 1083 739 eisdem,
1098 667 1166 728 nisi
1178 669 1272 729 sexta
1290 667 1385 740 feria,
1401 668 1455 730 rel
1472 668 1543 729 dies
1558 668 1602 729 sit
1615 668 1683 729 alia

208 767 471 833 nemetinensis
484 766 671 839 etfcfunlo.
887 765 1011 841 inqua
1036 764 1240 839 generaliter
1266 764 1308 826 ab
1338 766 1488 828 Ecclesia
1514 766 1682 842 jejunium

282 926 523 988 QPITULUM
544 926 583 985 V·
886 861 1037 925 noscitur
1049 861 1247 924 institutum.

107 1060 144 1121 ph
157 1075 211 1123 02„
223 1059 332 1120 ,utem
352 1058 516 1129 campum,
530 1056 686 1130 munda,
701 1056 831 1135 quam,
906 1026 1045 1107 Quoties
1063 1038 1184 1099 deberat
1202 1039 1360 1111 confiteri
1382 1053 1449 1115 per
1474 1053 1607 1100 oncrum
1628 1037 1663 1099 et

80 1157 199 1221 etsexta
220 1154 314 1229 feria,
344 1154 462 1233 dieque
487 1154 617 1216 sabbati
643 1154 831 1218 abstinmnt
1059 1149 1200 1197 atemere
1219 1149 1345 1209 00111118
1362 1136 1502 1197 Christi·

81 1253 204 1324 universi,
221 1252 286 1313 nisi
300 1251 391 1315 allud
414 1251 619 1315 infirmitatis
640 1251 694 1314 rel
707 1251 831 1315 debili-

80 1350 133 1413 tatis
146 1348 293 1413 instantia
320 1348 487 1413 suaderet.
512 1349 649 1411 Minutis
670 1363 753 1411 uero
773 1364 833 1426 per
1124 1311 1370 1374 CAPITULUM
1395 1313 1451 1373 VI·

80 1447 190 1507 triduum
208 1461 324 1509 carnes
347 1446 482 1521 dentur3
505 1462 568 1507 nec
593 1445 832 1507 subtrahantur
926 1442 1057 1520 Singuli
1072 1446 1181 1505 autem
1197 1442 1338 1505 fratrum
1360 1445 1393 1506 et
1407 1459 1560 1505 sororum
1573 1444 1625 1505 ter
1645 1443 1682 1504 in

78 1544 100 1603 in
117 1543 219 1605 itinere
242 1543 444 1606 constitutis.
464 1543 514 1605 Sit
533 1558 662 1620 quoque
682 1543 831 1619 ipsarum
885 1555 984 1613 anno,
997 1540 1153 1602 videlicet
1167 1541 1202 1601 in
1217 1540 1330 1602 Natali
1345 1541 1487 1610 Domini,
1504 1541 1539 1601 in
1554 1543 1682 1602 Resur-

78 1640 198 1703 couestio
218 1640 311 1703 licita
326 1640 480 1715 singulis,
494 1656 569 1702 cum
587 1639 830 1701 solemnitatem
885 1637 1045 1699 rectionis
1062 1637 1169 1714 ipsius
1192 1639 1226 1699 et
1249 1640 1463 1700 pentecostes
1488 1636 1683 1700 festivitati-

78 1736 240 1814 precipuam
265 1737 474 1799 intervenire
498 1736 676 1812 contigerit
702 1736 738 1797 in
766 1752 831 1813 qua
885 1731 958 1805 bus,
975 1736 1111 1810 peccata
1122 1735 1256 1811 propria
1270 1735 1434 1807 confiteri,
1451 1737 1484 1796 et
1497 1733 1682 1796 Eucharis-

77 1833 159 1893 eateri
174 1833 346 1895 christiani
365 1833 407 1894 ab
428 1833 565 1911 antiquo
577 1833 685 1911 epulis
700 1834 831 1895 carneis
885 1829 965 1891 tiam
981 1830 1100 1892 devote
1121 1831 1291 1907 suscipere
1314 1847 1380 1892 non
1395 1831 1604 1909 postponant,
1621 1846 1681 1892 re-

76 1929 254 1995 rucisolent
271 1931 486 1995 Aliisautem
508 1930 636 2004 diebus,
662 1929 831 2007 inquibus
885 1927 1097 1989 conciliando
1132 1944 1168 1991 se
1203 1928 1378 2007 proximis,
1412 1931 1447 1990 et
1474 1928 1681 1991 restituendo

73 2027 198 2101 jejunium
222 2043 288 2088 nou
308 2030 479 2099 servatur,
493 2040 555 2089 ora
578 2028 612 2089 et
631 2043 749 2089 caseus
762 2043 829 2088 non
885 2025 986 2089 etiam
1001 2024 1123 2087 aliena.

75 2126 209 2199 negentur,
224 2126 279 2187 sed
298 2142 375 2188 cum
390 2125 558 2201 religiosis
573 2126 717 2188 soteris
708 2142 743 2186 1n
768 2141 830 2188 eo-

75 2222 570 2294 runcourentualibusdomibus‚
585 2223 675 2285 licite
699 2238 830 2284 sumere
926 2196 1019 2260 om
1034 2195 1228 2269 '‘misem'‘
1242 2193 1639 2271 armmmffltffimlwnss·

74 2316 172 2381 nloant
205 2320 244 2381 do
277 2319 443 2397 appositis
469 2319 511 2381 ab
534 2318 671 2391 eisdem,
697 2319 830 2396 sintque
1164 2363 1300 2424 CAPUT
1327 2364 1398 2424 VH

75 2414 172 2487 prandii
194 2432 367 2494 coenaque
386 2416 569 2479 refectione
590 2416 748 2488 contenti,
765 2431 829 2477 ex-

74 2512 329 2589 septislanguidis,
346 2514 380 2575 et
399 2512 599 2588 viatoribus,
614 2529 654 2575 ac
675 2512 828 2575 infirmis.
924 2493 1188 2571 Imlussssalfflssis
1211 2509 1305 2555 arma
1330 2509 1443 2555 secum
1466 2492 1588 2555 fratres
1610 2509 1680 2555 non

75 2607 108 2667 n
117 2610 295 2673 sanioribus
310 2611 506 2675 moderatus
517 2611 550 2672 et
561 2612 668 2687 potus
677 2626 752 2672 cum
761 2610 831 2673 tex
885 2590 1045 2663 (1111613111
1070 2591 1714 2691 1113111111(1616118101911011111119Εο-

75 2704 317 2784 tuerangelicus
334 2707 479 2771 haheat:
495 2707 714 2771 Aggngsteng
729 2707 829 2771 00de
884 2687 1007 2760 clesiae,
1032 2689 1225 2750 christianae
1252 2689 1345 2762 fidei,
1373 2690 1425 2750 vel
1454 2689 1554 2750 etiam
1580 2654 1714 2750 terrae'

74 2804 291 2881 mmerapula
307 2806 346 2867 et
355 2804 517 2867 ebrietate
526 2806 719 2881 graventur
727 2808 830 2867 Pran.
885 2802 1044 2863 Ipsorum,
1060 2788 1119 2847 aut
1142 2786 1183 2847 de
1197 2802 1333 2848 suorum
1347 2786 1483 2848 lloentla
1501 2785 1678 2847 mlniStI'O·

74 2893 256 2974 diumautem,
279 2901 339 2964 vel
360 2917 467 2976 coenn,
487 2916 554 2964 nou
575 2902 642 2963 nlsi
657 2903 829 2979 praemissa
885 2899 970 2944 111111·
1081 2926 1086 2934 ’

73 2995 145 3057 send
167 2995 355 3060 Dominica'
376 2999 528 3063 oratione
563 3001 723 3070 sumatur,
755 3000 830 3076 post
1004 2984 1054 3043 De
1066 2983 1217 3044 (1109111111
1236 2984 1346 3043 HOt'li
1365 2984 1555 3045 cmliii&

71 3094 250 3170 sumptionem
272 3095 415 3160 cuilibet
435 3111 510 3157 oum
525 3097 593 3160 Deo
614 3095 741 3172 gratias
761 3095 829 3158 lte-

71 3189 154 3250 nuda.
178 3193 312 3264 Quodsi
343 3193 450 3254 omitti
478 3193 668 3268 contigerit,
698 3192 830 3254 dicatur
1104 3160 1347 3221 GAPITULUM
1372 3160 1459 3219 vm·

41 3304 42 3363 3
70 3283 146 3347 tribus
157 3288 280 3350 risibus
294 3291 410 3351 Pater
428 3291 556 3351 noster.
573 3288 726 3361 Qualibet
749 3304 829 3351 vero
924 3289 1043 3351 Dicant
1071 3291 1218 3352 universi
1245 3290 1392 3367 quotidie
1416 3291 1542 3366 septem
1569 3292 1678 3352 Horas

41 3420 42 3423 κ
71 3385 138 3445 sarta
157 3384 233 3448 feria
248 3387 355 3448 totins
370 3386 451 3446 anni
462 3385 628 3462 jejunium
648 3385 827 3460 celebrent,
885 3387 1080 3458 canonicas,
1102 3388 1257 3450 videlicet
1284 3387 1494 3456 Matutinum,
1520 3388 1678 3458 Primam,

70 3477 115 3538 nisi
136 3480 212 3544 forte
238 3482 438 3544 infirmitate
466 3484 524 3542 aut
551 3482 620 3543 alia
648 3497 749 3544 causa
779 3483 830 3544 le·
883 3486 1041 3557 Tertiam,
1075 3487 1220 3557 sextam,
1255 3486 1402 3557 Nonam,
1436 3485 1613 3561 vesperus,
1647 3484 1682 3546 et

69 3573 152 3646 gitima
171 3582 386 3650 excusentur,
410 3579 462 3640 vel
488 3578 555 3638 nisi
581 3578 702 3640 festum
725 3581 831 3641 Nata-
885 3581 1157 3658 completorium
1184 3581 1316 3654 Clerici,
1349 3581 1506 3643 videlicet
1538 3581 1682 3644 scientes

69 3668 97 3730 lb
108 3675 219 3738 Domini
234 3678 339 3740 Peria
355 3677 428 3753 ipsa
443 3677 635 3739 occurreret
647 3676 831 3738 observan-
885 3678 1096 3750 Psalterium,
1106 3674 1167 3756 pro'
1179 3680 1297 3755 prima,
1309 3683 1402 3741 Deus
1412 3682 1448 3740 tn
1461 3682 1599 3740 nomiae
1610 3679 1680 3751 tao,
1698 3752 1715 3765 α

69 3765 132 3830 dnn.
146 3774 234 3836 seda
249 3773 504 3836 festoOmnium
521 3777 830 3851 Sanctorumusque
885 3779 948 3837 eto.
971 3777 1072 3837 Beati
1095 3777 1319 3850 tmmocutott
1343 3790 1448 3853 usque
1483 3775 1525 3836 ad
1541 3777 1679 3850 degent,

68 3863 218 3933 tirasona
232 3873 357 3949 quarta
370 3873 507 3934 etsexta
520 3871 605 3933 feria
617 3871 828 3949 jejunabunt,
886 3876 1003 3935 Gloria
1016 3873 1121 3934 Patri
1130 3873 1254 3934 dicant.
1268 3875 1348 3933 Cum
1361 3888 1440 3933 vcro
1451 3872 1493 3934 ad
1504 3871 1681 3934 ecclesiam

69 3960 188 4044 ilianum
207 3969 248 4030 ab
263 3969 417 4031 Ecclesia
437 3970 514 4030 sunt
529 3970 652 4031 statuta
672 3969 724 4030 vel
740 3969 832 4030 ordi·
885 3985 953 4031 non
967 3969 1137 4044 accedent,
1151 3986 1211 4047 pro
1226 3970 1389 4033 Matutino
1404 3970 1554 4031 Psalmos
1569 3969 1681 4031 dicere

68 4061 132 4132 rab,
146 4078 183 4126 ex
196 4081 298 4132 causa
324 4066 545 4128 communiter
559 4065 684 4128 indicta
699 4065 831 4143 jeiunia
885 4068 1050 4137 studeant,
1072 4083 1154 4144 quos
1178 4068 1292 4129 dicunt
1310 4068 1435 4138 clerici,
1462 4066 1515 4129 rel
1538 4066 1682 4128 ecclesia

69 4161 207 4222 sanaturi.
222 4166 259 4224 ln
275 4164 539 4238 Quadragesima
550 4179 630 4226 vero
641 4165 677 4224 Β.
694 4163 831 4226 Martini
885 4165 1098 4236 cathedralis,
1115 4164 1168 4226 val
1184 4165 1301 4226 saltem
1323 4167 1360 4225 ut
1372 4164 1524 4226 illiterati
1546 4164 1604 4225 alii
1620 4176 1680 4238 pro

69 4258 192 4330 usquead
204 4260 292 4322 diem
308 4260 503 4324 Natiuitatis
518 4260 661 4332 Domini,
678 4262 711 4321 et
725 4276 745 4321 a
760 4262 830 4324 Do·
885 4262 1048 4324 Matutino
1076 4261 1264 4333 duodecim,
1289 4265 1323 4324 et
1348 4277 1408 4337 pro
1436 4260 1585 4338 qualibet
1609 4259 1678 4320 alia

68 4347 468 4435 ninicaQuinquagesimae
492 4356 658 4434 usquead
682 4357 828 4430 Pascha,
885 4358 969 4420 hora
995 4361 1120 4435 septem
1151 4357 1281 4420 vicibus
1315 4360 1427 4420 Pater
1459 4359 1578 4418 scortes
1605 4370 1680 4416 cum

68 4442 154 4511 diebus
173 4454 328 4530 singulis,
354 4454 503 4530 exceptis
526 4453 720 4527 Dominicis,
741 4456 832 4531 jeju·
886 4459 1004 4519 Gloria
1019 4456 1124 4517 Pctrt
1151 4455 1264 4516 dicere
1279 4470 1345 4516 non
1371 4454 1539 4528 omittant;
1556 4453 1592 4514 in
1609 4452 1683 4529 qui·

68 4554 127 4606 Mra
141 4553 334 4627 procurent;
361 4552 426 4612 nisi
453 4551 544 4612 aliud
567 4551 720 4614 fortassis
735 4551 832 4612 intir-
885 4552 947 4613 bus
970 4552 1128 4613 videlicet
1149 4552 1271 4612 Primae
1297 4567 1337 4613 ac
1361 4551 1573 4628 completorii
1590 4550 1685 4612 horis

67 4639 148 4716 ultas,
163 4647 209 4709 rel
223 4649 408 4711 necessitas
423 4647 490 4710 alia
508 4648 674 4714 suaderet.
691 4651 830 4710 Sorores
885 4649 1049 4710 minorem
1063 4648 1266 4726 Symbolum,
1280 4650 1680 4721 etMtserercmetDeus,

68 4741 191 4814 orrida,
207 4762 313 4826 usque
334 4747 458 4810 adsuta
474 4745 828 4822 purificationisdiem,
885 4748 1057 4823 adjiciant,
1082 4746 1140 4824 qui
1163 4747 1329 4808 noverint.
1360 4746 1424 4808 Sed
1447 4747 1477 4807 si
1502 4746 1594 4807 horis
1616 4760 1683 4805 non

67 4829 329 4904 deremitatione
343 4842 492 4920 qualibet
506 4842 685 4919 corporali,
699 4843 829 4904 oratio·
885 4844 1033 4906 dixerint
1055 4844 1257 4916 constitutis,
1284 4844 1398 4906 dicant
1422 4843 1529 4906 tribus
1553 4840 1684 4904 vicibus

67 4927 139 4993 nilus
159 4935 329 5002 dumtaxat
355 4940 515 5017 exceptis,
538 4940 705 5017 poterunt,
726 4939 756 5000 si
770 4956 831 5001 vo-
885 4943 995 5003 Pater
1018 4941 1416 5004 noster.1ntlrmiautem
1436 4940 1538 5001 horas
1560 4938 1682 5013 hujus·

67 5020 171 5100 luerint,
185 5034 365 5099 abstinere
378 5038 581 5099 Laborantes
596 5037 719 5107 autem,
735 5052 831 5113 prop·
884 5038 974 5100 modi
994 5054 1061 5100 non
1083 5039 1262 5101 teneantur
1281 5039 1403 5110 dicere,
1425 5037 1490 5098 nisi
1511 5034 1628 5096 velint.
1644 5034 1683 5093 In

67 5118 104 5184 ter
124 5123 320 5203 fatigationis
353 5132 531 5193 afficientis
565 5130 773 5202 instantiam,
809 5147 830 5191 a
885 5135 1147 5212 Quadrageslma
1156 5152 1236 5198 nero
1249 5136 1361 5197 Sancti
1375 5132 1521 5203 Martini,
1536 5130 1683 5192 ctetiam

67 5212 215 5287 lominica
247 5229 516 5294 Resurrectionis
541 5228 627 5292 festo
656 5244 760 5306 usque
788 5228 830 5290 ad
886 5233 920 5295 in
946 5234 1078 5310 majori,
1105 5233 1278 5305 ecclesias,
1301 5233 1337 5292 in
1350 5245 1489 5308 quarum
1513 5226 1683 5303 parochiis

67 5308 249 5384 leuitatem
277 5327 314 5385 Β.
340 5326 517 5387 Michaelis
537 5326 699 5402 praedicti,
721 5325 803 5392 ter
794 5341 830 5385 1n
885 5329 1047 5401 habitant,
1073 5328 1325 5399 matutinalibus
1350 5327 1442 5388 horis
1460 5322 1683 5402 personaliter

66 5405 114 5482 dle,
133 5431 190 5492 qua
204 5422 366 5483 exercitio
381 5423 506 5486 laboris
520 5423 723 5494 incumbent,
740 5422 831 5488 licite
885 5426 979 5487 adire
995 5430 1185 5503 procurent,
1202 5425 1267 5488 nisi
1283 5423 1384 5486 causa
1408 5420 1600 5484 rationabili
1621 5433 1684 5479 ex

67 5518 172 5575 sunere
182 5516 291 5579 cibum
303 5523 451 5596 possunt.
464 5523 544 5586 Cum
559 5537 638 5584 vero
653 5521 730 5584 illos
745 5536 829 5582 con·
885 5527 1054 5586 cusentur.
