3950 6200
1666 220 1745 288 1126

100 392 164 454 test
177 390 214 452 in
230 389 390 453 claustro.
407 390 537 453 Civitas
552 391 604 454 est
617 390 829 453 cltnversatio
842 406 898 453 re-
950 392 1103 466 nomino,
1126 407 1193 455 non
1208 391 1341 464 mundo,
1365 387 1418 452 vel
1441 385 1573 449 diabolo
1587 402 1596 442 ε
1609 388 1688 449 Nou
1707 388 1746 448 tu

100 487 255 565 ligionis3
268 487 401 550 undein
415 487 608 550 Proverbiis
620 486 685 567 (18,
701 487 755 568 19)
767 509 776 549 z
788 506 807 550 c
820 491 898 551 Fra·
950 493 1266 564 comessationum,
1283 488 1318 552 et
1331 487 1555 550 amatoribus
1569 482 1679 563 (Rom.
1695 484 1745 554 13,

101 589 162 658 ter,
190 585 248 663 qui
272 585 451 664 adjuvatur
474 601 494 647 a
518 585 633 660 tratre,
657 585 752 664 quasi
778 586 897 650 civitas
953 588 1018 665 13),
1043 590 1077 650 et
1097 587 1253 651 luxuriis.
1278 585 1342 649 Sed
1365 600 1486 647 carere
1505 582 1684 652 debemus,
1705 595 1748 642 ne

101 683 198 744 tirma
219 704 228 742 z
253 685 288 745 et
306 681 435 759 indicia
459 682 555 758 quasi
577 684 689 745 vectes
715 681 858 743 urbium.
879 700 898 742 a
953 685 1163 747 destruamus
1182 683 1412 747 solemnitates
1433 681 1493 742 Dei
1508 696 1583 741 cum
1597 678 1748 755 illisqui

99 770 232 852 vectes,
247 795 322 857 quae
341 778 501 840 claudunt
520 779 608 841 banc
622 779 804 850 civitatem,
822 781 899 840 sunt
953 782 1092 845 dicunt:
1108 800 1126 844 ‹
1143 782 1322 856 Quiesoere
1347 779 1510 842 iaciamus
1538 792 1653 838 omnes
1677 775 1748 837 dies

96 878 227 957 judicia
243 876 439 954 disciplinae.
455 881 483 939 Α
500 878 803 939 turreHouaueet
821 880 900 938 Pro·
953 879 1056 943 testas
1084 880 1144 941 Dei
1170 895 1190 940 a
1213 882 1329 941 terra»
1350 875 1455 953 (Psal.
1472 878 1522 946 73,
1538 874 1591 955 8);
1614 873 1701 934 unde
1713 874 1749 934 in

100 976 263 1055 prietates
277 975 380 1036 turris
401 973 488 1037 bene
506 975 710 1037 conveniunt
728 974 897 1052 religioni.
953 978 1095 1039 'l'brenis
1110 975 1155 1056 (1,
1166 974 1221 1055 7):
1237 975 1504 1038 ‹Viderunteam
1514 973 1640 1043 hostes,
1652 971 1747 1033 etde-

101 1077 285 1137 Hanauoei
294 1072 536 1147 interpretatur
545 1072 752 1134 obedientia:
766 1087 790 1134 u
799 1074 899 1134 turre
953 1077 1102 1136 riserunt
1113 1073 1251 1135 sabbata
1261 1075 1376 1150 ejus.»
1391 1074 1511 1132 Hostes
1524 1068 1581 1131 isti
1595 1070 1674 1130 sunt
1687 1067 1752 1129 dae·

102 1187 184 1248 ergo
213 1169 411 1232 obedientiae
435 1169 555 1248 incipit
584 1170 705 1247 religio
725 1184 834 1245 usque
855 1172 900 1231 ud
955 1188 1082 1244 mones,
1115 1171 1171 1249 qui
1199 1171 1352 1233 derident
1380 1169 1619 1231 solemnitates.
1657 1166 1752 1229 Unde

98 1268 245 1343 portam
258 1269 387 1344 cupuli.
410 1267 524 1329 Prima
545 1267 636 1329 linea
655 1268 707 1330 est
728 1267 843 1329 uivere
863 1266 899 1329 in
955 1269 1148 1342 notandum,
1162 1269 1247 1347 quod
1261 1268 1345 1331 dicit
1361 1284 1369 1329 ε
1385 1268 1753 1330 coustituitodtemso·

102 1364 245 1440 mund03
262 1364 329 1426 alia
344 1364 435 1427 linea
450 1365 503 1427 est
520 1365 660 1427 reflexio
675 1380 696 1425 a
714 1364 770 1426 ria
785 1362 900 1425 saeculi
954 1373 1114 1440 umuem,
1133 1367 1221 1430 idest
1236 1366 1384 1437 statuite,
1401 1367 1517 1426 utnon
1532 1362 1751 1425 sittransito·

101 1463 145 1525 ad
172 1462 369 1524 claustrum.
394 1464 490 1524 Hanc
516 1461 735 1524 reflexionem
760 1460 898 1532 taciens,
954 1465 1019 1533 ria,
1034 1464 1092 1526 sed
1106 1464 1184 1538 lixa,
1200 1465 1234 1526 et
1243 1463 1385 1537 stabilis,
1402 1478 1444 1523 ne
1456 1476 1616 1537 vagemus
1631 1474 1691 1537 per
1704 1459 1751 1519 il-

100 1557 208 1622 tacies
227 1558 398 1635 angulum.
420 1559 466 1621 lit
489 1559 599 1622 exibit
621 1561 715 1622 uitro
738 1572 901 1620 mursam
956 1561 1048 1624 licita
1059 1561 1238 1624 desideria.
1265 1561 1360 1623 Unde
1379 1560 1414 1620 in
1431 1558 1579 1620 Levitico
1593 1557 1657 1635 (23,
1675 1554 1751 1635 2l):

101 1671 291 1718 mmuuroe.
327 1656 453 1717 Norma
487 1671 654 1717 mensurae
687 1658 740 1718 est
770 1654 899 1730 regula,
955 1658 1189 1734 «Legitimum
1204 1658 1443 1734 sempiternum
1457 1654 1523 1716 erit
1541 1653 1671 1716 cunctis
1688 1667 1753 1729 ge-

100 1768 204 1831 quam
215 1751 355 1816 tradidit
363 1753 414 1815 eis
428 1751 546 1815 beatus
560 1751 759 1815 Benedictus
770 1751 831 1832 (1),
845 1750 901 1813 rel
955 1755 1188 1818 narationibus
1202 1755 1343 1829 vestris3
1361 1770 1380 1814 s
1393 1754 1427 1815 et
1437 1752 1472 1814 in
1485 1751 1602 1814 eodem
1618 1749 1664 1829 (v.
1677 1748 1731 1828 31)
1745 1769 1753 1810 ε

101 1850 226 1913 beatus
239 1849 458 1926 augustinus.
474 1851 576 1912 Fines
589 1851 651 1913 bos
664 1851 783 1913 debent
796 1865 900 1911 exce-
955 1857 1051 1917 Nibtt
1073 1856 1190 1927 operis
1215 1852 1351 1927 focutis
1376 1855 1414 1912 iu
1442 1865 1492 1922 eo,
1518 1848 1605 1912 idest
1624 1845 1755 1908 nullum

101 1946 899 2025 dereclaustrales,iaciendosupererogatlonesc
956 1967 1040 2029 opus
1055 1950 1192 2023 servile,
1205 1949 1292 2011 idest
1306 1948 1479 2027 peccatum
1500 1945 1652 2015 mortale,
1668 1943 1755 2021 quod

102 2045 163 2107 sed
175 2060 244 2106 non
259 2044 380 2106 debent
394 2047 524 2107 mutare
535 2046 572 2106 in
587 2046 768 2122 conspectu
783 2044 901 2121 gratiae
956 2048 1037 2110 tacit
1050 2063 1183 2111 servum
1196 2045 1343 2124 diaboli3
1360 2044 1449 2106 unde
1471 2041 1755 2105 solemnizandum

102 2157 208 2220 super
236 2142 356 2205 collem
379 2142 499 2204 Gareb.
527 2142 636 2205 (iareb
661 2143 902 2220 interpretatur
956 2147 1008 2208 est
1021 2144 1062 2207 ab
1076 2144 1327 2222 omnipeccato.

102 2239 283 2312 incolatus,
294 2239 349 2301 uel
361 2238 493 2302 scabies
506 2261 514 2300 z
528 2239 584 2301 hio
598 2242 650 2302 est
661 2240 813 2317 pruritus
825 2254 902 2300 con·
948 2258 953 2267 ·
997 2242 1213 2316 Gortsiituiie,
1235 2241 1321 2302 idest
1342 2239 1455 2318 plures
1478 2237 1576 2299 simul
1592 2234 1755 2299 solemni·

102 2336 333 2414 cupisoeutiae.
346 2339 585 2412 superantium
597 2341 710 2401 (iareb
722 2336 819 2399 debet
828 2351 902 2399 esse
956 2341 1054 2412 tates,
1070 2341 1293 2415 captationis,
1305 2338 1576 2414 propitiationis,
1591 2334 1756 2409 omiotto·

103 2434 310 2509 claustralis,
333 2434 363 2497 si
384 2434 446 2496 sub
468 2450 505 2497 se
528 2434 652 2499 babeat
675 2434 846 2506 mundum,
869 2434 903 2495 et
956 2442 1014 2500 uis
1028 2436 1126 2516 (1bld.
1140 2438 1243 2508 23,ss
1256 2435 1299 2496 ad
1314 2432 1380 2513 29).
1394 2436 1529 2495 Festum
1544 2433 1756 2506 captationis

102 2535 178 2610 ejus
193 2531 511 2609 concupiscentiam.
527 2533 574 2594 nt
585 2532 744 2595 circuibit
756 2532 900 2602 anatra,
958 2535 1112 2603 tacimus,
1128 2549 1203 2596 cum
1215 2533 1342 2610 gratias
1356 2534 1488 2608 agimus
1503 2530 1647 2601 cbristo,
1661 2544 1705 2590 ex
1716 2542 1757 2589 eo

104 2628 193 2707 quod
209 2628 451 2707 interpretatur
461 2644 564 2706 gyrus
578 2651 586 2690 z
601 2628 698 2692 debet
712 2629 904 2690 enimscru-
957 2631 1044 2709 quod
1068 2630 1175 2692 morte
1203 2644 1265 2690 sua
1289 2645 1351 2689 nos
1373 2627 1525 2704 expiavit
1546 2642 1566 2687 a
1591 2623 1756 2702 peccatis;

103 2727 172 2788 tari
194 2740 395 2804 pergyrum
413 2726 629 2789 conscientia
652 2728 782 2788 suteris
802 2724 901 2786 inllr-
957 2728 1045 2806 quod
1060 2728 1214 2804 signatur
1237 2741 1297 2802 per
1313 2724 1542 2802 aspersionem
1557 2721 1683 2785 cineris
1698 2721 1756 2782 vi·

105 2824 256 2887 mitatem
275 2839 387 2899 suam,
407 2829 545 2892 vadam,
564 2822 650 2885 idest
671 2823 807 2901 peccata
828 2838 901 2892 sua,
957 2826 1038 2888 tulae
1051 2826 1148 2887 rutae.
1165 2826 1301 2885 Festum
1313 2822 1572 2899 propitiationis
1587 2819 1761 2880 inmemo-

104 2922 140 2984 et
150 2936 294 2993 omnem,
306 2921 359 2982 rel
367 2924 571 2983 universum
578 2924 756 2999 raptorem
765 2922 902 2993 mortis,
959 2924 1045 2986 riam
1065 2924 1276 2993 Sanctorum,
1294 2921 1330 2981 ut
1348 2918 1560 2981 intercedant
1577 2933 1636 2994 pro
1663 2915 1759 2978 nobis

105 3019 239 3081 scilicet
268 3033 386 3096 poenas
417 3017 661 3080 damnatorum.
691 3018 810 3080 Omnia
838 3019 903 3080 ista
959 3022 1001 3083 ad
1030 3024 1144 3082 Deum.
1174 3022 1214 3081 Et
1232 3033 1304 3079 non
1320 3016 1478 3078 debemus
1493 3015 1646 3077 omittere
1669 3014 1757 3075 diem

103 3116 207 3179 debet
217 3116 345 3179 babere
359 3116 395 3178 in
409 3117 571 3179 memoria
585 3132 693 3192 usque
706 3121 751 3179 ad
765 3118 905 3179 torreri·
958 3121 1160 3195 afflictionis
1171 3132 1233 3194 pro
1242 3115 1409 3192 peccatis3
1427 3114 1505 3191 quia
1520 3128 1587 3173 non
1602 3112 1760 3173 debemus

105 3217 179 3278 iem
194 3219 339 3278 cedron.
356 3215 496 3287 cedron,
514 3214 626 3292 passio
647 3214 779 3276 Domini
799 3213 904 3275 intel·
960 3216 1136 3279 comedero
1159 3214 1266 3275 azima
1290 3212 1364 3274 sine
1387 3212 1529 3274 iacturis
1551 3209 1757 3286 agrestibus,

104 3312 242 3389 ligitur3
259 3312 347 3375 unde
359 3314 394 3375 et
404 3313 565 3374 Dominus
576 3327 737 3389 passurus
749 3309 907 3373 transivit
960 3314 1048 3377 idest
1065 3328 1133 3375 non
1147 3311 1306 3373 debemus
1320 3324 1442 3385 corpus
1461 3306 1595 3369 Domini
1613 3319 1757 3377 sumere,

102 230 180 293 1125
479 231 588 294 PARS
616 231 762 297 Palati„
777 260 819 279 -·
837 232 1056 295 uxrosrflo
1073 232 1129 296 -lN
1158 232 1361 295 PSALMOS.

104 3426 168 3489 per
182 3411 378 3472 torrentem
391 3413 525 3472 cedros
543 3407 669 3487 (ioan,
695 3409 744 3480 18,
767 3408 813 3486 1).
835 3409 906 3469 Hoc

103 3507 206 3571 debet
226 3506 338 3569 tacere
360 3507 395 3568 in
416 3507 589 3579 memoria,
611 3507 646 3568 et
663 3509 743 3568 tunc
765 3505 816 3566 illi
840 3520 906 3566 non

104 3606 174 3669 erit
192 3604 338 3668 difficile.
359 3605 405 3666 lii
423 3617 532 3680 usque
549 3607 595 3666 ad
612 3609 778 3681 aupuium
794 3603 908 3678 porioe

106 3717 289 3776 equorum
312 3701 397 3779 liqui
416 3705 497 3763 sunt
518 3700 597 3764 boni
618 3699 827 3770 claustrales,
850 3700 908 3777 qui

106 3797 234 3860 babent
248 3813 414 3861 sessorem
426 3799 603 3860 Dominum
617 3800 731 3876 :porta
737 3797 789 3859 est
797 3797 909 3859 exitus

103 3895 152 3957 ab
167 3895 233 3958 bae
249 3894 331 3960 vita.
340 3895 492 3972 angulus
504 3898 694 3972 ergoportae
708 3897 760 3957 est
768 3894 909 3958 reflexio

105 3992 154 4054 ab
178 3993 243 4056 bac
257 3993 417 4068 miseria3
434 3992 522 4071 quod
537 3992 574 4054 dt
586 3994 623 4054 in
642 3995 760 4054 morte.
777 3993 909 4055 Primus

104 4106 191 4168 ergo
214 4091 359 4167 angulus
383 4091 434 4152 est
456 4088 597 4152 rellexio
629 4090 672 4152 ab
696 4090 760 4152 hoc
785 4090 909 4151 saeculo

103 4188 151 4251 ad
167 4187 351 4251 claustrum
365 4209 373 4249 ε
387 4187 552 4250 secundus
567 4190 618 4250 est
632 4188 753 4251 diverti
778 4187 820 4249 ab
847 4188 911 4249 bac

109 4285 249 4350 miseria
272 4285 462 4364 temporali,
486 4285 677 4347 ottransire
701 4285 742 4348 ad
755 4286 908 4362 gloriam.

345 4463 486 4525 SERMO
513 4461 676 4525 ccxvm.

109 4605 206 4674 Quare
233 4600 371 4661 debemus
398 4600 587 4660 solemnizare
621 4602 761 4673 lininin03
788 4602 912 4675 qualiter

129 4693 200 4750 dere
210 4690 302 4764 ;quod
316 4693 393 4750 licus
403 4690 571 4750 testivitates
582 4692 724 4750 malorum
737 4698 892 4749 noneurat.

112 4826 320 4890 conutitutis
343 4829 641 4889 diemsolemnem
661 4829 698 4889 tu
718 4829 911 4902 coudemts,

152 4939 263 4999 usque
277 4926 322 4987 ad
334 4938 445 4987 ooruu
458 4926 600 4997 etiarm
614 4927 680 4993 oei,
697 4927 736 4985 io
750 4926 914 5000 frequat-

154 5022 343 5084 tatioutbus
370 5017 420 5100 (2)
434 5035 542 5096 usque
568 5023 614 5081 ad
638 5035 749 5084 cornu
776 5023 911 5085 aitaris.

156 5116 426 5199 (Psaltttffl.)

155 5267 324 5331 Debemus
357 5267 564 5331 constituere
603 5270 696 5329 diam
727 5273 915 5331 solemnem

153 5482 197 5553 11)
215 5481 319 5540 busitu
340 5480 522 5549 &nedictus
537 5486 593 5538 etc.
613 5479 736 5540 Consule
752 5482 912 5542 annotatio·
930 5475 933 5480 ’

116 5566 188 5611 nem
202 5551 246 5625 (t)
261 5550 298 5609 ad
313 5551 480 5610 Sermonem
495 5550 618 5621 CXLIX,
633 5551 688 5609 col.
701 5551 764 5609 etl.

961 3428 1024 3474 nec
1033 3411 1180 3488 gaudere
1194 3410 1230 3470 ln
1240 3406 1453 3470 solemnitate
1461 3406 1534 3466 sine
1545 3403 1657 3466 cordis
1670 3418 1761 3464 ama·

960 3509 1124 3580 ritudine,
1150 3507 1185 3570 et
1209 3505 1423 3568 contritione.
1458 3501 1553 3565 Unde
1583 3501 1618 3563 in
1638 3500 1761 3562 moha-

961 3606 1014 3669 ria
1038 3604 1103 3685 (12,
1129 3605 1164 3667 11
1197 3604 1238 3666 ad
1268 3601 1321 3681 13)
1338 3623 1347 3662 :
1363 3619 1382 3662 c
1397 3604 1434 3661 ln
1458 3600 1513 3660 die
1536 3599 1594 3659 illa
1619 3612 1760 3673 magnus

961 3705 1028 3767 erit
1042 3703 1194 3781 planctus
1220 3701 1256 3762 in
1274 3699 1473 3769 Jerusalem,
1498 3697 1585 3759 siout
1607 3695 1761 3773 planctus

962 3801 1207 3866 adadremmon
1223 3798 1258 3860 ln
1273 3812 1391 3875 campo
1406 3794 1603 3873 Mageddon.
1618 3796 1658 3856 at
1669 3795 1762 3872 plan·

963 3902 1020 3977 get
1043 3902 1135 3961 terra
1157 3920 1167 3959 ε
1190 3896 1343 3968 tamillae,
1364 3895 1398 3957 et
1420 3892 1557 3955 familiae
1586 3907 1758 3954 seorsum:

964 3996 1101 4059 tamiliae
1128 3995 1244 4057 domus
1268 3992 1374 4055 David
1395 4007 1560 4064 seorsum,
1581 3992 1614 4052 et
1636 3989 1760 4051 mulie-

964 4110 1019 4157 res
1036 4109 1151 4156 eorum
1160 4107 1311 4154 seorsum
1326 4088 1483 4151 :familia
1496 4087 1613 4149 domus
1624 4086 1759 4148 Nathan

965 4206 1128 4262 seorsum,
1153 4189 1187 4251 et
1205 4187 1362 4249 mulieres
1382 4201 1498 4248 eorum
1512 4199 1662 4245 seorsum
1680 4198 1688 4242 :
1704 4181 1761 4243 la·

965 4289 1067 4352 miliae
1099 4286 1218 4350 domus
1251 4285 1332 4347 Levi
1351 4298 1519 4354 seorsum,
1546 4281 1580 4343 et
1602 4280 1761 4341 mulieres

965 4389 1085 4449 eorum*
1094 4399 1244 4447 seorsum
1259 4403 1267 4442 :
1282 4380 1418 4443 lamiliae
1432 4378 1541 4441 Semel
1552 4392 1715 4449 seorsum,
1729 4379 1763 4440 et

965 4485 1124 4547 mulieres
1136 4496 1251 4543 eorum
1266 4492 1429 4541 seorsum.
1440 4494 1460 4537 s
1472 4477 1544 4539 Erit
1558 4476 1711 4553 planctus
1725 4476 1760 4537 in

965 4580 1164 4652 Jerusalem,
1180 4576 1267 4641 idest
1278 4577 1313 4637 in
1329 4574 1489 4638 Ecclesia.
1507 4577 1763 4664 adadremmon

965 4675 1331 4757 interpretatnrbortus
1340 4689 1513 4753 pomorum
1526 4675 1599 4750 ejus
1612 4694 1619 4732 ε
1630 4672 1702 4733 baec
1711 4672 1763 4735 est

966 4776 1126 4847 Ecclesia,
1156 4788 1231 4854 quie
1251 4774 1303 4836 est
1326 4771 1444 4834 hortus
1470 4765 1643 4848 pomorum
1667 4770 1760 4846 ejus,

966 4876 1054 4939 idest
1066 4872 1202 4948 Christi,
1216 4872 1270 4933 cui
1284 4870 1383 4933 debet
1393 4868 1481 4931 terre
1491 4882 1589 4944 poma
1601 4866 1762 4927 bonorum

968 4988 1118 5051 operum,
1141 4967 1303 5032 imitando
1317 4968 1438 5043 ipsum.
1449 4966 1640 5040 napeaaon
1654 4962 1763 5025 inter·

967 5073 1119 5149 pretatur
1143 5068 1271 5130 tructus
1285 5077 1389 5126 ooenae
1410 5065 1494 5139 ejus}
1511 5060 1635 5122 Habuit
1649 5060 1766 5122 Chris-

968 5172 1022 5231 tus
1045 5166 1222 5246 prandium
1244 5163 1279 5224 in
1294 5176 1404 5232 cruce,
1421 5159 1478 5219 ubi
1494 5158 1536 5219 tel
1552 5158 1699 5220 oblatum
1713 5160 1766 5220 est

968 5268 1001 5329 ei
1015 5281 1090 5328 cum
1104 5265 1220 5326 aceto:
1236 5260 1378 5322 trucium
1397 5257 1498 5335 buius
1518 5272 1623 5318 ooenae
1638 5271 1764 5333 expec-

970 5478 1047 5608 num)
1063 5474 1229 5606 {zulegitb
1246 5473 1370 5546 lugat.
1387 5472 1517 5530 Enoria.
1531 5468 1561 5528 in
1584 5466 1661 5526 hunc
1675 5468 1756 5533 Psoi,
