3950 6200
266 354 304 416 15
705 358 760 418 AD
783 353 921 418 OPERA
944 357 976 416 S.
1001 355 1222 419 FRANCISOE
1243 351 1470 421 assismrls
1868 367 1901 429 16

262 475 548 593 natoqueardorc
556 513 853 577 transformatusin
862 515 1058 578 crucifixum
1112 532 1176 594 que
1202 517 1324 579 statum
1353 518 1510 579 videntur
1535 517 1817 596 comprehendere
1843 521 1900 605 (2),

263 615 388 684 lesum,
410 613 447 674 ut
461 611 623 674 miraculo
651 612 804 674 omnibus
828 613 979 675 inaudito
994 630 1059 674 sae-
1113 614 1325 690 prelatorum
1338 615 1506 687 Ecclesiae,
1519 617 1761 693 episcoporum,
1775 621 1812 681 et
1823 620 1903 683 alio-

245 710 360 781 -cuiis,
376 709 566 784 benignitas
593 710 777 772 salvatoris
792 711 942 771 incarne
967 710 1058 772 iilius
1113 728 1198 783 mm,
1223 713 1330 789 quoad
1354 715 1464 774 actum
1487 714 1658 786 doctrinm,
1686 717 1719 777 et
1743 718 1904 793 praedica·

262 805 454 883 imprimere
467 804 596 886 lv01uit]
612 807 864 869 similitudinem
879 824 948 869 suae
960 824 1060 869 sanc-

250 904 401 965 tissimae
417 904 606 979 Passionis3
635 906 840 966 constituens
860 921 936 966 eum
950 905 1060 966 vexil-

262 999 395 1062 liferum
416 1002 553 1063 innova
573 1003 844 1064 remuneratione
866 1002 1060 1064 crucifixio-

261 1098 314 1159 nis
338 1101 422 1175 ojus.
450 1097 515 1178 (De
542 1103 677 1177 Eaanp.
713 1100 848 1171 cetera„
878 1116 976 1161 serm.
1005 1103 1056 1172 60,

261 1193 387 1276 initio.)

301 1296 332 1355 6.
344 1296 451 1356 idem.
473 1293 566 1356 Sicut
577 1296 614 1355 Β.
631 1293 831 1356 Franciscus
846 1294 909 1356 fult
922 1294 1059 1357 vexilli·

262 1389 312 1452 ier
325 1394 406 1454 Jesu
420 1391 543 1453 Christi
559 1392 594 1451 in
616 1391 764 1454 Ecclesia
779 1392 945 1454 militante
966 1390 1056 1471 (sic),

261 1489 337 1566 post
363 1489 642 1550 resurrectionem
669 1487 865 1568 (secundum
885 1489 1057 1569 Doctores)

263 1586 512 1649 remanentibus
535 1587 570 1647 in
588 1601 726 1663 corpore
741 1603 802 1648 suo
827 1586 997 1664 praedictis
1011 1587 1059 1648 si·

261 1683 347 1759 gnis,
361 1683 531 1745 vexillifer
541 1684 606 1746 erit
616 1685 651 1746 in
662 1685 810 1747 Ecclesia
818 1684 1056 1762 triumphante.

264 1778 392 1860 (1112,
409 1796 482 1858 cap.
504 1780 551 1860 3.)
1009 1787 1018 1802 “

322 1979 356 2040 S.
377 1977 583 2050 Antoninus,
607 1979 746 2041 Ordinis
761 1979 797 2040 S.
813 1979 996 2051 Domtntct,

390 2077 666 2150 arcniepiscopus
692 2076 923 2137 Florentinum

300 2225 331 2285 7.
356 2225 439 2296 Quia
454 2223 630 2286 videbatur
644 2224 791 2286 extincta
803 2224 964 2286 memoria
979 2226 1058 2285 Pas-

262 2322 368 2383 sionis
394 2322 516 2383 Christi
545 2322 581 2382 in
602 2321 766 2404 mentibus
785 2322 967 2393 hominnm,
989 2337 1056 2398 prae

260 2419 432 2497 tepiditate
447 2436 561 2482 eorum
577 2422 683 2482 voluit
693 2421 851 2482 Dominus
862 2420 1009 2481 excitare
1024 2422 1057 2481 et

261 2512 1057 2594 incalescerehancrecordationem,perimpres-

261 2615 388 2676 sionem
408 2615 617 2676 manifestam
633 2615 827 2676 cicatricum
848 2614 884 2674 in
917 2627 1056 2691 corpore

260 2711 351 2772 beati
381 2712 564 2772 Francisci.
593 2710 713 2790 (Hist,
743 2714 827 2788 part.
849 2726 899 2781 111,
928 2710 1053 2782 11124,

261 2825 334 2886 cap.
350 2811 378 2882 i,
393 2811 451 2885 53.
466 2810 586 2870 Guliel.
604 2808 721 2885 Pepin.
737 2812 850 2870 Semta.
876 2812 917 2870 de
935 2809 1055 2870 sancto

260 2904 475 2986 Franctsco.)

299 3005 330 3064 8.
350 3007 457 3066 idem.
477 3004 646 3076 Quoddam
669 3004 840 3081 singulare
860 3019 1054 3066 concessum

261 3100 325 3165 fuit
336 3103 432 3164 beato
447 3103 638 3171 Francisco,
655 3103 740 3180 quod
757 3103 840 3164 nulii
857 3104 945 3165 inter
957 3107 1054 3165 natos

227 3200 236 3215 ¹
259 3199 438 3260 mulierum
462 3199 586 3274 legitur
609 3198 713 3259 fnisse
736 3198 909 3274 donatum3
936 3200 969 3260 et
991 3198 1054 3260 hoc

259 3299 311 3359 est
324 3297 500 3374 impressio
516 3298 706 3373 stigmatum
722 3313 904 3358 sacrorum.
925 3300 1052 3370 Quam-

259 3396 311 3456 vis
331 3395 419 3457 enim
444 3395 569 3456 Paulus
594 3395 683 3456 dicat
706 3394 746 3456 de
770 3411 807 3456 se
830 3396 871 3456 ad
896 3396 1051 3457 Galatas:

258 3496 331 3569 Epo
340 3494 506 3568 alterneto
520 3496 660 3553 Domini
672 3496 756 3554 lesu
768 3496 805 3553 in
819 3507 964 3567 corpore
976 3504 1053 3553 arceo

257 3592 358 3665 porto
374 3588 509 3669 (Galat,
526 3606 573 3661 vn
596 3586 651 3668 21)
667 3612 674 3649 :
697 3592 809 3651 tamen
831 3590 943 3650 nullus
959 3590 1050 3660 dicit,

259 3687 345 3765 quod
357 3687 509 3749 habuerit
520 3687 740 3764 corporaliter
750 3687 846 3763 signa
859 3687 1051 3763 passionum

258 3782 294 3845 in
309 3784 473 3856 manibus,
498 3787 531 3846 et
554 3783 705 3862 pedibus,
722 3786 755 3845 et
769 3784 874 3845 latere
894 3805 902 3843 ι
923 3783 979 3845 sed
1001 3783 1053 3844 di-

259 3883 379 3943 cuntur
394 3880 549 3958 stigmata
565 3882 739 3958 passiones
761 3881 874 3943 multae
894 3883 927 3943 et
946 3881 1054 3943 aiiiic·

257 3979 379 4040 tiones.
392 3978 495 4040 Paulo
509 3979 592 4055 post,
602 3980 672 4040 lraec
688 3978 799 4040 addit:
811 3978 939 4040 Dicitur
952 3981 1052 4041 etiam

258 4077 299 4140 de
312 4076 480 4155 aliquibus
496 4076 623 4136 devotis
636 4075 826 4137 hominibus
837 4077 923 4152 quod
937 4093 1054 4137 sense-

259 4177 328 4238 rint
352 4191 508 4251 magnum
530 4173 678 4234 dolorem
698 4173 733 4233 in
754 4174 919 4246 manibus,
936 4178 969 4235 et
991 4191 1052 4251 pe·

259 4273 368 4346 dibus,
385 4275 418 4335 et
440 4258 558 4344 latere,
582 4288 622 4332 ac
643 4270 672 4331 si
693 4270 954 4343 habuissentibi
973 4273 1052 4332 vui-

258 4387 341 4432 nera
360 4393 367 4432 :
388 4370 446 4432 sed
468 4372 582 4432 tamen
601 4385 668 4430 non
690 4369 737 4430 ita
752 4368 915 4446 impressa
931 4385 1052 4446 corpo-

257 4470 386 4539 raliter,
403 4471 440 4529 ut
454 4468 489 4528 in
503 4468 540 4529 B.
554 4467 747 4529 Francisco.
762 4465 877 4546 (idid.)

298 4569 329 4627 9.
346 4569 453 4627 Idem.
476 4566 518 4627 Hi
534 4565 648 4642 utique
665 4567 743 4626 sunt
759 4565 833 4626 duae
847 4564 955 4636 olivae,
976 4564 1054 4641 pin-

258 4664 401 4742 guedine
425 4662 613 4725 dilectionis
635 4664 668 4723 et
691 4662 878 4723 devotionis
902 4684 915 4722 ει
934 4664 967 4725 et
987 4663 1052 4723 duo

259 4760 459 4824 candelabra
475 4757 522 4839 (1)
540 4759 686 4820 lucentia
702 4761 781 4820 ante
795 4761 980 4831 Dominum,
996 4776 1053 4821 or-

257 4861 332 4921 bem
345 4857 495 4919 doctrina
511 4856 725 4917 illustrantia.
740 4856 783 4916 Hi
795 4855 861 4917 duo
875 4855 1052 4918 Cherubim

259 4955 425 5035 sapientia
449 4954 565 5031 plena,
592 4951 824 5013 obumbrantia
848 4953 1052 5029 Propitiato-

257 5071 343 5128 rum,
360 5068 489 5115 necnon
504 5054 537 5113 et
558 5051 623 5112 duo
640 5050 825 5126 Seraphim,
842 5052 982 5112 caritate
996 5068 1054 5113 ar-

258 5153 383 5224 dentia,
400 5148 578 5212 clamantia
592 5169 599 5208 :
613 5150 765 5220 Sanctus,
779 5149 930 5219 Sannina,
948 5150 1053 5208 Sanc·

257 5256 329 5322 tus,
363 5247 524 5309 Dominus
556 5248 644 5307 Deus
678 5244 842 5320 Sabaotir;
878 5245 1052 5322 implentia

259 5362 390 5410 omnem
414 5347 538 5406 terram
561 5342 670 5420 gloria
692 5347 776 5419 eJus,
793 5342 1001 5404 documentis
1021 5346 1053 5404 et

258 5442 431 5520 exemplis.
448 5444 490 5503 Hi
505 5442 611 5503 status
624 5439 901 5511 Mendicantium,
918 5440 1051 5501 utrum-

295 5602 336 5671 (1)
356 5601 537 5673 Apocal.,xr.
647 5669 653 5680 .

295 5677 336 5749 (1)
356 5672 458 5741 Exod,
470 5684 577 5727 1111111111.
600 5672 692 5737 isaia,
704 5683 742 5725 vr.

1113 808 1232 877 tionis,
1264 810 1443 887 spectantis
1478 810 1518 871 ad
1548 813 1651 875 vitam
1681 816 1853 888 activam;
1875 821 1904 879 et

1113 907 1234 967 statum
1269 907 1524 983 religiosorum,
1556 924 1615 970 seu
1646 912 1902 984 monachorum,

1113 1002 1370 1065 deservientium
1392 1005 1671 1082 contemplativa,
1684 1008 1795 1083 quoad
1811 1027 1905 1072 caere·

1113 1101 1241 1162 monias
1252 1103 1434 1177 regulares,
1446 1103 1479 1163 et
1490 1102 1611 1176 officia,
1624 1105 1712 1166 unde
1722 1105 1789 1167 dici
1802 1110 1904 1183 potest

1112 1199 1181 1259 vita
1205 1200 1320 1270 mixta,
1347 1215 1445 1276 quam
1461 1201 1496 1262 ut
1510 1200 1787 1276 perfectissimam
1803 1205 1905 1267 tenuit

1112 1296 1273 1357 Christus.
1289 1293 1406 1375 (11111.)
1507 1351 1527 1377 ,

1152 1394 1201 1453 10.
1230 1397 1326 1454 Idem
1351 1394 1483 1455 :Primi
1511 1397 1621 1472 patres
1642 1397 1676 1458 et
1697 1394 1904 1462 institutores

1112 1491 1217 1552 status
1231 1490 1501 1564 Mendicantlum‚
1519 1491 1653 1555 fuerunt
1667 1496 1729 1556 BB.
1756 1496 1905 1558 Domini·

1112 1603 1170 1648 cus
1181 1592 1215 1648 et
1224 1588 1436 1661 Franciscus,
1446 1591 1726 1666 contemporanei,
1737 1609 1775 1654 se
1785 1587 1905 1655 fra'tres

1112 1685 1153 1745 ad
1168 1685 1232 1746 boc
1246 1685 1346 1745 simul
1360 1685 1545 1763 deputatos,
1557 1688 1592 1748 in
1606 1689 1754 1750 Ecclesia
1766 1693 1803 1751 S.
1820 1692 1905 1752 Petri

1111 1783 1146 1842 in
1163 1782 1250 1845 Urbe
1265 1784 1373 1860 primo
1391 1787 1678 1859 recognoscentes,
1693 1789 1727 1848 et
1740 1788 1776 1848 in
1793 1789 1905 1850 osculo

1111 1881 1226 1942 sancto
1249 1882 1364 1942 mutuo
1387 1881 1626 1957 amplexantes.
1652 1885 1692 1945 m
1711 1886 1904 1946 Dominicus

1111 1977 1308 2040 Patriarcha
1343 1978 1616 2052 praedicatorum,
1645 1981 1738 2055 prior
1772 1984 1906 2059 quidem

1110 2076 1269 2152 tempore,
1285 2074 1391 2151 quoad
1415 2075 1530 2137 mundi
1551 2077 1796 2153 ingressum,et
1811 2091 1856 2141 ex
1868 2096 1905 2141 eo

1112 2185 1300 2247 egressum,
1328 2188 1368 2234 ac
1405 2173 1506 2235 etiarn
1541 2173 1584 2234 ad
1617 2178 1905 2239 conversationem

1110 2269 1296 2345 religionis,
1319 2271 1353 2331 et
1376 2272 1487 2333 actum
1515 2271 1762 2348 praedicationis
1792 2295 1800 2333 :
1831 2289 1905 2336 nam

1110 2367 1295 2443 perdecem
1308 2383 1413 2436 annos
1426 2369 1602 2445 antequam
1617 2370 1905 2434 confirmationem

1111 2465 1243 2526 Ordinis
1254 2469 1460 2542 procuraret,
1470 2467 1503 2526 in
1515 2468 1687 2543 Hispania,
1698 2470 1731 2530 et
1738 2470 1906 2532 Tolosam

1109 2563 1257 2638 regione,
1272 2565 1340 2640 jam
1354 2563 1531 2639 religiosus
1549 2567 1583 2625 et
1593 2580 1722 2642 pauper
1735 2566 1908 2629 discurre-

1109 2658 1505 2722 batPairiarciraautem
1516 2660 1681 2723 Minorum
1692 2665 1904 2736 bracciacus,

1109 2758 1203 2834 prius
1224 2758 1510 2820 confirmationem
1526 2760 1577 2819 sui
1594 2759 1721 2820 ordinis
1742 2777 1909 2837 procura-

1109 2856 1167 2926 vit,
1187 2871 1253 2916 non
1277 2856 1458 2916 solemnem
1482 2859 1605 2927 tamen,
1622 2857 1679 2917 sed
1702 2859 1739 2919 ut
1761 2860 1907 2935 permis-

1109 2953 1237 3014 sionem
1252 2968 1312 3029 pro
1325 2951 1404 3013 tnnc
1415 2953 1492 3015 talis
1505 2956 1622 3025 status,
1637 2957 1750 3030 utpote
1759 2956 1909 3017 vicinior

1110 3050 1230 3121 Curiae,
1246 3049 1288 3110 ab
1310 3051 1504 3112 innocentio
1523 3053 1579 3112 ill.
1603 3051 1796 3114 Dominicus
1811 3069 1904 3125 vero,

1110 3147 1281 3208 abeodem
1297 3148 1551 3225 promissionem
1564 3150 1829 3211 confirmationis
1846 3152 1909 3213 ba-

1108 3243 1203 3304 buit:
1227 3244 1284 3304 sed
1309 3245 1556 3306 exsecutionem
1581 3261 1817 3309 asuccessore
1833 3252 1908 3325 ejus

1107 3341 1459 3413 Honori0,adcuriam
1470 3358 1626 3405 reversus
1637 3343 1907 3426 accepit.(fbid.)

1106 3541 1290 3600 Jacobnsc
1310 3542 1490 3615 vercona,
1510 3540 1648 3601 Ordinis
1667 3543 1701 3602 S.
1719 3544 1906 3615 Dorntnict,

1312 3639 1492 3711 episcopus
1505 3640 1702 3699 lensensis.

1148 3788 1197 3846 11.
1213 3785 1363 3849 Christus
1378 3789 1455 3849 anie
1470 3786 1612 3864 primum
1637 3788 1828 3861 adventum,
1847 3790 1907 3867 qui

1107 3885 1180 3946 erat
1198 3884 1449 3956 misericordiae,
1471 3884 1632 3961 praemisit
1645 3885 1822 3961 Angelum,
1835 3888 1910 3948 sci-

1107 3981 1185 4042 licet
1206 3983 1243 4041 B.
1264 3984 1427 4042 ioannem
1448 3982 1630 4059 Baptistam
1646 3980 1707 4061 (3),
1724 3985 1803 4045 ante
1823 3999 1908 4045 vero

1107 4078 1289 4139 secundum
1304 4078 1481 4138 adventum
1497 4095 1566 4139 suaa
1578 4079 1729 4156 justitiae,
1742 4082 1911 4156 praemisit

1107 4175 1248 4237 aiterum
1272 4175 1446 4252 Angelum,
1472 4175 1600 4238 scilicet
1621 4178 1659 4237 Β.
1675 4178 1909 4239 Franciscum.

1107 4270 1232 4351 (serm.
1249 4275 1291 4333 de
1303 4276 1338 4333 s.
1349 4271 1543 4351 watreias.)

1148 4370 1197 4429 12.
1224 4372 1331 4430 idern.
1347 4368 1447 4430 Venit
1462 4369 1550 4429 enim
1567 4371 1600 4429 S.
1613 4369 1814 4432 Franciscus
1828 4388 1914 4449 por-

1105 4467 1181 4527 tans
1207 4481 1319 4527 secum
1347 4466 1415 4527 tres
1443 4465 1568 4538 radios,
1605 4467 1744 4539 scilicet,
1772 4469 1911 4530 radium

1107 4562 1345 4635 doctrinarum,
1360 4579 1420 4640 per
1442 4579 1538 4639 quem
1565 4564 1769 4627 illuminavit
1784 4565 1914 4628 obscu-

1106 4676 1173 4733 ros,
1188 4660 1318 4721 radium
1333 4660 1572 4737 exemplorum,
1586 4677 1755 4738 perquem
1771 4662 1913 4724 iniiam-

1107 4758 1210 4820 mavit
1230 4758 1359 4834 tepidos
1378 4759 1411 4819 et
1428 4757 1558 4819 radium
1574 4759 1824 4832 miraculorum,
1846 4778 1913 4839 per

1108 4872 1203 4932 quem
1221 4856 1386 4917 convertit
1404 4855 1599 4917 obstinatos.
1625 4858 1700 4932 lpse
1724 4858 1813 4918 enirn
1838 4875 1911 4920 ex-

1107 4954 1213 5014 cussit
1236 4953 1458 5028 ignorantiam
1480 4953 1515 5013 in
1528 4954 1690 5025 erroneis,
1702 4954 1797 5017 radio
1819 4956 1912 5017 doc-

1106 5052 1283 5117 trinarum,
1313 5050 1550 5127 negligentiam
1579 5050 1614 5111 in
1643 5052 1784 5127 tepidis,
1807 5054 1912 5116 radio

1108 5147 1346 5223 exemplorum,
1362 5148 1395 5208 et
1409 5146 1566 5208 duritiam
1581 5148 1616 5207 in
1632 5147 1824 5218 obstinatis,
1843 5166 1913 5211 ra-

1106 5244 1162 5305 dio
1177 5245 1427 5306 miraculorum.
1445 5241 1560 5323 (ibid.)

1148 5342 1197 5401 13.
1227 5345 1333 5402 Idem.
1360 5342 1543 5403 Habenlem
1571 5343 1703 5419 signum
1737 5345 1794 5406 Dei
1821 5346 1911 5408 vivi.

1107 5439 1195 5499 istud
1209 5439 1339 5513 signum
1359 5440 1504 5516 portavit
1523 5440 1557 5500 in
1574 5441 1685 5515 corde,
1700 5459 1760 5520 per
1778 5446 1913 5506 amoris

1142 5596 1184 5669 (3)
1201 5597 1311 5665 liubin,
1328 5610 1367 5653 xi.
