3950 6200
132 317 177 376 lut
745 319 972 389 FffilSTOLAE.
996 320 1073 379 LIB.
1097 320 1154 379 XI.

130 475 320 553 capellarum
342 476 567 540 cenadiensis
586 477 738 539 dioecesis
760 493 921 554 augmen·

132 576 237 644 tentur,
255 573 367 634 donec
382 574 477 635 statu
491 575 638 650 ipsorum
652 573 842 646 reformato,
857 576 920 636 sta·

129 675 172 733 tus
185 687 318 747 quoque
333 672 446 747 ipsius
461 671 610 732 ecclesiae
625 670 834 742 reformetur.
851 674 918 731 Ga·

129 770 228 829 rentes
257 768 368 843 igitur
392 769 434 828 de
459 769 524 828 tuae
554 768 703 829 caritatis
727 768 919 829 sinceritate

128 865 275 925 fiduciam
311 865 507 941 specialem,
537 864 737 926 fraternitati
766 868 831 927 1313
861 881 920 941 per

128 962 313 1040 Apostolica
352 962 478 1039 scripta
513 962 719 1035 mandamus,
756 964 919 1039 quatenus

129 1059 346 1137 personaliter
360 1059 403 1119 ad
418 1058 594 1142 ecclesiam
610 1059 847 1120 cenadiensem
863 1075 921 1120 ao-

130 1157 229 1228 cedas,
243 1160 279 1218 et
292 1155 411 1218 habito
426 1156 579 1232 diligenti
594 1157 736 1218 tractatu
756 1172 830 1219 cum
848 1157 921 1233 epi-

131 1252 921 1330 scopoeccapitutosupraucus‚supernocpro-

130 1351 246 1424 videas,
258 1352 361 1426 prout
371 1350 520 1427 pensatis
535 1349 688 1413 omnibus
699 1350 921 1412 circumstan-

132 1447 181 1509 tiis
200 1447 327 1509 videris
350 1446 602 1524 providendum.
629 1447 747 1509 Datum
767 1449 827 1510 XV
850 1446 916 1509 kal.

134 1545 320 1617 decembris,
343 1544 555 1621 pontificatus
574 1545 681 1608 nostri
699 1560 788 1606 anno
812 1545 919 1606 unde-

136 1643 223 1704 cimo.
448 1660 453 1669 ·
891 1652 893 1656 ’

178 1939 225 1997 Act
236 1935 520 1997 emmunitatem
533 1935 685 1996 ctottutta
699 1932 882 2015 Ripensis.

383 2062 659 2123 concrematam.
712 2135 713 2139 Ἰ

253 2189 448 2254 [Turgenevius
461 2188 564 2239 ldonim.
578 2188 686 2250 Russiae,
699 2190 719 2249 l,
733 2188 783 2253 tu]

137 2313 364 2386 (impositionem
387 2326 474 2385 super
482 2311 725 2385 jurisdictionibus
736 2318 765 2368 et
780 2310 916 2368 libertati·

270 2401 325 2458 bus
336 2400 462 2458 civitatis
475 2399 600 2473 pretate
611 2399 771 2457 3331111331.

172 2527 525 2603 Honoriusepiscopus,
536 2541 653 2586 servus
662 2540 834 2587 servorum
845 2523 916 2597 Dei,

138 2623 353 2684 communitati
366 2622 512 2682 civitatis
525 2621 689 2695 Ripensis,
705 2622 768 2682 eto.

172 2722 214 2779 Ea
228 2736 300 2796 quae
311 2718 451 2796 judicio,
468 2718 521 2779 vel
536 2718 753 2778 concordia...
768 2719 918 2792 11311133-

136 2817 192 2886 ter,
205 2816 418 2892 petitionibus
443 2814 564 2876 vestris
587 2816 683 2890 grato
711 2830 750 2875 ac
773 2813 918 2889 benigno

16 2938 18 2973 ι
136 2919 359 2974 concurrentes
374 2929 526 2984 assensu,
543 2911 826 2988 compositionem,
843 2926 917 2987 quae

16 3006 17 3011 ’
136 3010 282 3072 intervos
296 3027 339 3071 ex
354 3026 420 3070 uua
436 3012 540 3086 parte,
554 3011 588 3070 et
607 3008 833 3071 venerabilem
848 3007 918 3068 113-

135 3108 210 3169 trem
243 3111 392 3170 nostrum
419 3108 608 3185 episcopum
644 3108 914 3169 Livoniensem...

136 3208 336 3282 praepositum
365 3201 554 3281 Rigensem,
590 3205 623 3266 et
645 3204 765 3266 iratres
787 3204 916 3265 militias

135 3303 257 3372 Christi,
279 3302 489 3364 Livoniensis
506 3301 670 3374 dioecesis,
695 3301 845 3376 exparte
866 3301 918 3360 al-

135 3400 208 3472 tera,
222 3417 320 3477 super
328 3399 628 3477 jurisdictionibus,
651 3400 684 3460 et
707 3397 916 3460 libertatibus

135 3497 267 3559 civitatis
280 3499 412 3569 vestrae,
428 3496 594 3558 mediante
608 3496 794 3557 venerabili
813 3495 917 3557 tratre

16 3625 17 3628 ¹
134 3599 236 3656 nostro
255 3599 291 3676 (1.
316 3595 496 3656 1131133331
522 3595 692 3670 episcopo,¹
716 3594 916 3669 Apostolicae

135 3691 220 3752 Sedis
233 3692 352 3769 legato,
369 3691 591 3753 amicabiliter
611 3691 803 3762 intervenit,
819 3692 917 3767 prout

133 3787 165 3848 in
181 3789 281 3866 ipsius
301 3789 422 3851 litteris
447 3788 577 3864 plenius
601 3789 799 3858 continetur,
831 3788 917 3849 sicut

134 3885 197 3948 siue
210 3887 373 3963 pravitate
388 3885 525 3963 provide
539 3884 629 3946 tacta
642 3887 702 3955 est,
720 3886 753 3945 et
766 3884 807 3945 ab
823 3886 916 3945 utra-

134 3994 189 4054 que
202 3981 293 4056 parte
308 3980 424 4056 sponte
438 3980 583 4053 recepta,
598 3978 631 4039 et
645 3976 804 4038 hactenus
818 3978 914 4052 paci-

133 4076 188 4136 tlce
205 4077 390 4147 observata,
404 4075 603 4136 auctoritate
626 4075 816 4150 apostolica
829 4090 913 4134 con-

16 4187 18 4216 l
134 4173 303 4245 firmamus,
328 4174 362 4234 et
385 4172 561 4249 praesentis
585 4172 700 4247 scripti
729 4171 914 4246 patrocinio

16 4277 18 4326 ;
132 4271 374 4332 communimus.
391 4269 437 4330 Ad
462 4270 622 4344 majorem
644 4270 754 4328 autem
769 4269 820 4329 rei
844 4268 916 4329 evi-

17 4363 18 4392 ³
132 4366 277 4440 dentiam,
302 4368 454 4428 tenorem
479 4365 679 4427 litterarum'
693 4366 842 4440 ipsarum
874 4364 916 4425 de

131 4464 221 4528 verbo
235 4465 276 4526 ad
291 4463 429 4527 verbum
450 4453 670 4539 praesentibus
685 4460 841 4522 duximus
863 4461 915 4521 in-

132 4563 308 4634 serendum,
329 4563 385 4639 qui
398 4561 474 4622 talis
487 4562 538 4621 est
554 4582 562 4620 ι

164 4660 276 4720 Coram
292 4658 387 4719 nobis
401 4659 469 4729 W„
484 4657 597 4717 divina
610 4638 825 4717 miseratione
840 4657 915 4715 Mu-

129 4754 243 4817 tinensi
271 4756 438 4833 episcopo,
461 4753 659 4830 apostolicae
683 4752 777 4814 Sedis
791 4753 912 4828 legato,

130 4850 208 4914 inter
216 4851 440 4915 venerabilem
449 4851 586 4912 11311313
595 4850 668 4911 Alb.
681 4850 915 4911 livoniensem

131 4949 322 5027 episcopum,
338 4951 372 5012 et
388 4949 526 5009 dilectos
540 4948 705 5019 11113313..
723 4947 914 5023 Rigiensem

46 5069 49 5078 ·
132 5048 345 5125 prepositum,
361 5047 396 5107 et
408 5044 554 5116 Walch„
575 5046 770 5120 magistrum
785 5044 915 5105 militiae

133 5144 242 5208 Christi
250 5147 287 5206 in
299 5142 440 5206 Livonia
451 5158 495 5204 311
504 5158 571 5204 333
584 5144 690 5218 parte,
700 5143 734 5203 et
745 5141 915 5202 ulbertum

132 5243 289 5318 syndicum
305 5241 452 5303 civitatis
474 5240 641 5315 Rigensis
661 5239 796 5299 nomine
808 5239 915 5315 ipsius

132 5337 273 5413 ciutatis,
283 5337 452 5408 exaltera,
463 5351 562 5412 super
568 5335 802 5413 jurisdictione
811 5335 916 5410 ipsius

132 5435 272 5510 civitatis,
289 5439 324 5498 et
337 5449 440 5511 super
454 5436 597 5505 moneta,
621 5436 653 5494 et
666 5449 767 5509 super
778 5431 918 5509 quihus-

132 5531 282 5597 1131331113
295 5532 467 5610 capitulis,
483 5531 570 5608 quod
587 5529 779 5608 hujusmodi
800 5532 916 5591 verte·

131 5629 224 5695 batur.
246 5631 390 5696 Dicebat
404 5644 546 5706 namque
566 5628 723 5705 syndicus
738 5628 917 5705 praenomi-

974 477 1071 538 natus
1082 476 1209 538 civibus
1223 466 1325 539 licere
1336 478 1482 554 judicem
1503 478 1647 541 civitatis
1662 494 1765 541 cons-

973 574 1106 640 tituere,
1118 574 1253 651 eoquod
1267 575 1428 636 haberent
1439 579 1494 651 jus
1508 576 1688 638 Gothorum
1703 576 1766 637 sibi

974 670 1185 746 abepiscopo
1210 688 1229 731 a
1253 672 1489 733 constitutione
1511 673 1655 733 civitatis
1687 689 1769 733 con-

975 783 1115 838 cessum,
1156 784 1255 844 super
1288 769 1407 844 quihus
1439 770 1663 844 interrogatus
1696 773 1768 846 jam

974 864 1081 926 dictus
1092 866 1243 925 dominus
1255 867 1440 941 episcopus,
1454 881 1512 941 pro
1527 882 1574 938 se,
1590 867 1767 943 praeposito

975 963 1007 1022 et
1029 961 1186 1036 magistro
1196 963 1415 1048 praesentibus
1428 962 1560 1033 ibidem,
1579 965 1612 1023 et
1627 980 1769 1025 consen-

973 1058 1132 1120 tientibus
1142 1059 1323 1135 respondit,
1339 1058 1423 1135 quod
1437 1060 1703 1121 aconstitutione
1718 1061 1769 1122 ci-

974 1156 1088 1217 vitatis
1103 1156 1270 1217 concessit
1287 1156 1415 1217 civibus
1430 1157 1465 1217 in
1487 1172 1608 1232 genere
1626 1160 1682 1234 jus
1699 1161 1768 1219 Go-

974 1253 1118 1325 thorum,
1142 1254 1175 1314 et
1194 1253 1384 1330 specialiter
1406 1252 1594 1315 libertatem
1608 1270 1628 1315 3
1644 1254 1766 1326 133113,

973 1351 1141 1423 11313333,
1158 1350 1320 1412 candente
1335 1350 1434 1423 terro,
1448 1352 1482 1411 et
1500 1350 1686 1426 naufragio.
1700 1353 1770 1412 Du-

973 1446 1141 1509 bitabatur
1159 1449 1270 1509 3111331
1282 1447 1371 1509 13131
1382 1463 1439 1508 333
1452 1447 1529 1525 quid
1541 1448 1630 1509 esset
1640 1450 1697 1525 jus
1707 1452 1769 1510 Go-

973 1545 1117 1617 thorum,
1140 1545 1181 1605 de
1205 1544 1335 1621 quibus,
1353 1544 1507 1606 omnihus
1536 1544 1577 1606 de
1601 1561 1767 1607 consensu

857 1717 861 1729 ‚
974 1642 1087 1703 nostro
1100 1642 1149 1702 313
1169 1642 1293 1718 placuit
1307 1642 1495 1717 transigere
1518 1643 1553 1703 in
1578 1642 1667 1703 hunc
1692 1659 1768 1704 mo-

973 1738 1245 1811 11133111311331,
1271 1738 1357 1815 quod
1384 1740 1473 1801 cives
1496 1740 1624 1816 possint
1647 1739 1711 1800 sibi
1725 1740 1770 1801 li-

973 1826 1051 1897 bere
1076 1837 1223 1913 judicem
1243 1836 1367 1912 eligere
1390 1836 1546 1908 civitatis,
1574 1839 1607 1898 et
1628 1837 1769 1899 electum

973 1933 1115 1995 debeant
1137 1935 1292 2011 episcopo
1308 1936 1522 2009 praesentare,
1540 1936 1573 1995 et
1593 1935 1768 2010 episcopus
1826 1965 1830 1971 ·

972 2032 1081 2107 ipsum
1104 2032 1270 2092 investiet.
1298 2031 1461 2091 11131313
1482 2030 1587 2107 judex
1608 2030 1648 2091 de
1677 2033 1768 2092 omni

973 2144 1075 2189 causa
1086 2129 1261 2205 temporali
1272 2131 1465 2203 cognoscat;
1478 2128 1630 2189 homines
1643 2131 1765 2202 autem,

973 2226 1029 2302 qui
1043 2234 1120 2287 sunt
1131 2226 1171 2287 de
1183 2225 1417 2302 jurisdictione
1435 2224 1594 2302 episcopi,
1609 2226 1661 2287 vel
1677 2227 1767 2287 alio-

972 2339 1058 2395 rum,
1074 2324 1131 2399 qui
1144 2322 1184 2382 ab
1200 2323 1354 2397 episcopo
1368 2321 1502 2382 feudum
1514 2324 1637 2393 tenent,
1653 2325 1689 2384 ut
1701 2339 1769 2383 ma·

972 2419 1086 2495 gister,
1102 2420 1299 2495 praepositus
1312 2420 1344 2479 et
1354 2418 1424 2489 alii,
1437 2434 1503 2479 non
1515 2420 1691 2480 teneantur
1703 2420 1764 2480 sub

972 2516 1130 2593 praedicto
1137 2516 1252 2593 judice
1262 2515 1477 2595 respondere3
1491 2516 1556 2575 nisi
1567 2515 1607 2577 de
1619 2519 1767 2578 contrac-

972 2612 1071 2684 tibus,
1089 2615 1121 2674 et
1142 2613 1270 2674 delictis
1285 2613 1320 2673 in
1335 2613 1480 2683 civitate,
1501 2612 1553 2673 vel
1568 2612 1656 2675 inira
1671 2630 1765 2675 mar-

972 2711 1082 2771 chiam
1097 2711 1241 2772 civitatis
1252 2710 1447 2782 commissis,
1461 2709 1515 2771 vel
1526 2712 1716 2772 contractis.
1732 2712 1768 2772 Sl

972 2810 1083 2868 autem
1107 2808 1293 2885 episcopus,
1322 2809 1531 2885 praeposituS,
1558 2809 1717 2883 magister
1735 2808 1769 2869 et

972 2903 1074 2965 abbas
1089 2904 1130 2965 de
1145 2907 1332 2966 Dunemont
1357 2904 1536 2966 habuerint
1561 2905 1686 2975 domos,
1710 2906 1769 2967 aut

972 3017 1072 3076 agros
1095 3001 1181 3062 intra
1202 3001 1384 3062 marchiam
1411 3002 1568 3072 civitatis,
1594 3002 1685 3064 etin
1713 3002 1767 3064 his

972 3101 1178 3160 contractum
1200 3100 1300 3161 tuerit
1325 3099 1462 3176 aliquid,
1487 3101 1539 3162 vel
1554 3101 1767 3160 commissum

971 3196 1211 3273 subsecutus
1234 3196 1336 3257 fuerit
1357 3195 1483 3268 domus,
1510 3196 1563 3258 vel
1587 3212 1678 3271 ager,
1705 3197 1766 3256 de-

970 3293 1048 3354 beat
1061 3293 1245 3354 terminari.
1259 3294 1334 3353 Etsi
1349 3293 1423 3368 quis
1436 3293 1520 3353 civis
1530 3292 1766 3369 jurisdictione

971 3390 1130 3467 episcopi,
1155 3390 1337 3467 praepositi,
1369 3390 1421 3450 vel
1448 3390 1601 3465 magistri
1633 3405 1766 3466 posses·

972 3489 1083 3549 siones
1096 3487 1260 3558 habuerit,
1276 3487 1328 3547 vel
1341 3485 1387 3546 ibi
1404 3487 1621 3558 contraxerit,
1638 3503 1698 3548 seu
1713 3487 1767 3548 de·

971 3585 1091 3645 lectum
1107 3584 1319 3653 commiserit,
1337 3584 1490 3644 teneatur
1515 3582 1575 3643 sub
1602 3598 1653 3654 eo,
1670 3586 1766 3660 cujus

970 3680 1072 3742 tuerit
1081 3680 1282 3757 jurisdictio,
1298 3680 1649 3756 respondere;clerici
1671 3696 1762 3753 vero,
1805 3759 1810 3769 Ι
1874 3757 1877 3762 ¹
1919 3661 1921 3664 ’

970 3779 1024 3841 131
1036 3779 1096 3838 3111
1110 3778 1174 3838 1111
1191 3777 1352 3851 religiosi,
1376 3779 1413 3838 31
1426 3777 1585 3853 magister
1599 3779 1631 3856 et
1646 3776 1766 3839 tratres

971 3880 1054 3953 ejus,
1072 3876 1123 3936 vel
1139 3875 1367 3950 Hospitalarii,
1384 3875 1420 3935 31
1435 3875 1548 3936 Sancti
1573 3875 1716 3951 Spiritus
1732 3879 1768 3936 et

972 3974 1086 4035 Sancti
1101 3973 1230 4044 Lazari,
1244 3973 1284 4033 de
1298 3972 1390 4033 nulla
1404 3988 1505 4033 causa
1516 3976 1692 4034 teneantur
1702 3973 1764 4033 sub

970 4071 1129 4148 praecicto
1142 4070 1287 4131 civitatis
1298 4070 1411 4146 judico
1425 4070 1638 4145 respondere.
1656 4073 1768 4130 Mone-

972 4170 1038 4229 tam
1065 4169 1176 4228 autem
1201 4167 1235 4226 in
1261 4167 1396 4228 civitate
1430 4167 1503 4227 tisri
1530 4170 1765 4243 cujuscumque

970 4266 1097 4336 iormae,
1128 4264 1231 4324 sitin
1265 4265 1427 4339 potestate
1453 4264 1578 4324 domini
1605 4263 1764 4340 episcopi,

970 4362 1048 4423 dum
1070 4363 1180 4422 tamen
1204 4361 1352 4435 ejusdem
1376 4360 1533 4421 honitatis
1553 4360 1607 4431 sit,
1624 4363 1657 4422 31
1677 4377 1765 4438 pon-

970 4460 1071 4525 deris,
1088 4461 1183 4534 cujus
1198 4459 1251 4518 est
1265 4458 1397 4518 moneta
1408 4457 1601 4528 Gothorum,
1614 4474 1671 4519 seu
1684 4461 1767 4521 Gut-

970 4555 1104 4617 landiae.
1121 4555 1217 4615 Cives
1233 4569 1311 4615 vero
1335 4554 1432 4615 liberi
1456 4554 1523 4615 sint
1545 4555 1581 4614 in
1597 4556 1765 4632 praedietis

970 4654 1113 4730 quatuor
1125 4651 1292 4728 capitulis,
1304 4651 1433 4713 scilicet
1447 4667 1467 4712 a
1480 4651 1580 4721 terro,
1597 4653 1763 4723 theloneo,

969 4750 1159 4825 naufragio,
1175 4748 1342 4811 etduello.
1357 4749 1517 4810 Omnibus
1530 4751 1642 4811 autem
1654 4750 1766 4810 volen-

969 4848 1057 4910 tibus
1073 4847 1200 4908 intrare
1224 4847 1393 4908 civitatem
1414 4847 1456 4907 31
1476 4846 1703 4917 habitandum,
1718 4846 1764 4905 li-

970 4945 1044 5007 ceat
1069 4946 1159 5006 cives
1183 4945 1256 5004 fieri
1271 4944 1439 5020 praedictae
1456 4943 1612 5005 civitatis.
1637 4942 1764 5018 Siquid

970 5043 1072 5105 etiam
1100 5041 1277 5117 potuerunt
1303 5041 1444 5117 probare
1470 5039 1765 5100 131131113331331

971 5139 1099 5202 333313
1110 5143 1188 5215 jure
1200 5139 1480 5198 Theutonicorum
1491 5137 1765 5197 commorantium

969 5238 1006 5297 in
1019 5235 1208 5306 Gutlandia,
1225 5235 1341 5295 eodem
1356 5234 1524 5310 gaudeant
1545 5235 1577 5293 et
1591 5232 1764 5307 Rigenses,

971 5335 1173 5410 excepto-eo
1201 5332 1298 5408 quod,
1316 5333 1345 5391 si
1369 5329 1565 5390 'slieutonici
1588 5329 1767 5392 Gutlaudia

970 5432 1184 5492 instituerent
1193 5431 1405 5505 aliquatenus
1417 5427 1635 5499 sacerdotem,
1648 5430 1769 5505 Rigon-

971 5546 1026 5590 ses
1037 5531 1150 5590 1311133
1166 5542 1334 5603 nunquam
1348 5525 1475 5601 possint
1493 5526 1696 5588 constituere
1711 5542 1768 5587 sa-

972 5627 1149 5689 cerdotem.
1179 5626 1295 5686 Actum
1330 5622 1365 5684 in
1394 5622 1491 5698 Riga,
1519 5639 1608 5685 anno
1635 5624 1765 5685 Domini

1710 321 1768 380 138
1891 350 1895 357 ·
