3950 6200
255 342 318 403 soi
659 340 693 403 S.
717 340 936 403 FRANCISCI
957 340 1183 402 desistetis
1206 338 1434 403 OPUSCULA.
1810 344 1859 407 eoi

260 517 359 579 quam
374 500 561 578 pecuniam,
578 515 639 560 nec
654 515 714 576 per
730 514 777 571 se,
794 514 856 560 nec
870 515 930 576 per
943 499 1052 560 inter*
1105 499 1231 565 Tertia,
1248 500 1360 571 Sexta,
1379 500 1488 573 Nona,
1510 514 1571 576 pro
1595 498 1732 576 qualibet
1748 501 1861 564 muron

259 598 402 677 positam
425 613 614 675 personam.
640 597 676 658 Si
699 598 810 658 tamen
834 597 1051 673 indiguerint,
1109 597 1233 672 septem
1247 594 1346 657 Pater
1359 599 1482 667 noster,
1496 610 1571 658 cum
1584 597 1693 657 Gloria
1707 598 1798 657 Patri.
1812 601 1862 661 Pro

260 696 327 758 alia
348 695 537 756 necessaria
562 694 712 770 corporis
737 697 857 771 praeter
878 693 1051 770 pecuniam
1107 694 1382 768 Vesperisautem
1396 693 1586 765 duodecim;
1601 709 1661 770 pro
1672 695 1862 771 completorio

260 793 413 869 accipere
426 792 566 868 possunt
580 792 701 852 iratres
714 807 815 851 causa
830 790 1052 861 necessitatis,
1108 792 1244 867 septem,
1261 791 1294 850 et
1307 791 1413 851 Credo
1424 791 1459 851 in
1475 794 1588 863 Deum,
1611 806 1683 851 cum
1702 792 1803 852 Gloria
1814 796 1865 853 Pu·

260 889 416 951 sicutalii
432 903 606 966 pauperes.
625 891 751 949 Etcum
767 902 925 949 reversus
940 886 1052 959 tuerit,
1107 888 1162 948 tri.
1180 890 1245 947 Pro
1267 886 1403 948 mortuis
1418 890 1543 965 septem
1566 889 1790 959 Paternoster,
1804 906 1863 950 cum

258 987 413 1047 minister
438 984 598 1047 concedat
622 986 653 1045 ei
691 1000 818 1061 pannos
848 983 1054 1061 probationis
1108 985 1267 1060 Requiem
1281 988 1448 1045 eternam.
1464 987 1502 1046 Et
1520 1000 1580 1061 pro
1595 985 1722 1047 deiectu
1735 986 1864 1061 etnegli-

259 1082 419 1160 usquead
436 1098 570 1153 annum,
588 1081 716 1144 scilicet
731 1081 813 1143 duas
828 1081 961 1143 tunicas
981 1082 1053 1142 siue
1108 1082 1219 1156 gentis
1236 1080 1384 1153 Datrum,
1400 1081 1465 1142 tria
1485 1084 1585 1144 Peter
1604 1084 1724 1154 noster,
1743 1083 1866 1159 qualibet

259 1181 404 1257 caputio,
427 1181 460 1241 et
474 1179 654 1255 cingulum,
672 1181 706 1239 et
726 1178 875 1249 braccas,
895 1182 927 1241 et
948 1194 1053 1255 capa·
1108 1179 1173 1238 die.

258 1292 374 1338 renem
388 1277 543 1353 usquead
558 1276 739 1352 cingulum.
752 1275 862 1336 Finito
874 1288 1054 1338 veroanno
1149 1277 1188 1336 st
1215 1275 1369 1337 similiter
1393 1290 1508 1337 omnes
1535 1275 1657 1337 iratres
1686 1276 1823 1352 jejunent
1850 1290 1865 1337 e

259 1375 293 1435 et
312 1374 455 1435 termino
477 1372 696 1450 probationis,
716 1373 900 1448 recipiatur
914 1371 955 1433 ad
975 1370 1056 1433 obe-
1109 1372 1360 1434 restoomnium
1375 1374 1571 1434 Sanctorum
1587 1372 1742 1449 usquead
1759 1373 1865 1443 Natale,

259 1470 430 1531 clientium.
444 1471 563 1532 Postea
578 1486 643 1530 non
658 1468 772 1531 licebit
786 1469 817 1530 ei
832 1469 873 1530 ad
890 1469 991 1530 aliam
1006 1485 1056 1529 re-
1108 1472 1142 1530 et
1154 1468 1194 1530 ab
1218 1469 1414 1546 Epiphania,
1441 1470 1572 1546 qnando
1596 1469 1751 1531 Dominus
1776 1471 1867 1530 noster

259 1568 418 1644 ligionem
442 1567 612 1638 accedere,
634 1582 696 1627 nec
716 1568 810 1628 extra
832 1565 1055 1627 obedientiam
1108 1569 1205 1629 iesus
1226 1566 1377 1627 Christus
1397 1567 1534 1643 inooepit
1544 1570 1710 1644 jejunare,
1733 1566 1865 1643 usquead

259 1664 407 1741 evagari,
418 1665 515 1741 juxta
532 1664 724 1725 mandatum
739 1663 863 1723 domini
880 1664 992 1740 Papae.
1019 1664 1054 1724 Si
1110 1663 1249 1724 Pascha.
1266 1663 1350 1724 Aliis
1362 1679 1440 1725 uero
1455 1664 1661 1740 temporibus
1676 1679 1739 1724 non
1754 1666 1867 1724 tenean-

259 1765 370 1824 autem
391 1762 512 1839 aliquis
532 1761 673 1835 venerit,
699 1760 778 1838 quia
805 1775 865 1821 sua
887 1760 966 1821 dare
988 1775 1054 1820 non
1108 1762 1164 1822 tur
1177 1761 1357 1821 secundum
1374 1761 1584 1832 hancvitam,
1601 1761 1666 1821 nisi
1687 1762 1776 1821 sexta
1789 1760 1867 1820 Peria

259 1860 368 1936 potest
393 1859 466 1919 sine
489 1858 736 1935 impedimento,
762 1859 796 1918 et
821 1854 922 1919 babet
954 1856 1056 1933 spiri-
1105 1859 1319 1934 jejunarelit
1333 1858 1432 1919 liceat
1446 1859 1496 1918 eis
1516 1857 1767 1919 manducarede
1782 1856 1868 1916 omui·

261 1958 382 2019 tualem
397 1956 614 2027 voluntatem,
630 1955 798 2031 relinquat
816 1954 886 2025 illa,
910 1954 943 2015 et
961 1952 1055 2014 sulti·
1108 1954 1170 2015 bus
1197 1954 1280 2015 cibis
1306 1955 1362 2032 qui
1383 1956 1594 2031 apponuntur
1619 1956 1688 2024 eis,
1715 1953 1868 2016 secundum

259 2055 306 2117 cit
319 2055 362 2115 ei.
382 2054 502 2116 Nullus
524 2054 707 2130 recipiatur
727 2054 843 2114 contra
863 2052 1003 2113 sormam
1023 2054 1056 2114 et
1107 2054 1260 2114 sanctum
1273 2051 1499 2128 Evangelium.

259 2152 499 2214 institutionem
516 2155 640 2212 sanctae
655 2150 825 2212 Ecclesiae.

298 2248 364 2310 Alii
384 2264 474 2319 vero,
492 2249 548 2326 qui
572 2248 798 2326 promiserunt
819 2244 1052 2317 obedientiam,
1395 2246 1533 2309 CAPUT
1553 2247 1608 2308 IV.

258 2346 405 2407 babeant
430 2346 563 2407 unicam
585 2344 732 2406 tunicam
756 2359 831 2404 oum
857 2343 1001 2420 caputio,
1023 2344 1056 2404 et

259 2443 360 2505 uliam
374 2443 446 2504 sine
462 2442 605 2519 caputio,
625 2442 653 2503 si
667 2456 804 2502 necesse
820 2441 932 2512 luerit,
943 2441 976 2502 et
988 2441 1056 2501 cin-

259 2540 373 2615 gulum
385 2541 418 2601 et
429 2539 579 2601 braccas.
597 2540 635 2599 Et
650 2554 765 2600 omnes
787 2536 908 2599 tratres
932 2536 1054 2598 vilibus

257 2637 407 2698 vestibus
420 2635 615 2703 induantur,
629 2635 870 2712 etpossinteas
882 2635 1054 2710 repeciare
1149 2636 1185 2696 ln
1205 2635 1340 2696 nomine
1362 2635 1519 2696 Domini:
1541 2638 1664 2697 Omnes
1687 2635 1809 2704 iratres,
1828 2631 1871 2708 qui

260 2734 301 2795 de
313 2733 432 2804 saccis,
448 2734 481 2794 et
492 2732 707 2826 aliis0peciis,
728 2747 804 2792 cum
823 2730 1054 2793 benedictione
1107 2732 1354 2794 constituuntur
1369 2732 1512 2794 ministri
1527 2735 1561 2794 et
1572 2734 1663 2793 servi
1674 2729 1870 2794 aliorumira·

260 2830 337 2903 Dei;
355 2830 432 2905 quia
447 2829 608 2890 Dominus
629 2828 710 2889 dicit
724 2828 758 2888 in
772 2827 974 2903 Evangelio:
991 2830 1054 2894 Qui
1105 2833 1206 2903 trum,
1219 2829 1253 2889 in
1267 2829 1351 2889 locis
1366 2829 1485 2906 quibus
1500 2830 1634 2903 tuerint,
1647 2830 1802 2891 collocent
1811 2840 1871 2887 suos

260 2932 298 2988 in
310 2927 406 2987 ceste
415 2927 572 3000 pretiosa
585 2926 681 2995 sunt,
693 2926 727 2987 et
740 2928 776 2985 tn
790 2926 929 2995 detines,
947 2926 1054 2998 etqui
1109 2928 1238 3000 iratres,
1255 2942 1337 3003 quos
1362 2941 1451 3003 saepe
1470 2927 1617 3001 visitent,
1633 2929 1668 2989 et
1681 2924 1873 3004 spiritualiter

260 3027 414 3086 moltibus
442 3017 656 3094 vcstiuntur,
679 3027 716 3083 ln
746 3024 902 3084 domibrm
929 3037 1055 3100 regum
1107 3026 1276 3097 moneant,
1294 3025 1328 3085 et
1342 3023 1537 3086 confortent
1559 3026 1598 3084 Et
1621 3039 1736 3085 omnes
1756 3020 1873 3083 aliltra·

258 3123 342 3184 snnt
357 3119 501 3201 (matth,
511 3137 558 3192 x1,
574 3121 619 3201 8).
631 3121 670 3182 Et
684 3121 763 3182 licet
774 3119 929 3183 dicantur
942 3120 1052 3197 hypo·
1108 3126 1175 3184 tres
1189 3122 1253 3183 mei
1268 3121 1432 3183 benedicti
1446 3121 1626 3197 diligenter
1641 3117 1873 3184 obedianieisiu

259 3220 371 3297 crytae,
389 3234 455 3280 uon
471 3220 581 3281 tamen
597 3219 730 3280 cessent
752 3216 959 3279 benefacere.
983 3219 1054 3279 Nec
1109 3221 1160 3280 his
1176 3234 1249 3297 qum
1263 3221 1414 3296 spectant
1428 3219 1467 3279 ad
1483 3219 1622 3280 salutem
1640 3222 1769 3292 animae,
1783 3219 1812 3278 et
1822 3228 1873 3274 noo

259 3318 412 3393 quaerant
425 3332 521 3377 caras
536 3319 646 3378 vestes
661 3315 696 3376 in
707 3315 771 3377 hoc
781 3316 915 3387 saeculo,
928 3318 966 3377 ut
975 3331 1055 3392 pos·
1108 3320 1184 3378 sunt
1198 3317 1366 3379 contraria
1379 3317 1456 3377 uitae
1470 3318 1604 3378 nostrae.
1617 3320 1659 3379 Et
1679 3316 1796 3379 iaciant
1807 3314 1876 3373 inter

259 3414 328 3476 sint
342 3413 466 3476 habere
478 3415 712 3476 vestimentum
724 3411 758 3473 ln
768 3412 1051 3490 regnocoelorum.
1108 3431 1155 3488 se,
1169 3415 1254 3475 sicut
1268 3414 1349 3476 dicit
1358 3414 1516 3474 Dominus
1531 3435 1538 3473 :
1556 3409 1874 3488 circummanentem

1107 3512 1145 3573 nt
1160 3512 1289 3586 sociam
1304 3513 1398 3572 vodis
1411 3514 1576 3585 nomines,
1588 3512 1621 3572 et
1642 3525 1704 3573 eos
1716 3510 1811 3586 facite
1824 3507 1875 3567 ins

548 3629 685 3690 CApUp
706 3629 763 3689 111,
1109 3607 1252 3687 (dietih,
1264 3623 1323 3682 vn,
1340 3607 1411 3686 12);
1427 3611 1460 3668 et
1480 3607 1565 3685 quod
1580 3606 1643 3668 tibi
1659 3623 1725 3668 non
1745 3606 1792 3666 vis
1807 3600 1873 3670 lieri,

1108 3721 1173 3767 non
1190 3704 1293 3766 iacias
1303 3705 1413 3766 alteri.
1421 3705 1459 3767 Et
1466 3703 1687 3766 recordentur
1698 3699 1875 3772 ministri,et

1108 3802 1208 3875 servi,
1219 3802 1304 3879 quod
1323 3801 1583 3863 dicitDominus:
1594 3805 1676 3864 Non
1691 3804 1767 3862 verit
1778 3797 1876 3859 minn-

299 3904 386 3965 Dicit
398 3902 558 3964 Dominus
573 3922 580 3961 ε
598 3903 667 3962 Hoc
686 3915 793 3975 genus
815 3898 1053 3961 demoniorum
1109 3901 1211 3969 troni,
1227 3902 1287 3960 scd
1310 3900 1516 3959 mirrisirorc
1529 3897 1676 3976 (matth,
1693 3914 1750 3972 xx,
1767 3894 1834 3973 28);
1851 3891 1876 3950 et

257 4017 326 4066 non
341 4001 449 4078 potest
463 3999 570 4070 exire,
582 3989 649 4057 nisi
661 3997 694 4057 in
703 3997 875 4074 jeiunioet
889 3997 1051 4058 oratione.
1108 3995 1192 4072 quod
1204 3995 1381 4057 commissa
1396 3998 1447 4057 est
1458 3996 1509 4056 eis
1531 4011 1612 4057 cura
1633 3997 1813 4057 animarum
1825 3989 1876 4049 ira·

258 4100 299 4166 Et
314 4098 455 4157 iterum:
477 4096 556 4155 Cum
568 4093 742 4174 jejunatis,
766 4092 869 4154 nolite
883 4093 956 4153 fleri
967 4094 1054 4154 sicut
1107 4095 1206 4166 trum,
1218 4093 1259 4154 de
1273 4092 1393 4170 quibus
1408 4092 1437 4152 si
1452 4092 1578 4170 aliquid
1595 4093 1788 4169 perderetur
1799 4101 1877 4165 prop

218 4267 222 4275 ,
258 4193 441 4272 hypocritae
456 4192 580 4255 tristes.
605 4192 746 4268 Propter
770 4189 833 4252 hoc
854 4206 969 4251 omnes
983 4189 1054 4251 ira·
1108 4194 1158 4253 ter
1174 4206 1289 4252 eorum
1302 4189 1432 4266 culpam
1445 4196 1477 4250 ei
1490 4189 1613 4249 malum
1636 4188 1828 4264 exemplum,
1846 4180 1874 4239 in

256 4297 337 4362 tres,
355 4291 426 4352 slve
441 4289 568 4362 clerici,
583 4287 653 4351 sive
664 4287 753 4359 laici,
765 4287 890 4368 iaciant
903 4288 1052 4348 diuinum
1108 4287 1161 4348 die
1178 4286 1300 4349 iudicii
1321 4284 1487 4361 oportebit
1502 4302 1560 4347 eos
1584 4286 1724 4348 reddere
1735 4284 1875 4346 rationem

1137 2391 1186 2451 Dc
1196 2389 1422 2463 rninistr·is,et
1437 2389 1847 2465 suspendissemus

1394 2487 1610 2549 ordinentur.

401 3765 451 3824 Dc
463 3764 579 3822 divino
593 3761 705 3834 officio
719 3759 752 3821 et
766 3761 914 3832 jcinrzio.

259 4387 427 4460 otiicium,
451 4386 589 4455 laudes,
617 4389 650 4446 et
677 4384 846 4447 orationes
871 4383 1053 4446 secundum
1107 4399 1219 4445 coram
1234 4383 1374 4444 Domino
1387 4385 1468 4444 iesu
1484 4382 1628 4445 Christo.

258 4484 344 4561 quod
361 4484 480 4545 debent
494 4484 616 4544 tacere.
629 4481 748 4543 Clerici
759 4481 883 4543 iaciant
893 4481 1051 4552 oiliciom,

257 4584 291 4644 et
304 4582 417 4643 dicant
429 4597 489 4658 pro
503 4580 590 4640 uiuis
606 4580 638 4640 et
649 4595 709 4655 pro
720 4579 859 4641 mortuis
870 4578 1052 4640 secundum
1401 4579 1538 4640 CAPUT
1558 4581 1598 4640 V.

257 4678 531 4739 consuetudinem
547 4675 755 4737 clericorum.
769 4678 836 4736 Pro
847 4675 976 4736 deiectu
991 4690 1054 4735 au-

255 4779 321 4837 tem
338 4779 370 4836 et
384 4773 588 4850 negligentia
603 4771 742 4834 fratrum
755 4772 845 4833 omni
856 4772 910 4833 die
926 4772 1050 4844 dicant,
1110 4837 1112 4844 ,

255 4874 416 4933 Miserere
445 4869 510 4929 mei
534 4871 633 4938 Deus,
649 4883 724 4927 cum
740 4870 841 4928 Pater
865 4870 994 4942 nostem
1019 4870 1053 4930 et
1145 4869 1289 4945 Ideoque
1303 4867 1433 4930 animas
1453 4871 1582 4930 uestras
1604 4871 1638 4930 et
1661 4869 1798 4931 fratrum
1811 4877 1876 4922 ves·

256 4983 317 5045 pro
338 4965 498 5028 iratribus
513 4963 679 5024 defunctis
702 4963 814 5024 dicant
828 4985 835 5022 :
850 4965 896 5024 De
912 4964 1052 5040 prosun·
1104 4968 1232 5028 trorum
1251 4965 1426 5039 custodite,
1436 4965 1514 5044 quia
1526 4964 1728 5026 horrendum
1741 4964 1788 5025 est
1799 4957 1875 5021 inci·

256 5065 318 5134 dis,
334 5080 408 5124 cum
420 5063 520 5122 Pater
530 5063 653 5120 noster.
670 5061 709 5120 Et
724 5058 826 5120 libros
842 5061 1050 5122 necessarios
1104 5064 1182 5124 dere
1195 5063 1230 5124 in
1241 5063 1425 5124 manusDei
1438 5062 1582 5125 viventis
1594 5051 1764 5144 (Hebr.‚x,
1778 5056 1835 5135 31).
1848 5049 1876 5112 Si

257 5161 297 5219 ed
310 5157 512 5234 implendum
527 5171 641 5218 eorum
666 5155 812 5216 ottlcium
834 5156 964 5232 possint
987 5156 1050 5218 ba·
1104 5162 1179 5237 quis
1194 5164 1304 5221 eutem
1319 5160 1547 5222 ministrorum
1561 5160 1664 5221 alicui
1678 5159 1812 5220 tretrum
1824 5149 1876 5212 ali-

255 5255 346 5315 bere.
361 5257 400 5315 Et
411 5255 508 5315 laicis
519 5252 700 5314 scientibus
713 5252 824 5328 legere
837 5253 1047 5324 Psalterium,
1103 5256 1180 5333 quid
1204 5257 1319 5319 contra
1332 5258 1435 5318 vitam
1450 5261 1599 5319 nostram
1622 5253 1821 5334 praeceperit
1834 5243 1875 5306 iil

256 5351 357 5412 liceat
368 5351 448 5411 illud
465 5350 599 5412 babere.
625 5350 709 5411 Aliis
729 5364 809 5411 vero
824 5350 1049 5413 nescientibus
1103 5355 1219 5414 contra
1234 5354 1379 5416 animam
1395 5369 1501 5425 suam,
1514 5356 1548 5416 et
1559 5370 1624 5415 non
1634 5349 1803 5415 ten'eiurei
1816 5344 1876 5407 obe*

256 5448 398 5518 litteras,
431 5448 550 5508 librum
575 5446 699 5508 babere
726 5463 794 5507 non
818 5447 926 5508 liceat.
955 5449 1047 5508 Laici
1102 5450 1359 5527 dire;quiailla
1381 5450 1571 5512 obedientia
1595 5466 1661 5512 non
1691 5451 1751 5521 est,
1773 5447 1874 5520 inqua

256 5561 336 5606 vero
350 5546 473 5616 dicant,
488 5544 592 5607 Credo
605 5544 640 5604 in
655 5546 769 5615 Deum,
788 5545 821 5604 et
834 5543 953 5620 viginti
964 5561 1048 5622 qua·
1101 5546 1257 5607 delictum
1271 5546 1323 5607 uel
1340 5549 1511 5623 peccatum
1522 5546 1875 5609 comminitanvenm·

256 5643 332 5703 tuor
344 5645 443 5704 Pater
465 5644 589 5713 noster,
619 5658 693 5702 cum
715 5641 827 5702 Gloria
853 5642 955 5703 Patri.
981 5645 1046 5702 Pro
1102 5643 1213 5703 tamen
1227 5657 1342 5704 omues
1356 5641 1489 5714 iratres,
1515 5643 1572 5721 qui
1597 5644 1674 5703 sunt
1693 5638 1754 5702 sub
1778 5632 1875 5698 minis

1144 4723 1195 4781 De
1215 4719 1428 4781 correctione
1442 4720 1596 4792 frat-rann
1608 4723 1644 4781 in
1659 4720 1844 4795 offernione.
