3950 6200
115 302 193 368 1013
286 351 289 354 -

116 464 259 526 thronus
271 462 349 524 Filii
364 459 700 526 Deinronussedes
710 460 833 539 judicis
847 460 909 536 est,
965 461 1037 523 est:
1053 459 1109 524 hic
1120 461 1171 523 θεῖ
1181 460 1364 532 colorcaeli,
1380 458 1635 537 quiaDoaztrtus
1646 459 1698 522 est
1710 461 1762 522 te-

116 559 213 637 etqui
226 560 321 622 sedet
332 560 368 620 in
381 560 513 632 throno,
530 575 566 621 se
579 559 736 621 humiliat
749 574 768 620 a
782 559 910 620 statura
964 558 1273 634 cumsanguineus
1291 557 1437 633 stringit,
1454 557 1533 634 quia
1555 556 1629 634 ipsa
1650 557 1759 619 male-

114 674 197 719 sua:
222 657 273 719 sio
307 658 458 720 Christus
487 673 523 718 se
548 656 740 718 humiliavit
757 659 911 732 sormam
964 654 1157 727 dictionem,
1183 672 1256 732 quae
1283 656 1399 732 primae
1425 654 1558 715 mulieri
1581 654 1670 716 iacta
1695 655 1756 726 est,

21 831 22 834 Ἴ
114 758 210 818 serat
232 758 406 830 accipiens
434 753 572 833 (Philip.
594 756 626 826 2,
642 751 688 833 7),
706 754 741 815 in
757 769 823 830 qua
838 753 918 842 ipse
965 752 1113 825 abstulit,
1130 755 1164 815 et
1177 753 1335 815 immunis
1359 752 1401 813 ab
1423 768 1463 814 ea
1482 751 1560 828 iuit3
1578 752 1664 829 quod
1687 751 1759 814 fac-

114 851 285 915 exercebit
308 852 526 931 judiciariam
547 852 754 929 potestatem.
780 853 827 914 De
844 851 910 912 hoc
963 850 1034 915 tum
1050 851 1111 925 est,
1122 850 1255 927 quando
1268 850 1391 912 dictum
1402 852 1452 912 est
1465 850 1497 911 ei
1510 850 1712 912 :Benedicta
1722 849 1760 910 tu

113 949 235 1013 throno
259 949 340 1012 dicit
354 950 518 1012 ieremias
539 947 602 1028 (14,
618 946 694 1026 21):
711 947 908 1023 ‹Soliiglo-
964 952 1002 1009 in
1010 951 1227 1022 mulieries&
1239 950 1277 1010 Et
1288 948 1338 1009 sic
1350 948 1505 1010 restricta
1521 948 1600 1008 sunt
1609 947 1757 1023 peccata.

114 1044 173 1105 riae
184 1044 251 1104 tuae
266 1043 456 1115 recordare,
475 1043 565 1105 etna
580 1043 712 1106 irritum
728 1041 911 1103 faciasioe·
964 1045 1177 1107 Medicinalis
1198 1046 1260 1114 θεῖ,
1286 1045 1372 1121 quod
1390 1044 1579 1107 ostenditur
1599 1059 1660 1121 per
1678 1043 1755 1108 hoc.

113 1140 174 1201 dus
188 1143 283 1202 tuum
299 1140 482 1202 nobiscum.
500 1140 583 1202 Solii
598 1140 715 1217 gloriae
726 1139 803 1211 tuae,
824 1138 910 1201 idest
965 1144 1051 1220 quod
1068 1143 1240 1221 sequitur:
1256 1143 1300 1204 nt
1315 1142 1509 1204 benedictus
1522 1141 1658 1214 fructas
1679 1154 1760 1202 cen-

492 303 601 373 PARS
633 302 1069 365 Pallia-Expostmo
1100 302 1145 363 ΙΝ
1176 301 1378 364 PSALMOS.
1659 302 1756 388 '1014

113 1237 295 1300 Genitricis
320 1240 399 1313 tuae,
416 1254 489 1315 quae
510 1236 575 1299 luit
600 1237 719 1299 solium
734 1239 839 1310 tuum,
854 1252 911 1298 re·

113 1334 275 1398 condere:
292 1337 361 1396 ant
373 1350 415 1396 ne
433 1335 565 1397 irritum
579 1334 685 1396 iacias
699 1333 806 1396 ioedns
816 1336 910 1398 tuum

113 1432 335 1501 nobiscum»
372 1448 414 1494 na
438 1431 546 1494 foedus
569 1432 809 1494 misericordiae
830 1435 908 1504 tuae,

113 1531 201 1610 quod
225 1529 399 1592 nobiscum
414 1530 570 1607 pepigisti
590 1529 791 1594 assumendo
805 1531 908 1594 natu-

112 1644 185 1690 ram
199 1629 360 1701 nostram,
385 1629 567 1690 evacuetur
583 1649 591 1690 z
608 1628 665 1689 sed
680 1643 740 1704 per
751 1628 911 1689 recorda-

27 1731 31 1738 '
113 1725 242 1788 tionem
268 1726 450 1787 Genitricis
483 1727 550 1788 tuae
579 1725 676 1789 nobis
703 1725 907 1786 miserearis.

113 1823 378 1886 Undeteremiaa
395 1821 460 1902 (17,
477 1824 516 1884 12
528 1824 561 1884 et
576 1821 628 1902 13)
644 1845 652 1883 t
668 1822 824 1886 «Solium
836 1822 911 1898 glo·

112 1920 174 1988 riae
198 1920 387 1983 altitudinis
412 1937 432 1982 a
453 1920 629 1997 principio,
647 1919 740 1982 locus
765 1920 911 1981 sanctiti-

113 2017 261 2079 cationis
287 2020 422 2090 nostrae,
448 2018 637 2098 expectatio
663 2017 812 2079 Israel.»
835 2019 910 2094 Ipsa

110 2113 211 2176 beata
226 2115 329 2191 Virgo
344 2117 395 2176 est
410 2116 531 2177 solium
547 2114 733 2177 altitudinis
748 2130 768 2175 a
783 2116 911 2198 princi-

110 2211 189 2288 pio;
206 2212 313 2273 Filius
339 2228 358 2273 a
374 2215 484 2284 Patro,
500 2216 595 2289 cujus
610 2212 731 2274 solium
746 2214 797 2274 est
813 2212 910 2274 beata

109 2309 228 2384 Virgo.
242 2312 317 2387 Ipsa
329 2310 381 2371 est
390 2309 907 2383 loeussanctificationisnostrae,

113 2421 155 2468 eo
170 2408 296 2483 quiain
323 2407 395 2483 ipsa
410 2406 568 2469 inchoata
591 2407 653 2468 luit
673 2407 907 2483 nostrasalus3

111 2505 323 2579 Eoepectatto
337 2509 465 2576 irruet·
481 2504 570 2566 hanc
584 2505 674 2567 enim
689 2505 911 2583 expectabant

113 2601 232 2663 Sancti
256 2618 382 2664 omnes.
409 2602 593 2666 Ezechielis
622 2602 733 2681 (1,26)
751 2625 759 2664 :
775 2606 910 2680 «Super

110 2698 370 2772 firmamentum,
398 2700 484 2777 qnod
513 2702 586 2763 erat
612 2700 792 2766 imminens
807 2702 909 2778 capiti

110 2813 242 2870 eorum,
259 2799 354 2875 quasi
370 2800 525 2876 aspectus
543 2799 665 2877 lapidis
681 2800 840 2878 sapphyri
856 2800 909 2862 ei-

108 2894 268 2957 militudo
294 2896 408 2960 throni
435 2918 443 2958 :
471 2897 505 2958 et
530 2911 632 2973 super
655 2897 909 2959 similitudinem

108 2993 239 3065 throni,
251 2993 436 3056 similitudo
451 2995 547 3071 quasi
562 2996 716 3072 aspectus
731 2995 910 3056 hominis.»

109 3093 176 3157 Per
191 3090 435 3154 firmamentum
447 3092 593 3168 Angelos
602 3092 833 3168 intelligimus.
853 3095 909 3154 Su-

107 3205 169 3266 per
202 3188 293 3251 istud
317 3190 562 3252 firmamentum
591 3192 642 3252 est
669 3189 766 3253 beata
792 3191 907 3267 Virgo,

108 3288 290 3363 propteroa
305 3287 395 3348 enim
421 3287 569 3350 exaltata
591 3289 763 3364 estsuper
788 3287 909 3349 choros

107 3383 409 3460 angelorumque
419 3385 806 3462 comparatursapphyro
815 3400 910 3461 prop·

105 3484 160 3543 ter
186 3482 263 3543 tria.
282 3482 489 3558 sapphyrus
505 3498 580 3543 cum
595 3483 804 3558 inspicitura
824 3482 907 3553 sole,

105 3580 244 3643 stellam
257 3580 413 3651 ostendit,
430 3583 463 3641 el
477 3596 631 3641 serenum
644 3579 743 3642 habet
751 3580 909 3649 colorem,

106 3678 242 3740 scilicet
267 3693 391 3739 areum
409 3699 416 3739 ι
434 3678 572 3754 stringit
594 3679 793 3753 sanguinem
808 3699 816 3737 ε
833 3694 908 3739 me-

106 3775 271 3837 dicinalis
285 3764 441 3852 est,'quia
456 3774 619 3846 morbum,
634 3775 690 3852 qui
709 3775 810 3851 vulgo
826 3774 911 3837 dici·

106 3874 164 3937 tm·
175 3871 342 3949 superbus
355 3872 416 3951 (1),
433 3873 583 3949 expellit.
600 3872 737 3934 Stellam
752 3873 907 3945 ostendit,

106 3969 198 4048 quod
214 3968 302 4031 bene
325 3971 482 4046 competit
496 3969 603 4032 beatae
618 3970 761 4045 Virgini,
778 3987 852 4048 quae
867 3970 909 4032 ab

104 4067 241 4144 angelo
252 4066 375 4129 dicitur
388 4069 511 4130 Gratia
522 4073 637 4143 prena.
654 4069 772 4129 Sereni
787 4068 910 4130 coloris

141 4217 185 4289 (1)
206 4216 261 4283 Qui
287 4213 374 4288 vulgo
389 4213 490 4272 dicitur
507 4215 656 4287 superbus,
671 4222 726 4283 etc.
746 4214 836 4273 Morbi
855 4231 906 4289 gc-

105 4302 175 4355 uus,
202 4286 250 4365 vel
268 4292 345 4342 certe
372 4286 540 4342 vocabulum
563 4285 682 4343 Medicis
696 4300 812 4358 prorsus
827 4288 909 4359 igno·

101 4365 180 4415 tum.
194 4355 342 4428 Ejusmodi
362 4357 583 4427 appellationem
594 4364 661 4439 tunc
675 4356 747 4414 iorte
759 4365 910 4430 acceperat

101 4427 423 4568 taratantara
431 4427 662 4566 latiali,
669 4428 909 4555 thiatira:

102 4571 182 4638 lens,
206 4575 240 4625 et
262 4566 436 4639 superbona
465 4568 629 4641 sapphyrus
653 4576 759 4637 autem,
776 4576 806 4626 ut
827 4569 911 4626 docet

101 4639 235 4698 Michael
261 4639 445 4696 Eltmnllerua
459 4640 488 4695 in
502 4654 556 4695 suo
572 4638 698 4766 Collegio
715 4639 907 4697 Pharnacen·

101 4711 164 4768 tico
195 4711 225 4766 in
251 4707 457 4766 Sclrroederum
484 4724 547 4781 cap.
568 4710 631 4783 Μ
667 4751 676 4777 ,
698 4710 910 4782 ophthalmicus

101 4783 198 4839 etiarn
212 4779 352 4861 hebetum
367 4779 444 4836 uode
458 4780 520 4862 ejus
535 4795 605 4859 nsus
620 4780 789 4852 quibusdam
805 4782 909 4838 multus

100 4853 182 4909 salet
200 4864 269 4907 cese
281 4864 310 4906 m
324 4849 520 4922 ophthalmrls,
535 4858 565 4908 et
579 4852 667 4907 nimie
692 4852 840 4908 oculorum
854 4852 906 4934 lip·

100 4921 243 5051 Eitudine
298 4916 376 4981 tude
387 4921 545 4978 remedium
558 4922 709 4995 egregium
722 4928 766 4978 eet
777 4921 805 4977 in
819 4937 909 4980 varro·

113 4995 150 5058 's,
161 5000 193 5049 et
204 4990 355 5053 morbidis,
372 4989 406 5047 ad
422 4991 640 5060 praeservandos
655 4992 689 5048 ab
707 4992 752 5048 his
764 4993 871 5049 oculos.

140 5062 281 5135 (bivulg.
294 5077 302 5117 :
316 5063 392 5119 Fecit
406 5076 520 5145 quoque
543 5077 593 5118 rex
619 5063 722 5119 solium
748 5063 906 5120 eburneum

99 5132 234 5209 mande,
265 5138 294 5189 et
319 5134 433 5191 vestivit
461 5132 529 5190 illud
556 5147 627 5190 auro
641 5132 839 5190 mundissimo.
854 5135 910 5190 Sex

100 5202 483 5334 qzrgcqggeffiandrsssdrffirlillrus
510 5202 717 5261 ascendebatur
738 5203 775 5261 ad
794 5205 908 5272 solium,

99 5293 118 5335 e
152 5343 907 5473 3³scutellamuureumctriamea.illudPaulae:

100 5440 112 5469 ι
186 5421 269 5472 orate
294 5414 450 5473 scabellum
465 5414 568 5486 pedum
585 5415 656 5488 ejus,
675 5416 811 5487 qnonmm
823 5429 907 5472 seno-

97 5498 166 5547 tum
186 5491 247 5552 est,
257 5483 294 5541 de
308 5484 411 5542 Christi
426 5486 539 5543 homini
558 5501 677 5558 corpore
691 5486 910 5558 interpretantur

965 1241 1032 1302 tris
1047 1241 1109 1314 tut,
1125 1241 1202 1317 quia
1216 1255 1276 1316 per
1290 1240 1512 1300 bumilitatem
1532 1253 1627 1298 suam
1642 1252 1762 1314 super·

964 1337 1054 1400 biam
1070 1338 1199 1400 stravit.
1228 1338 1274 1398 De
1297 1336 1361 1398 hoc
1376 1336 1496 1398 throno
1520 1334 1683 1396 habemus
1706 1348 1763 1394 se-

964 1435 1074 1498 cundo
1089 1434 1371 1511 Paralipomenon
1396 1431 1440 1513 (9,
1458 1435 1496 1494 17
1518 1433 1551 1494 et
1576 1431 1628 1510 18)
1644 1453 1651 1491 :
1665 1431 1762 1493 Fecit

964 1529 1761 1611 sthiSatomorttamraadcmtbrortamdeebore,

964 1630 999 1691 et
1024 1629 1266 1690 castivitatem
1290 1643 1380 1689 uarro
1408 1629 1611 1700 purissimo,
1640 1627 1678 1686 ta
1696 1637 1763 1697 quo

964 1727 1067 1789 erant
1080 1741 1146 1790 aea
1167 1730 1310 1803 prodam,
1336 1728 1373 1786 tra
1393 1739 1459 1798 quo
1486 1725 1564 1786 erat
1581 1725 1764 1785 scobebam

964 1839 1124 1886 aureum.
1141 1824 1231 1885 Ebur
1244 1824 1294 1884 est
1318 1839 1355 1884 os
1371 1821 1571 1899 elephantis,
1589 1821 1647 1898 qui
1661 1818 1763 1882 habet

965 1921 1159 1984 inimicitias
1184 1938 1258 1984 cum
1279 1921 1434 1982 dracone.
1457 1922 1522 1980 Per
1549 1917 1762 1997 elephantem

965 2018 1062 2082 beata
1072 2021 1175 2095 Virgo
1189 2018 1400 2095 intelligitur,
1415 2034 1488 2095 quae
1501 2016 1602 2089 habet
1616 2015 1764 2077 inimici-

964 2118 1030 2179 tias
1045 2132 1120 2178 oum
1146 2117 1295 2191 diabolo;
1322 2116 1410 2177 unde
1430 2116 1465 2176 in
1488 2115 1610 2176 Genesi
1624 2113 1668 2192 (3,
1682 2111 1760 2192 15);

965 2217 1119 2276 «Ponam
1132 2214 1472 2283 inimicitiasinterte,
1482 2214 1515 2275 et
1523 2212 1696 2272 mulierem
1710 2226 1717 2270 ε
1730 2209 1764 2270 et

965 2312 1039 2389 ipsa
1054 2312 1202 2374 conteret
1211 2314 1310 2388 caput
1322 2312 1426 2372 tuum.
1443 2328 1462 2371 a
1484 2313 1559 2387 Ipsa
1574 2309 1693 2371 vestita
1709 2308 1763 2369 est

964 2426 1048 2471 auro
1061 2410 1252 2486 purissimo,
1262 2409 1297 2468 in
1306 2425 1372 2486 quo
1378 2407 1489 2470 servor
1499 2404 1762 2469 caritatisbeataa

964 2507 1115 2583 Virginis
1128 2507 1324 2568 ostenditur.
1343 2509 1407 2567 Per
1422 2522 1482 2567 sex
1499 2505 1622 2581 gradus
1637 2519 1762 2565 ascen-

965 2605 1056 2666 ditur
1080 2603 1199 2665 adhoc
1215 2602 1347 2665 solium.
1364 2603 1407 2664 Hi
1418 2604 1505 2674 sunt,
1526 2601 1602 2663 Voti
1618 2600 1762 2674 novitas,

965 2702 1170 2763 Matrimonii
1186 2701 1357 2768 sanctitas,
1379 2700 1547 2761 Parientis
1570 2698 1760 2773 integritas,

965 2800 1143 2862 Plenitudo
1171 2798 1412 2861 charismatum
1435 2820 1443 2859 :
1467 2799 1531 2860 hoc
1544 2799 1605 2868 est,
1623 2796 1711 2873 quod
1721 2794 1763 2855 de

965 2913 1006 2959 ea
1021 2899 1144 2960 dicitur
1155 2898 1189 2959 in
1205 2896 1351 2958 canticis
1367 2895 1411 2975 (7,
1428 2894 1461 2975 2)
1479 2917 1486 2956 :
1509 2895 1668 2956 «Venter
1684 2895 1770 2978 tuus,

965 2996 1053 3057 sicut
1067 3011 1207 3057 acervus
1222 2995 1338 3067 tritici,
1355 2994 1501 3056 vallatus
1514 2992 1607 3053 liliis.
1622 2994 1688 3051 Per
1700 2990 1764 3051 tri-

964 3095 1069 3157 ticum
1083 3094 1445 3170 signanturMartyreS,
1463 3091 1542 3168 quia
1554 3088 1715 3160 triturati,
1730 3088 1764 3149 et

965 3192 1058 3270 passi
1073 3193 1151 3253 sunt
1176 3208 1236 3268 pro
1250 3190 1381 3251 Christo
1399 3211 1407 3249 ε
1429 3190 1465 3250 in
1479 3188 1560 3248 liliis
1574 3186 1710 3256 candor,
1728 3186 1762 3246 θῖ

964 3289 1170 3357 innocentia,
1200 3289 1232 3350 et
1257 3287 1419 3348 munditia
1445 3284 1700 3355 consessorum,
1729 3283 1762 3346 et

965 3386 1154 3462 virginum.
1171 3385 1256 3445 Lilia
1272 3384 1458 3459 Virginem,
1470 3382 1577 3444 violes
1589 3381 1762 3442 confesso·

964 3500 1039 3544 rum
1049 3499 1164 3545 omnes
1178 3483 1252 3559 ipsa
1268 3481 1405 3543 excellit
1418 3482 1453 3541 in
1464 3479 1664 3548 humilitate,
1680 3479 1712 3539 et
1726 3478 1762 3538 in

965 3581 1062 3645 donis
1076 3580 1272 3656 gratiarum.
1291 3579 1432 3651 Quintus
1444 3577 1568 3654 gradus
1582 3577 1632 3637 est
1644 3574 1763 3636 Humi-

965 3680 1043 3739 litas
1058 3677 1300 3739 inexcellentia
1314 3676 1519 3738 meritorum.
1530 3676 1664 3744 Sextus,
1675 3676 1764 3734 Prae·

965 3776 1118 3853 rogatira
1144 3775 1371 3853 praemiornm.
1408 3772 1596 3834 scabellum
1623 3785 1762 3831 aureum

965 3874 1118 3936 Christus
1133 3874 1183 3935 est
1196 3871 1255 3951 (3),
1273 3874 1308 3933 ut
1329 3871 1524 3933 ostendatur
1534 3868 1764 3931 honoriticen-

965 3972 1023 4042 tia,
1045 3986 1143 4048 quam
1169 3969 1271 4032 habet
1289 3970 1440 4030 Christus
1461 3967 1502 4029 ad
1527 3969 1679 4029 Matrem.
1706 3966 1764 4026 Est

965 4068 1117 4129 Christus
1146 4069 1234 4129 Deus
1262 4072 1376 4131 noster
1397 4065 1590 4136 scabellum,
1612 4064 1686 4124 dico
1701 4078 1764 4123 au·

964 4216 1067 4274 niones
1080 4223 1157 4282 sunt,
1170 4214 1222 4271 sed
1239 4213 1287 4271 bio
1300 4212 1441 4286 Propheta
1464 4227 1568 4284 corpus
1582 4210 1762 4267 homininum

964 4288 1043 4355 dicit,
1056 4289 1084 4342 iu
1108 4302 1164 4358 qno
1189 4285 1326 4373 majestas
1342 4284 1503 4341 Divinitatis
1522 4290 1658 4363 tanquam
1676 4295 1762 4351 super

965 4358 1121 4415 scabellum
1137 4362 1202 4413 stat.
1229 4362 1362 4413 sanctum
1374 4356 1449 4410 enim
1461 4367 1527 4409 eum
1545 4351 1600 4408 dior
1616 4366 1693 4421 sape
1707 4351 1761 4408 do·

965 4429 1087 4485 culmus.
1104 4429 1133 4484 S.
1147 4427 1271 4498 August.
1283 4428 1413 4482 Enarrat.
1428 4424 1457 4481 io
1465 4421 1599 4480 eumdem
1608 4421 1684 4480 Psal.
1695 4423 1759 4480 nil.

965 4500 1098 4555 Psalmus
1125 4497 1196 4554 mihi
1223 4496 1312 4554 dicit:
1329 4496 1455 4552 Adorate
1487 4494 1639 4551 ambatiam
1662 4494 1763 4573 pedam

963 4571 1026 4697 iffae
1041 4585 1050 4624 .·
1065 4565 1270 4648 Quaero,¹quod
1289 4567 1326 4622 sit
1340 4565 1495 4623 scabellum
1520 4563 1623 4638 pedum
1644 4579 1706 4636 epus
1716 4583 1723 4634 ;
1735 4571 1765 4620 et

953 4654 956 4661 ⁴
984 4640 1032 4696 icit
1046 4638 1117 4696 mihi
1130 4640 1273 4709 Scriptura
1291 4654 1297 4693 ε
1315 4638 1401 4693 Terra
1416 4636 1567 4693 scabellum
1575 4636 1677 4706 pedam
1687 4650 1760 4692 meo·

963 4726 1040 4768 ram.
1067 4711 1222 4767 Fluctuans
1249 4716 1386 4765 converto
1407 4721 1454 4765 me
1474 4706 1508 4764 ad
1524 4706 1676 4773 Christum,
1696 4705 1762 4789 quia

964 4784 1058 4854 ipsum
1074 4794 1170 4853 quaro
1191 4779 1255 4851 bic;
1275 4786 1303 4836 et
1323 4780 1449 4847 invenio,
1466 4777 1610 4849 quomodo
1625 4777 1687 4832 sine
1708 4790 1761 4832 rm-

964 4854 1070 4926 pietote
1094 4850 1226 4908 adoretur
1255 4858 1348 4919 terra,
1370 4851 1433 4905 sine
1456 4849 1603 4920 impietate
1629 4846 1763 4902 adoretur

963 4921 1119 4980 scabellum
1145 4920 1249 5005 pedum
1273 4920 1346 4993 eius.
1372 4920 1502 4990 Suscepit
1528 4919 1605 4974 enim
1627 4916 1663 4972 de
1686 4922 1761 4998 terra

964 5002 1088 5051 terram:
1105 5007 1171 5065 pura
1186 5006 1254 5048 caro
1264 4991 1300 5048 de
1315 4998 1388 5047 terra
1403 4996 1455 5058 est,
1466 4996 1495 5046 et
1509 4987 1545 5044 de
1558 5002 1645 5044 carne
1663 4988 1763 5044 blane

963 5078 1081 5122 carnem
1094 5064 1215 5135 accepit.
1235 5065 1270 5119 Et
1283 5062 1349 5133 quia
1362 5061 1390 5118 in
1407 5060 1468 5131 ipsa
1491 5072 1578 5115 carne
1598 5058 1645 5113 bic
1660 5057 1758 5113 ambu-

965 5136 1087 5199 invitet
1106 5136 1197 5206 ipsam
1221 5146 1337 5190 carnem
1372 5131 1454 5187 nobis
1474 5127 1705 5186 praeducendam
1724 5126 1761 5186 ad

964 5208 1085 5263 salutem
1096 5204 1187 5275 dedit3
1204 5218 1290 5260 nemo
1305 5210 1399 5259 autem
1417 5203 1492 5258 illam
1507 5213 1623 5257 carnem
1637 5196 1759 5255 mandu-

964 5284 1020 5343 cat,
1035 5276 1090 5347 uisi
1113 5277 1190 5347 prius
1210 5273 1373 5331 adoraverit
1388 5289 1394 5328 :
1412 5274 1611 5328 inventumest
1624 5267 1761 5341 quemad-

965 5345 1081 5403 modum
1095 5346 1228 5402 adoretor
1241 5345 1295 5401 tale
1306 5340 1576 5414 scabellumpedum
1592 5339 1718 5405 homiui,
1731 5344 1760 5395 et

964 5418 1120 5473 noneolonr
1131 5430 1188 5472 oon
1203 5429 1356 5488 peccemus
1366 5412 1521 5481 adorando,
1538 5410 1588 5469 sed
1641 5424 1759 5467 cremus

965 5502 1023 5543 non
1037 5486 1193 5544 adorando.
1210 5488 1245 5543 nt
1266 5483 1452 5544 Cassiodorus
1476 5483 1505 5540 in
1527 5497 1593 5541 eum
1615 5497 1661 5539 em
1684 5480 1761 5538 Psal-

99 5562 131 5618 ἃ
149 5557 360 5636 Hieronymus,
376 5556 722 5616 eiveAuctorComment.
737 5558 765 5612 in
781 5558 911 5613 Psalmos
965 5572 1043 5616 mom
1059 5572 1133 5613 vers.
1150 5557 1177 5626 6,
1187 5555 1288 5614 iisdem
1297 5554 1386 5613 imme
1401 5554 1507 5612 verbis.

98 5632 184 5688 inter
200 5627 229 5684 S.
242 5628 407 5698 Hieronymi
421 5628 514 5698 Opera
527 5643 533 5681 :
547 5627 641 5686 liultoe
655 5626 692 5684 de
711 5626 835 5686 scabello
844 5626 906 5699 opi·
