3950 6200
1726 40 1731 41 γ
1753 42 1758 43 ⁷

127 256 170 323 ill
671 261 993 324 Phocaeensium
1016 288 1057 306 -
1078 262 1186 322 VITA.
1686 265 1746 329 142

158 415 264 479 mellae
279 417 417 480 cuidam
430 417 466 480 ln
479 420 590 482 castro
613 420 750 482 Bevanii
775 419 894 483 oculo·
949 418 1041 495 poris
1056 419 1281 481 infirmitatem
1297 418 1419 482 Christi
1437 418 1581 481 famulus
1595 434 1655 499 per
1666 436 1745 499 par-

125 532 182 577 mm
199 513 335 591 private
362 515 556 588 inminibus,
573 532 648 577 cum
670 518 703 579 in
719 517 893 579 Trinitatis
948 516 998 576 tes
1011 515 1087 577 illas
1096 517 1273 578 transitum
1286 516 1467 589 habuisset,
1476 518 1616 594 contigit
1629 519 1744 582 reduci

125 612 235 673 nomine
259 613 360 687 sputo
390 629 450 674 suo
476 629 536 690 per
550 614 656 690 ipsius
680 615 796 676 oculos
810 614 893 675 lini·
948 612 1073 673 animal
1088 628 1147 689 per
1156 614 1282 686 villam,
1299 613 1411 691 inqua
1427 614 1548 675 mulier
1565 616 1745 693 torqueba-

122 709 215 779 risset,
230 706 344 769 lumen
357 711 570 787 concupitum
584 711 740 772 restituit.
947 711 1013 769 tor.
1039 710 1198 771 Homines
1223 726 1303 772 vero
1329 711 1405 782 loci,
1426 712 1499 774 uiso
1518 728 1603 789 equo
1622 714 1677 773 cui
1692 715 1745 776 vir

150 804 256 865 Mulier
273 805 430 882 quaedam
448 807 594 870 ciuitatis
614 808 745 879 Neruii,
778 807 894 869 oculo-
947 806 1084 867 sanctus
1110 806 1289 879 insederat,
1306 810 1526 870 extraxerunt
1539 808 1691 879 traennm,
1708 812 1746 873 ut

118 918 176 963 rnm
197 901 348 963 caecitate
376 919 546 980 percussa,
565 904 696 979 signnm
718 904 827 966 crucis
850 904 892 965 ab
947 906 1211 980 superponerent
1225 904 1373 979 mulieri3
1388 904 1428 965 ad
1444 908 1538 982 enjus
1556 906 1744 968 contactum

116 998 421 1075 eodemsuscipieus,
436 1001 544 1062 lucem
566 1002 778 1078 recuperavit
797 1005 893 1079 opta·
947 998 1135 1071 mirificum,
1163 1001 1254 1061 omui
1278 1002 1404 1063 remoto
1430 1002 1596 1079 periculo,
1622 1003 1743 1065 mulier

70 1118 72 1179 5
113 1099 176 1158 tam
946 1095 1038 1158 illico
1051 1097 1180 1174 peperit
1192 1113 1266 1159 cnm
1282 1099 1401 1160 salute.

142 1192 290 1255 Bononia
311 1208 401 1271 puer
424 1193 558 1272 quidam
591 1209 695 1256 unum
720 1196 891 1258 oculorum
986 1193 1047 1256 Vir
1071 1194 1205 1271 qnidam
1227 1195 1268 1256 de
1289 1197 1405 1258 Castro
1424 1195 1546 1264 Plebis,
1565 1196 1743 1273 religiosus

68 1356 70 1371 Ἴ
113 1289 222 1352 nacula
253 1290 342 1353 adeo
366 1291 495 1353 habens
530 1292 707 1365 obtectum,
744 1295 781 1355 ut
806 1293 891 1354 nihil
946 1303 987 1350 ac
1013 1290 1135 1352 umens
1157 1293 1272 1364 Deum,
1301 1292 1458 1353 chordam
1487 1292 1574 1368 apud
1598 1309 1646 1366 se,
1676 1309 1762 1371 quas

67 1386 69 1427 i
113 1402 227 1463 prorsus
240 1388 360 1449 ridere
373 1392 499 1466 posset,
515 1406 576 1452 nec
589 1390 702 1468 aliquo
713 1391 825 1467 juvari
836 1406 892 1451 re-
946 1386 1075 1449 cinctus
1090 1387 1199 1450 iuerat
1215 1391 1350 1451 sanctus
1363 1392 1467 1467 pater,
1480 1389 1633 1452 habebat.
1648 1393 1744 1452 Cum·

66 1540 68 1553 ,
111 1483 210 1556 medio,
235 1488 312 1560 post
333 1487 467 1562 signum
482 1488 629 1549 crucisa
653 1488 762 1564 capite
784 1503 891 1565 usque
947 1498 1011 1560 que
1045 1484 1220 1548 multitudo
1255 1486 1403 1548 virorum
1437 1501 1477 1548 ac
1502 1487 1679 1548 mulierum
1706 1489 1742 1550 in

111 1581 143 1642 ad
152 1581 243 1658 pedes
267 1598 333 1658 per
357 1598 492 1645 serrum
513 1584 645 1645 Domini
669 1585 733 1646 sibl
753 1584 889 1657 iactum,
946 1584 1056 1643 castro
1079 1581 1149 1653 illc,
1170 1583 1274 1644 variis
1292 1583 1542 1646 infirmitatibus
1561 1584 1740 1658 laboraret,

110 1680 195 1741 tunm
216 1681 438 1757 recuperavit
459 1684 528 1743 tam
547 1682 732 1759 limpidum,
746 1683 783 1744 ut
800 1684 891 1759 post-
946 1676 1015 1739 ibat
1039 1694 1099 1756 per
1125 1679 1363 1743 infirmantium
1391 1680 1516 1754 domos,
1540 1683 1583 1753 et,
1602 1682 1743 1744 intincta

110 1777 218 1838 medum
232 1778 394 1840 Fratrum
411 1779 577 1840 minorum
594 1780 743 1841 ordinem
758 1781 891 1856 ingres·
945 1775 1072 1839 chorda
1098 1777 1132 1838 in
1148 1793 1247 1855 aqna,
1271 1777 1371 1840 dabat
1389 1778 1503 1840 hibere
1528 1780 1740 1856 patientibus,

109 1890 162 1946 sus,
175 1889 208 1936 se
229 1874 336 1952 longe
359 1876 484 1937 clarius
513 1877 633 1939 videre
661 1880 827 1939 assereret
850 1877 890 1939 de
946 1872 1061 1950 sicque
1083 1875 1245 1950 perhanc
1267 1877 1399 1937 modum
1414 1876 1550 1952 plurimi
1572 1878 1743 1939 sanaban-

110 1971 188 2033 oculo
200 1974 295 2049 prins
307 1972 456 2046 infirmo,
473 1989 573 2051 quam
595 1975 637 2037 de
649 1975 747 2037 oculo
759 1989 891 2053 semper
944 1970 1010 2032 tur.
1039 1971 1103 2032 Sed
1118 1972 1206 2033 etde
1230 1974 1372 2050 panibus
1384 1990 1404 2035 a
1416 1975 1489 2035 viro
1504 1974 1564 2036 Dei
1578 1975 1740 2036 corruetis

112 2084 188 2131 sano.
943 2069 1119 2143 gustantes
1143 2071 1271 2146 aegroti,
1292 2070 1407 2132 divina
1421 2073 1580 2149 operante
1604 2073 1738 2145 virtute,

141 2168 173 2226 in
193 2167 304 2229 castro
332 2168 448 2230 sancti
472 2168 604 2230 Gemini
634 2184 751 2232 servus
773 2169 834 2231 Dei
869 2185 888 2231 a
944 2165 1234 2243 consequebantur
1257 2167 1411 2230 celeriter
1438 2168 1585 2230 remedia
1607 2170 1740 2233 sanita-

111 2263 230 2341 tuotlam
260 2263 386 2328 devoto
418 2265 491 2328 viro
524 2269 696 2344 susceptus
730 2266 887 2344 hospitio,
943 2263 1025 2323 tum.
1055 2264 1135 2325 Cum
1162 2264 1215 2326 his
1230 2267 1263 2326 et
1284 2264 1360 2331 alite
1375 2266 1489 2327 multis
1502 2267 1740 2328 miraculorum

111 2364 189 2437 cnjus
202 2378 291 2424 uxor
305 2362 500 2425 adaemonio
515 2364 712 2438 vexabatur,
729 2366 803 2442 post
817 2380 890 2427 ora·
943 2359 1105 2435 prodigiis
1126 2376 1236 2437 praeco
1264 2362 1387 2423 Christi
1403 2362 1590 2439 praedicans
1604 2378 1741 2425 corrus-

109 2457 213 2520 lionem
232 2459 374 2532 factam
389 2460 425 2521 in
439 2460 562 2523 uirtute
576 2461 774 2523 obedientiae
788 2463 890 2539 impe·
943 2459 1046 2528 caret,
1072 2458 1304 2520 attendebatur
1317 2458 1370 2519 his
1392 2475 1465 2536 qnae
1483 2458 1681 2522 dicebantur
1694 2460 1737 2521 ab

111 2555 182 2617 rasit
202 2556 350 2618 daemoni
366 2559 403 2621 ut
422 2558 542 2631 exiret,
560 2573 704 2636 eumque
725 2560 888 2636 potestate
942 2568 993 2625 eo,
1006 2569 1046 2615 ac
1061 2555 1090 2615 si
1105 2556 1245 2630 angelus
1256 2556 1387 2617 Domini
1398 2557 1600 2633 loqueretur.
1619 2557 1740 2618 Excel-

110 2651 283 2717 hrinatam
296 2654 407 2716 subito
419 2654 590 2731 erugant,
609 2658 646 2718 ut
668 2671 747 2718 vere
762 2657 888 2718 clares-
942 2650 1015 2712 lens
1034 2667 1176 2729 namque
1192 2653 1313 2730 inipso
1328 2654 1551 2730 praerogativa
1565 2654 1737 2725 virtutum,

110 2750 181 2810 cerel
196 2750 283 2827 quod
304 2750 504 2813 obedientie
530 2754 654 2813 sanctae
673 2752 789 2815 virtmi
811 2769 889 2830 per-
942 2748 1125 2824 prophetiae
1147 2749 1295 2826 spiritus,
1317 2749 1467 2812 etdcacia
1485 2751 1735 2824 miraculorum,

110 2844 422 2909 deariadaemonnm
443 2863 508 2909 non
522 2848 673 2911 obsistat.
942 2846 1113 2906 oraculum
1142 2845 1183 2908 de
1212 2847 1423 2925 praedicando
1452 2849 1583 2910 coelitus
1612 2849 1736 2922 datum,

141 2945 173 3004 ln
184 2945 676 3023 civitatedeCastello,quldam
688 2945 887 3009 furibundus
941 2941 1129 3004 ohedientia
1151 2947 1380 3005 creaturarum
1394 2946 1524 3008 ratione
1538 2946 1735 3020 carentium,

109 3041 277 3120 etneqnam
292 3042 431 3120 spiritus
447 3043 623 3121 quamdam
642 3043 798 3106 obsidens
813 3060 888 3105 mu·
941 3040 1121 3102 vehemens
1133 3040 1319 3105 immutatio
1334 3042 1483 3106 cordium
1500 3043 1541 3106 ad
1560 3044 1737 3107 verborum

109 3137 261 3212 herema
290 3142 365 3202 viro
388 3142 504 3203 sancto
527 3141 723 3205 obedientiae
751 3144 887 3219 accepto
941 3137 1048 3215 ipsius
1076 3138 1236 3212 auditum,
1278 3141 1421 3203 eruditio
1453 3144 1525 3219 ejus
1558 3158 1578 3204 a
1610 3144 1737 3220 Spiritu

109 3237 258 3311 mandato,
285 3236 557 3313 indignabundus
585 3239 749 3311 discessit,
778 3242 887 3302 mente
943 3237 1065 3300 Sancto
1080 3237 1202 3313 praeter
1229 3238 1410 3299 humanam
1430 3239 1626 3309 doctrinam,
1643 3257 1734 3317 prae-

110 3332 190 3395 simul
209 3337 241 3398 et
254 3350 396 3413 corpore
417 3334 569 3408 liberam,
587 3334 760 3398 obsessam
779 3337 884 3415 prius,
941 3332 1076 3393 dicandi
1099 3334 1282 3396 auctoritas
1304 3349 1323 3394 a
1345 3337 1480 3396 Summo
1495 3336 1656 3398 Pontitlce
1670 3352 1737 3399 non

109 3427 517 3510 toeminamdereiinquens.
941 3430 1014 3492 sine
1040 3430 1246 3492 revelatione
1271 3446 1441 3504 concessa,
1472 3433 1610 3510 insuper
1627 3435 1661 3496 et
1682 3450 1738 3496 re·

138 3529 246 3592 Frater
268 3530 403 3608 quidam
426 3530 618 3593 inormitate
641 3531 708 3593 tam
733 3531 886 3593 horribili
940 3527 1030 3603 gula,
1046 3527 1080 3588 in
1095 3542 1159 3605 qua
1175 3528 1281 3590 torma
1297 3529 1500 3606 praedicandi
1524 3530 1734 3608 exprimitur,

108 3628 303 3700 mirahatur,
330 3630 367 3690 ut
388 3629 495 3705 magis
518 3644 592 3690 esse
606 3630 740 3691 vexatio
754 3630 884 3691 doemo-
941 3623 982 3686 ab
993 3624 1108 3686 eodem
1124 3625 1246 3688 Christi
1259 3626 1386 3688 vicario
1397 3628 1603 3700 condrmata,
1615 3630 1736 3690 summi

109 3722 162 3795 nis,
181 3740 276 3802 quarn
303 3725 469 3788 naturalis
490 3726 679 3799 infirmitas,
702 3726 886 3803 apluribns
941 3738 1072 3800 quoque
1091 3724 1191 3799 Regis
1207 3724 1379 3800 signacula
1402 3741 1461 3802 per
1482 3725 1613 3786 modum
1633 3726 1737 3802 sigilli

109 3817 289 3886 firmaretur.
306 3824 393 3885 Nam
414 3823 502 3885 totus
521 3839 611 3900 saepe
626 3823 836 3897 allidebatur,
853 3825 887 3886 et
941 3820 1072 3897 corpori
1087 3824 1159 3898 ejus
1174 3820 1352 3896 impressa,
1368 3821 1526 3899 tanquam
1540 3822 1733 3886 testimonia

110 3917 300 3983 retrahatur
335 3936 513 3997 spumans,
542 3920 700 3982 memhris
735 3923 885 3999 corporis
940 3915 1066 3988 decem,
1087 3918 1148 3980 toti
1171 3918 1295 3979 saeculo
1314 3918 1541 3980 indubitanter
1555 3919 1734 3994 affirmant,

111 4028 182 4077 nunc
225 4017 422 4089 contractis,
461 4033 551 4079 nnnc
592 4018 759 4090 extensis,
796 4034 886 4079 nunc
940 4014 1062 4076 Christi
1077 4030 1264 4091 praeconem
1280 4017 1736 4089 trenciacumetveneran·

110 4110 238 4187 plicatis,
273 4130 364 4176 nuno
401 4115 512 4188 tortis,
549 4130 638 4177 nunc
681 4115 799 4192 rigidis
836 4114 886 4177 ei·
939 4111 1018 4174 dnm
1046 4111 1168 4185 olilcio,
1194 4115 1228 4175 et
1252 4113 1402 4175 doctrina
1435 4114 1675 4184 authenticum,
1704 4116 1738 4177 et

110 4203 186 4270 lectis
206 4212 238 4272 et
255 4211 362 4272 duris.
384 4211 588 4287 Quandoque
609 4212 698 4273 totns
726 4214 885 4273 extensus
940 4209 1170 4271 admirabilem
1181 4211 1368 4284 sanctitate,
1378 4227 1418 4272 ac
1431 4227 1491 4289 per
1500 4212 1562 4272 hoc
1577 4214 1735 4289 anquam

110 4305 272 4383 strigidus,
291 4308 430 4386 pedibus
455 4309 596 4385 aequatis
622 4309 723 4385 capiti
743 4308 883 4371 levaba-
938 4322 1018 4368 vere
1033 4307 1092 4369 Dei
1106 4308 1265 4370 nuncium
1278 4308 1402 4370 Christi
1419 4308 1635 4385 Evangelium
1649 4326 1736 4387 prae·

110 4400 189 4465 turin
202 4406 316 4477 altum,
330 4405 538 4468 horribiliter
556 4405 649 4467 illico
672 4407 879 4484 relapsurus.
939 4403 1082 4466 dicasse.

111 4499 188 4561 Hunc
206 4504 253 4564 sic
274 4502 513 4564 miserabiliter
535 4504 568 4564 et
591 4503 885 4566 irremediabiliter
1074 4503 1079 4514 ’

111 4601 302 4671 egrotamem
342 4600 461 4677 plenus
500 4600 730 4661 misericordia
761 4601 884 4663 Christi
1211 4617 1348 4680 CAPUT
1370 4619 1460 4679 xm,

111 4706 207 4757 seruus
226 4698 476 4769 commiserans,
499 4697 665 4759 bucellam
691 4699 756 4760 sihi
774 4699 881 4776 panis,

111 4787 142 4850 de
151 4809 207 4870 qno
220 4795 348 4867 edebat,
360 4795 557 4856 transmisit.
569 4798 709 4857 Tantam
719 4811 799 4858 vero
809 4812 885 4872 gns·
1117 4805 1167 4865 De
1190 4802 1409 4881 stigmatibus
1430 4809 1553 4870 sacras.

109 4887 181 4951 tatus
204 4893 298 4969 panis
333 4893 474 4954 contulit
508 4908 597 4968 aegro
633 4892 811 4966 virtutem,
848 4894 884 4955 nt

108 4983 243 5067 deinceps
265 4990 366 5067 hujns
386 4989 592 5051 infirmitatis
615 4990 802 5053 molestiam
817 5007 883 5052 non
977 4990 1050 5050 Mos
1070 4991 1144 5051 erat
1165 4991 1317 5067 angelico
1341 4993 1414 5053 viro
1436 4993 1616 5054 Francisco
1640 5007 1730 5054 nun-

109 5085 239 5149 sentiret.
938 5102 1037 5165 qnam
1053 5088 1151 5149 otiari
1167 5104 1187 5149 a
1209 5089 1306 5162 bon0‚
1323 5091 1402 5166 quin
1423 5090 1533 5166 potins
1549 5090 1655 5150 instar
1667 5106 1729 5151 sn-

139 5182 171 5242 ln
190 5184 345 5245 comitatu
363 5182 481 5254 Aretii,
499 5197 574 5244 cum
596 5183 714 5245 diebus
733 5184 883 5263 pluribus
937 5200 1118 5263 pernoram
1141 5186 1320 5262 spirituum
1348 5188 1382 5247 in
1412 5187 1502 5246 scala
1530 5186 1645 5259 Jacob,
1675 5189 1734 5251 aut

110 5278 211 5342 mulier
227 5280 378 5359 quasdam
396 5280 582 5343 laborasset
598 5281 631 5342 in
647 5284 755 5359 partu,
773 5284 882 5345 esset·
938 5283 1139 5344 ascendebat
1161 5284 1197 5343 in
1222 5285 1337 5354 Deum,
1362 5285 1421 5344 ant
1445 5283 1666 5346 descendebat
1690 5285 1731 5347 ad

111 5389 162 5450 qne
180 5381 245 5454 jam
268 5379 421 5455 proxima
445 5378 560 5451 morti,
591 5379 719 5441 nullum
748 5381 883 5441 omnino
938 5380 1138 5456 proximum.
1153 5382 1237 5441 Nam
1253 5381 1381 5457 tempus
1401 5379 1465 5440 sihi
1483 5396 1677 5444 concessum
1690 5383 1732 5444 ad

111 5470 280 5551 desperanti
293 5475 334 5538 de
344 5476 413 5538 rita
425 5478 600 5553 supererat
609 5477 804 5550 remedium,
818 5477 883 5538 nisi
937 5476 1092 5538 meritum
1114 5477 1260 5539 dividere
1284 5477 1332 5538 sic
1355 5477 1536 5554 prudenter
1558 5478 1731 5553 didicerat,

113 5568 170 5631 liei.
184 5574 259 5634 Cum
277 5578 388 5635 autem
411 5589 496 5651 equo
514 5575 629 5636 rectus
652 5575 787 5654 propter
809 5589 884 5638 cor·
939 5574 976 5635 ut
992 5573 1082 5636 alind
1101 5574 1327 5651 proximorum
1344 5575 1446 5637 lucris
1465 5574 1643 5640 laboriosis
1664 5579 1755 5640 lm-'
