3950 6200
115 323 166 383 tet

114 477 257 550 Ecclesia,
274 477 399 539 natalia
412 477 485 554 ejus
499 475 616 539 devote
628 491 669 538 ac
690 476 886 539 solemniter

114 574 316 638 celebrentur.

145 670 297 743 Quocirca
310 670 709 733 universitatemvestram
718 689 884 749 rogamus,

113 783 279 837 monemus,
297 769 334 829 et
358 768 572 830 exhortamur
598 768 635 828 in
660 770 811 842 Domino,
829 786 888 845 per

112 865 284 943 Apostolica
295 865 391 927 vobis
407 865 530 942 scripta
543 866 751 938 mandantes,
767 869 886 943 quate-

112 962 220 1023 nusdie
231 961 390 1039 praedicto
400 962 435 1022 in
446 963 759 1027 commemoratione
767 964 885 1040 ipsius,

111 1059 215 1119 diuinis
228 1058 384 1119 laudibus
399 1060 557 1120 alacriter
568 1059 776 1132 insistentes,
791 1063 887 1137 ejus-

110 1155 169 1216 dem
182 1156 368 1232 patrocinia
387 1156 559 1219 humiliter
573 1157 770 1232 imploretis,
785 1158 823 1219 ut
836 1159 889 1233 ip-

110 1255 167 1313 sius
178 1253 459 1315 intercedentibus
471 1255 613 1326 meritis,
623 1254 665 1317 ad
678 1258 751 1332 ejus
761 1270 888 1317 merea·

110 1349 177 1410 mini
186 1350 390 1411 consortium
404 1352 580 1427 pervenire
596 1368 603 1412 :
619 1351 678 1413 illo
694 1353 886 1428 praestante,

110 1447 156 1523 pul
176 1447 225 1508 est
245 1447 444 1509 benedictus
469 1449 505 1509 in
527 1449 650 1511 saecula
676 1449 886 1511 saeoulornm.

109 1546 207 1605 bnon.
218 1545 340 1606 Datum
355 1545 580 1616 Perusii,le
592 1546 725 1607 kalend.
743 1547 888 1637 augusti,

111 1641 305 1716 pontificatus
321 1643 429 1704 nostri
443 1658 532 1704 enno
549 1641 708 1705 secundo.

42 1972 43 1975 =
112 1935 220 1996 11ch
241 1937 358 1997 celebr

209 2036 380 2094 universo
417 2034 584 2107 praelatos
604 2035 765 2108 diploma.

134 2227 302 2301 Gregorius
311 2226 627 2302 episcopusservus
635 2240 807 2287 servorum
817 2226 887 2298 Dei,

110 2323 367 2401 archiepiscopis,
384 2324 560 2399 episcopis,
579 2321 767 2395 abbatibus,
793 2324 888 2400 prio-

111 2418 194 2492 ribus,
215 2419 533 2498 archipresbyteris,
555 2420 813 2493 archidiaconis,
830 2421 889 2482 de-

109 2517 193 2590 canis,
206 2520 238 2580 et
252 2518 336 2581 aliis
353 2517 571 2578 ecclesiarum
586 2517 753 2593 praelatis:

653 317 974 381 PROLEGOMENA.
997 345 1037 362 -
1057 319 1166 378 VITA.

473 1938 595 2008 ubique
618 1940 693 2009 6166
715 1936 825 1998 natali
845 1939 890 1997 nd

1670 314 1729 375 198

941 476 1091 549 lestihus,
1108 491 1151 537 ne
1165 475 1270 553 ipsius
1292 475 1411 538 honori
1435 474 1545 537 debito
1559 475 1593 537 et
1614 473 1731 551 glorlae

941 574 1116 635 detrahere
1130 574 1319 635 videremur
1338 571 1589 650 quodammodo,
1606 572 1635 633 61
1658 570 1733 648 glo-

940 671 1106 732 rificatum
1118 687 1137 732 a
1150 672 1300 742 Domine,
1311 670 1576 747 permitteremus
1590 670 1732 731 ulterius

942 767 1088 829 humana
1103 769 1279 830 devotione
1293 769 1430 845 privari,
1446 768 1486 828 de
1502 768 1641 828 fratrum
1658 783 1734 828 nos·

941 867 1068 927 trorum
1093 866 1246 937 consilio,
1272 868 1305 926 et
1330 865 1544 941 praelatorum
1572 864 1731 936 omnium,

942 961 999 1038 qui
1012 962 1091 1022 tunc
1106 962 1264 1037 temporis
1275 961 1362 1037 apud
1376 962 1494 1023 sedem
1509 961 1734 1037 Apostolicam

943 1058 1178 1130 consistebant,
1196 1060 1393 1119 Sanctorum
1411 1058 1563 1133 catalogo
1576 1058 1734 1121 duximus

942 1154 1207 1216 adscribendum.
1226 1157 1305 1216 Cum
1321 1157 1425 1232 igitur
1443 1158 1515 1232 ejus
1529 1156 1667 1216 lucerna
1684 1155 1733 1216 sic

943 1253 1109 1313 exarserit
1123 1252 1283 1314 hactenus
1298 1253 1335 1313 in
1345 1252 1408 1313 hoc
1423 1254 1555 1324 mundo,
1573 1252 1660 1329 quod
1675 1267 1735 1329 per

943 1350 1002 1409 Dei
1017 1349 1170 1423 gratiam,
1181 1353 1252 1426 jam
1265 1365 1332 1410 non
1348 1349 1409 1410 sub
1425 1350 1545 1421 modio,
1563 1349 1620 1412 sed
1636 1365 1736 1426 super

944 1445 1181 1508 candelabrum
1196 1447 1356 1509 meruerit
1371 1447 1545 1520 collocari,
1564 1448 1735 1518 uniuersi·

944 1545 1045 1605 tatem
1060 1547 1204 1606 vestram
1219 1560 1387 1620 rogamus,
1402 1561 1585 1617 monemus,
1600 1548 1634 1606 et
1651 1545 1735 1606 hor·

944 1639 1065 1712 tamur,
1087 1657 1146 1718 per
1165 1643 1355 1718 apostoliea
1377 1642 1472 1704 vobis
1497 1643 1621 1719 scripta
1636 1658 1735 1705 man-

944 1737 1073 1810 dantes,
1101 1740 1264 1816 quatenus
1289 1740 1498 1802 devotionem
1527 1740 1675 1801 fidelium
1694 1740 1736 1801 ad

943 1836 1193 1898 venerationem
1218 1837 1325 1913 ipsius
1344 1837 1523 1899 salubriter
1537 1839 1734 1909 excitantes,

944 1931 1157 1995 festivitatem
1171 1936 1243 2010 eJus
1259 1937 1377 2009 quarto
1393 1950 1500 1995 nonas
1510 1934 1655 1996 octobris
1666 1935 1739 1995 sin·
1817 1960 1819 1965 ·

943 2028 1032 2104 gulis
1044 2030 1143 2089 annis
1169 2030 1364 2093 solemniter
1387 2031 1576 2102 celebretis,
1600 2034 1633 2093 et
1659 2046 1738 2107 pro-

944 2125 1105 2187 nuntietis
1117 2127 1295 2189 constituto
1307 2129 1361 2189 die
1371 2128 1562 2205 specialiter
1570 2127 1738 2189 celebran-

945 2221 1031 2293 dam,
1048 2222 1085 2283 ut
1107 2225 1179 2298 ejus
1204 2223 1358 2299 precibus
1381 2226 1539 2286 Dominus
1564 2227 1733 2293 exoratus,

944 2334 1039 2380 suam
1051 2318 1147 2380 nobis
1162 2320 1287 2382 tribuat
1301 2322 1444 2395 gratiam
1468 2323 1502 2382 in
1521 2323 1737 2398 praesentiat

943 2416 1085 2490 gloriam
1098 2417 1134 2477 in
1155 2416 1277 2478 futuro.
1295 2420 1413 2481 Datum
1427 2419 1568 2489 Perusii,
1585 2421 1644 2480 Vll
1659 2419 1734 2480 idus

940 2513 1029 2589 julii,
1044 2513 1254 2590 pontificatus
1269 2515 1374 2576 nostri
1389 2531 1477 2576 anno
1490 2516 1646 2577 secundo.

139 2614 219 2675 Sicut
237 2614 369 2691 phlalm
390 2628 513 2684 aureae,
530 2628 613 2689 quas
635 2612 720 2675 vidit
742 2615 889 2677 loannes

109 2707 203 2785 plenas
214 2710 526 2780 odoramentorum,
543 2725 616 2786 quae
631 2709 887 2771 suntorationes

42 2852 43 2879 1
110 2807 298 2880 Sanctorum,
316 2809 357 2868 in
372 2808 552 2884 conspectu
565 2806 738 2879 Altissimi,
755 2808 796 2867 ad
812 2806 888 2869 aho-

42 2976 43 2979 ,
108 2903 219 2966 leudam
242 2908 442 2968 nostrorum
458 2903 635 2965 criminum
651 2905 884 2980 corruptelam,

42 3034 43 3095 p
109 3002 221 3063 olorem
234 3002 419 3065 suavitatis
433 3001 610 3063 emittunt:
628 3002 674 3062 ita
692 3002 793 3064 saluti
809 3019 887 3063 nos·

42 3115 44 3202 1
107 3100 154 3160 tre
165 3100 334 3168 credimus
347 3099 527 3174 plurimum
542 3099 712 3175 expedire,
728 3100 757 3160 si
772 3116 887 3162 eorum

108 3195 252 3258 interris
280 3195 452 3259 celebrem
479 3195 661 3256 habeamus
679 3198 883 3267 memoriam,

105 3291 231 3368 ipsorum
248 3295 375 3355 merita
389 3292 594 3354 solemnibus
606 3294 791 3356 recolentes
804 3310 887 3370 pree·

106 3390 213 3463 coniis,
233 3407 383 3469 quorum
405 3390 440 3450 in
465 3389 560 3450 coelis
585 3405 758 3466 speramus
781 3390 886 3452 inter-

42 3477 43 3490 ’
105 3487 298 3550 emtionibus
312 3487 460 3548 assiduis
472 3487 636 3563 adjuvari.
652 3490 738 3548 Sane
753 3504 828 3552 cum
845 3489 885 3549 de

42 3639 43 3648 ,
105 3587 357 3663 conversatione,
374 3585 443 3646 vita
468 3586 501 3645 et
522 3585 649 3646 meritis
670 3584 758 3647 beati
773 3587 884 3647 Fran-

105 3678 179 3752 cisci,
206 3682 417 3745 institutoris
446 3681 479 3752 et
503 3681 645 3760 rectoris
671 3682 805 3744 Ordinis
826 3684 886 3744 Mi·
939 3696 1014 3753 nea,
1031 3681 1065 3741 iu
1079 3697 1143 3758 qua
1157 3682 1199 3743 ad
1211 3684 1314 3743 tutam
1328 3686 1362 3743 et
1377 3686 1539 3746 secretam
1549 3687 1733 3750 custodiam

42 3767 43 3852 l
104 3790 203 3839 norum
223 3780 371 3840 fratrum
385 3776 477 3856 (qui,
499 3779 596 3855 juxta
618 3779 797 3842 consilium
815 3781 889 3842 sal·
939 3777 1131 3839 condendus
1154 3780 1227 3839 erat
1250 3778 1305 3839 hio
1333 3780 1505 3854 preciosus
1532 3783 1729 3856 thesaurus,

42 3867 43 3952 l
104 3876 221 3947 tatoris,
237 3875 442 3951 contemptis
460 3875 675 3947 transitoriis,
703 3876 883 3938 secuudum
935 3877 1006 3951 jam
1021 3874 1171 3936 absoluta
1184 3878 1268 3947 eret,
1282 3878 1316 3937 et
1334 3876 1473 3939 firmiter
1485 3878 1631 3956 undique
1650 3897 1732 3943 con·

42 3963 43 3982 ³
105 3973 347 4043 promissionem
360 3972 519 4049 ejusdem,
533 3972 574 4034 ad
589 3973 736 4036 coelestia
747 3975 884 4050 praemia
939 3973 1121 4046 camerata3
1139 3972 1338 4035 celebranda
1353 3974 1432 4036 item
1446 3978 1619 4051 generalia
1634 3980 1730 4040 ordi-

42 4081 43 4124 ῑ
105 4063 226 4131 feliciter
240 4073 276 4132 et
301 4071 428 4131 aeterna
452 4067 619 4147 pervenit)
635 4073 730 4146 crrjus
757 4071 826 4132 vita
851 4073 885 4133 et
939 4068 992 4132 nis
1015 4069 1161 4142 comitia,
1186 4071 1222 4130 in
1249 4070 1368 4147 quibus
1391 4072 1544 4134 derebus
1558 4077 1731 4151 graviori-

42 4155 43 4172 *
105 4160 176 4225 fama
189 4167 368 4242 praeclara,
396 4167 608 4242 peccatorum
634 4165 772 4242 depulsa
795 4168 883 4228 cali·
938 4165 1012 4237 bus,
1025 4169 1059 4227 et
1072 4166 1158 4228 bono
1170 4167 1298 4229 ordinis
1312 4170 1469 4243 ageretur
1480 4172 1655 4245 regimine.

106 4255 177 4330 gine,
192 4260 405 4322 ambulantes
419 4259 453 4319 in
476 4259 612 4336 regione
629 4260 754 4322 umbrae
767 4263 883 4334 mortis
979 4263 1108 4339 Duplici
1123 4279 1166 4325 ex
1180 4264 1243 4325 hoc
1260 4267 1368 4341 capite
1392 4270 1620 4331 convenerunt
1641 4271 1730 4334 ultra

106 4351 295 4419 datitiorum
306 4355 453 4418 tenebris
461 4356 502 4417 ad
515 4357 718 4432 poenitentiae
731 4358 818 4419 viam
829 4374 884 4419 vo·
938 4359 1004 4419 duo
1031 4359 1136 4420 millia
1156 4360 1306 4434 fratrum,
1328 4363 1426 4438 atque
1450 4365 1598 4427 universi
1622 4368 1733 4430 homi·

108 4462 172 4511 cans
193 4452 351 4532 (quorum
371 4455 439 4514 tam
464 4453 612 4514 virorum
639 4469 738 4529 quam
763 4456 884 4517 mulie·
938 4472 1017 4517 num
1032 4458 1139 4519 status
1152 4458 1246 4519 tanta
1259 4459 1444 4533 multitudo
1462 4463 1499 4522 ut
1513 4477 1572 4524 eos
1586 4465 1665 4526 urbs
1680 4483 1733 4528 ca·

107 4557 177 4618 rum,
186 4549 225 4609 ad
238 4549 341 4610 fidem
352 4547 510 4609 Ecclesiae
525 4548 884 4621 roborandametcou·
939 4569 1018 4630 pere
1027 4569 1093 4614 non
1106 4556 1228 4630 posset,
1241 4555 1297 4620 sed
1309 4556 1343 4615 in
1354 4558 1481 4634 campis
1493 4559 1554 4619 snb
1565 4563 1730 4636 tentoriis,

108 4640 258 4708 fetandam
284 4644 479 4706 haereticam
502 4645 712 4721 pravitatem,
741 4647 824 4709 vivit
851 4650 884 4710 et
938 4651 972 4712 et
984 4651 1155 4714 turmatim
1170 4666 1308 4727 gregum
1334 4669 1426 4715 more
1451 4656 1486 4716 in
1511 4672 1590 4719 rure
1611 4660 1733 4723 subur-

108 4739 197 4803 adhuc
210 4744 300 4819 riget
312 4757 380 4802 non
396 4742 524 4803 modica
539 4742 729 4821 multitudo)
742 4745 809 4804 tam
824 4761 884 4821 per
937 4747 1025 4809 bano
1040 4748 1109 4808 illis
1123 4747 1239 4810 diebus
1251 4749 1453 4813 victitarent.
1470 4755 1534 4815 Sed
1552 4756 1629 4817 dum
1644 4760 1733 4820 Pon-

107 4848 271 4915 tosqnam
282 4854 343 4916 per
357 4839 480 4901 multos
492 4839 578 4900 alios
592 4839 658 4910 lide
672 4839 801 4916 dignos,
826 4843 884 4919 qui
938 4844 1278 4921 tillcisenpectaretur
1288 4847 1460 4920 adventus,
1468 4858 1732 4927 supervenerunt

108 4932 263 5008 miracula,
279 4951 355 5014 quae
370 4938 458 4996 Deus
470 4951 529 5012 per
542 4936 634 4997 illius
645 4937 751 4999 sancti
765 4940 884 5000 merita
939 4942 1104 5004 solemnes
1130 4941 1171 5004 ab
1194 4959 1233 5005 eo
1250 4945 1344 5004 missi
1360 4947 1485 5014 nuncii,
1498 4951 1554 5023 qui
1569 4950 1733 5014 referrent

113 5031 400 5110 operatur,plenius
412 5037 649 5108 cognoverunt,
658 5035 817 5096 certiores
832 5035 884 5096 el·
939 5040 989 5101 tot
998 5039 1196 5116 implicitum
1207 5042 1349 5116 negotiis
1358 5043 1567 5118 gravioribus
1576 5048 1732 5110 Ecclesiae

111 5121 188 5200 lecb3
202 5130 325 5191 auditis
340 5129 441 5191 etiam
454 5129 645 5201 virtutibus,
662 5132 695 5191 et
710 5131 886 5194 miraculo·
939 5140 972 5199 et
987 5137 1138 5213 Imperii;
1153 5138 1301 5215 adeoque
1312 5140 1467 5201 molestas
1482 5155 1535 5202 166
1551 5144 1730 5218 Frederici,

110 5233 171 5282 rum
200 5226 408 5303 insignibus,
438 5227 472 5287 et
499 5227 585 5303 quod
613 5228 700 5289 inter
731 5230 885 5291 carnales
940 5236 977 5295 ut
991 5234 1032 5295 ab
1046 5234 1135 5297 Urbe
1148 5250 1214 5295 non
1229 5234 1327 5297 facile
1337 5236 1453 5298 liceret
1464 5237 1657 5302 abscedere:
1674 5245 1732 5320 qui

110 5319 318 5397 spiritualiter,
330 5326 364 5385 et
378 5323 466 5384 inter
474 5324 626 5386 homines
635 5325 735 5386 etiam
744 5342 885 5388 conver·
924 5332 1041 5418 ‘etiam
1059 5331 1187 5393 ferrent
1200 5332 1345 5407 pretiosa
1364 5349 1503 5396 munera
1517 5336 1558 5396 ad
1574 5338 1745 5402 cohonesae

113 5416 254 5480 ebonem
268 5421 455 5497 angelicam
476 5420 664 5494 habuisset;
690 5423 810 5499 ipsum,
827 5425 884 5501 qui
940 5428 1075 5490 tendam
1084 5427 1338 5489 translationem
1347 5429 1613 5494 etadornandam
1623 5437 1732 5499 ecolo-

114 5516 808 5594 1660111616661161611161111616116666111
823 5538 886 5584 coe·
941 5525 1036 5597 siam,
1053 5540 1184 5588 crucem
1201 5524 1355 5587 videlicet
1370 5540 1505 5590 auream
1520 5546 1586 5591 non
1602 5535 1731 5596 medio-

145 5625 180 5695 U)
197 5628 293 5690 chron.
307 5640 367 5690 ant.
380 5632 463 5700 liar,
483 5647 508 5688 6.
526 5632 552 5690 3.

1003 2806 1057 2866 IV.
1087 2810 1137 2868 De
1160 2770 1388 2871 fraudatione
1407 2813 1565 2884 corporis
1585 2813 1670 2882 ejus.

982 3001 1510 3080 lntimatumfuitperuniversam
1520 3008 1734 3088 Europam(l)

941 3096 1101 3159 fratribus
1111 3101 1144 3162 et
1158 3101 1241 3161 viris
1255 3101 1471 3178 principibus,
1488 3120 1615 3166 summo
1629 3096 1736 3168 trans-

942 3194 1114 3257 ferendum
1153 3197 1356 3269 solemnitor,
1393 3201 1554 3262 Pontilioe
1583 3201 1634 3277 (ut
1659 3219 1735 3279 spes

941 3292 1027 3370 erat)
1042 3295 1217 3370 praesente,
1231 3310 1351 3370 corpus
1363 3295 1547 3358 beatissimi
1555 3297 1618 3358 viri
1632 3302 1735 3361 Fran·

941 3389 1021 3450 cisci
1038 3406 1155 3451 recens
1177 3391 1265 3452 inter
1283 3394 1416 3452 sanctos
1436 3397 1676 3466 connumerati,
1688 3397 1729 3458 ad

940 3502 1060 3547 novam
1087 3488 1263 3548 ecclesiam
1290 3504 1351 3549 suo
1379 3490 1506 3551 nomini
1533 3491 1730 3559 dedicatam.

940 3587 1035 3672 cujus
1056 3600 1134 3661 pars
1157 3573 1299 3646 inferior
1318 3600 1379 3646 seu
1400 3587 1540 3649 ecclesia
1564 3589 1735 3652 subterra-
