3950 6200
137 374 172 436 aa
594 329 598 342 ¹
688 361 1011 430 rnonacouuna.
1034 367 1204 429 -v1ra,
1726 372 1767 432 ao

135 527 272 596 cialibus,
289 528 371 606 quia
396 527 604 605 corporalem
630 527 842 604 praesentiam
854 542 915 588 ex·
969 525 1053 588 coelo
1076 528 1248 606 delapsam
1273 526 1400 590 audivit
1419 550 1427 590 c
1443 525 1642 603 Francisce,
1670 529 1766 593 micae

133 628 235 689 hihem
260 641 331 687 non
356 627 496 703 poterat,
523 641 583 703 per
603 613 781 686 sollicitam
801 639 915 685 curam
967 625 1146 700 praeteritae
1179 625 1297 694 noctis,
1327 625 1430 687 verba
1458 627 1652 702 evangelica
1675 631 1765 700 sunt,

131 724 305 801 regiminis,
324 724 518 784 instantiam
536 723 655 800 precis,
673 723 706 783 et
731 722 915 783 efficaciam
969 721 1078 782 hostia
1101 722 1240 797 Regula,
1261 721 1353 799 lepra
1376 723 1545 800 iniquitas.
1558 724 1681 785 volens
1696 724 1765 800 igi-

130 822 375 894 benedictionis,
392 821 673 899 spiritupraeseus
687 823 778 895 erat3
794 836 915 899 quam·
967 820 1024 880 tur
1045 819 1305 880 confirmandam
1327 819 1500 896 Regulam,
1523 837 1566 882 ex
1589 822 1767 883 verborum

129 921 173 982 vis
196 920 391 995 aliquando,
422 919 507 980 mira
536 918 596 980 Dei
622 919 766 980 faciente
780 919 914 990 virtute,
968 917 1141 993 Evangelii
1157 911 1394 993 aggregatione
1413 917 1581 994 profusius
1596 917 1765 988 traditam,

129 1017 296 1078 visibiliter
319 1017 522 1094 appareret'
537 1020 619 1077 Dum
643 1016 916 1094 enimegregins
960 1014 1010 1075 ·ad
1034 1014 1354 1091 compendiosiorem
1376 1014 1527 1084 formam,
1554 1016 1651 1092 juxta
1677 1017 1763 1093 quod

129 1114 331 1193 predicator,
348 1115 406 1191 qul
429 1117 464 1177 et
488 1130 577 1176 nnnc
597 1093 720 1174 Christi
733 1115 915 1192 praeclarus
969 1112 1116 1173 dictabat
1128 1111 1310 1172 monstrata
1320 1111 1417 1182 visio,
1433 1111 1596 1188 redigere,
1613 1112 1649 1173 in
1664 1129 1763 1175 mon·

129 1212 302 1283 confessor,
317 1212 484 1298 antonius
506 1211 546 1272 de
562 1211 660 1273 titulo
673 1212 801 1282 Crucis,
817 1213 916 1273 Jesus
969 1211 1036 1272 tem
1050 1209 1225 1287 quemdam
1241 1224 1315 1272 cnm
1339 1208 1468 1270 duobus
1495 1209 1608 1282 sociis,
1638 1211 1765 1287 Spiritu

64 1318 70 1338 ·
129 1310 313 1376 Nazarenus
344 1311 417 1371 Rex
440 1309 642 1380 iudaeorum
665 1309 700 1370 in
728 1309 916 1371 Arelatensi
970 1308 1091 1368 Sancto
1101 1306 1251 1378 ducente,
1264 1305 1466 1375 conscendit,
1476 1307 1532 1367 uhi
1542 1322 1627 1382 pane
1636 1308 1766 1370 tantum

95 1481 102 1494 .
127 1392 261 1484 capitulo
285 1405 450 1486 fratribus
465 1406 674 1483 praedicaret,
691 1407 825 1484 quidam
847 1405 917 1469 fra·
969 1404 1144 1465 contentus
1159 1404 1192 1465 et
1206 1420 1305 1481 aqna,
1319 1407 1489 1481 jejunans,
1509 1404 1675 1466 conscribi
1692 1421 1766 1467 eam

81 1499 98 1526 ”’
127 1505 172 1568 ier
187 1503 338 1581 probatae
356 1504 502 1576 virtutis,
523 1505 697 1565 Monaldus
712 1504 857 1576 nomine,
874 1504 915 1565 ad
968 1501 1058 1573 fecit,
1081 1501 1262 1562 secundnm
1291 1501 1377 1579 quod
1404 1502 1513 1563 oranti
1542 1500 1676 1580 divinus
1703 1502 1766 1564 sibi
1820 1505 1825 1515 “

129 1603 236 1664 osiinm
249 1601 398 1678 capituli
412 1602 525 1663 divina
545 1603 670 1663 virtute
684 1603 717 1663 et
740 1603 918 1664 commoni·
971 1600 1114 1677 Spiritus
1127 1599 1336 1676 suggerebat.
1355 1601 1470 1672 Quam,
1487 1615 1563 1660 cnm
1589 1599 1629 1660 de
1655 1601 1767 1662 monte

128 1699 205 1763 h'one
215 1700 420 1776 respiciens,
435 1700 518 1762 vidit
529 1700 699 1776 corporeis
714 1701 822 1762 oculis
836 1701 917 1764 bea·
970 1697 1185 1770 descendens,
1200 1698 1399 1759 servandam
1414 1714 1475 1758 sno
1491 1697 1617 1760 vicario
1633 1697 1767 1759 comini-

128 1797 916 1861 nnuranciscuminaeresuhlevatumextensis
969 1795 1079 1867 sisset,
1094 1796 1127 1856 et
1138 1795 1197 1856 ille
1207 1795 1324 1872 paucis
1337 1796 1460 1874 elapsis
1470 1795 1586 1857 diebus
1597 1797 1767 1880 assereret

125 1895 205 1956 velut
220 1894 255 1956 in
268 1910 375 1970 cruce
397 1895 561 1968 manibus,
585 1895 835 1957 benedicentem
848 1894 918 1957 fra·
968 1893 1204 1969 perincnriam
1219 1893 1392 1969 perditam,
1410 1893 1530 1956 iterato
1555 1896 1691 1956 sanctus
1713 1893 1768 1956 vir

127 1994 194 2053 tras.
205 1993 315 2054 Tanta
328 2007 412 2054 vero
425 1994 459 2055 et
471 1995 539 2055 tam
555 1994 690 2056 insolita
708 1993 828 2056 fratres
841 2009 916 2055 om·
970 1990 1012 2052 ad
1027 1991 1136 2053 locum
1151 1990 1341 2051 solitudinis
1366 1991 1478 2063 rediit,
1500 2007 1641 2072 eamque
1660 1992 1766 2053 instar

127 2104 178 2150 nes
189 2089 426 2151 consolatione
435 2089 574 2167 spiritus
588 2091 735 2168 repletos
759 2107 796 2151 se
811 2090 917 2154 fuisse
970 2088 1104 2165 prioris,
1120 2104 1160 2150 ac
1177 2087 1206 2149 si
1226 2103 1269 2150 ex
1283 2104 1342 2150 ore
1363 2090 1423 2150 Dei
1441 2089 1542 2150 verba
1563 2090 1765 2167 susciperet,

128 2188 305 2259 senscrunt,
323 2191 363 2249 ut
377 2187 418 2249 de
431 2203 512 2249 vera
527 2189 634 2250 sancti
648 2188 754 2265 patris
768 2204 918 2265 praesen·
970 2185 1259 2263 illicoreparavit;
1284 2188 1318 2248 et
1332 2202 1393 2263 per
1411 2187 1638 2265 supradictum
1653 2188 1764 2250 domi-

128 2284 167 2345 tia
179 2285 304 2345 certum
320 2285 373 2345 eis
384 2286 474 2347 intra
489 2301 525 2346 se
539 2285 677 2362 spiritus
689 2287 917 2348 testimonium
971 2300 1049 2344 num
1067 2299 1187 2361 papam
1209 2284 1405 2355 Honorium,
1420 2288 1538 2346 octavo
1553 2285 1765 2361 pontificatus

129 2382 306 2457 perhiberet
325 2382 428 2445 :licei
442 2383 651 2460 postmodnm
666 2383 700 2445 id
721 2400 787 2446 non
809 2384 916 2446 solum
968 2378 1062 2440 illius
1075 2394 1174 2451 anno,
1185 2378 1272 2440 sicut
1284 2378 1466 2456 optaverat,
1479 2378 1623 2441 obtinuit
1636 2378 1763 2440 conflr-

128 2490 180 2552 per
193 2477 369 2539 evidentia
393 2478 490 2554 signa
503 2493 619 2539 verum
634 2479 736 2540 etlam
751 2494 811 2556 per
822 2483 915 2556 ejus·
970 2476 1066 2537 mari.
1084 2475 1134 2536 Ad
1162 2477 1258 2553 cujns
1286 2475 1532 2538 observantiam
1547 2475 1668 2538 fratres
1691 2475 1763 2538 ler-

129 2572 191 2634 dem
222 2574 338 2637 sancti
363 2576 469 2651 patris
499 2574 601 2637 verba
630 2576 790 2637 exteriori
815 2575 917 2638 fuerit
969 2575 1088 2635 venter
1115 2571 1285 2645 inducens,
1313 2573 1446 2634 dicebat
1471 2589 1508 2636 se
1533 2573 1618 2634 nihil
1639 2573 1687 2634 ibi
1702 2590 1765 2650 pc-

129 2671 335 2733 attestatione
363 2674 579 2748 compertum.
602 2672 810 2734 Credendum
835 2689 917 2735 sane
969 2672 1079 2733 suissc
1118 2670 1300 2731 secundnm
1338 2671 1536 2733 industriam
1572 2671 1762 2749 propriam,

130 2768 204 2843 quod
217 2770 462 2847 omnipotentis
478 2770 538 2831 Dei
552 2771 669 2842 virias,
686 2787 761 2847 qnae
776 2770 918 2833 Ambro-
969 2769 1028 2830 sed
1057 2768 1169 2829 omnia
1194 2768 1243 2829 sic
1272 2767 1373 2830 scribi
1402 2768 1541 2841 fecisse,
1575 2769 1662 2831 sicut
1696 2768 1762 2829 sibi

130 2866 206 2925 sium
216 2867 311 2944 pium
320 2869 355 2929 et
365 2882 497 2928 sacrum
507 2867 691 2930 antistitem
703 2868 917 2931 tumulationi
970 2866 1104 2927 fuerant
1130 2864 1290 2928 divinitus
1324 2866 1484 2928 revelata.
1510 2866 1602 2938 Quod
1631 2866 1667 2928 ut
1692 2881 1763 2927 cer·

131 2961 254 3037 gloriosi
277 2966 449 3026 concessit
467 2965 632 3027 interesse
651 2965 787 3027 Martini
800 2963 860 3045 (1),
881 2966 918 3027 nt
969 2964 1038 3025 tius
1065 2963 1233 3025 constaret
1257 2963 1447 3026 testimonio
1476 2963 1547 3035 Dei,
1563 2963 1678 3040 paucis
1700 2963 1765 3025 ad-

132 3058 211 3136 pinm
235 3060 432 3138 pontificem
462 3061 518 3139 pio
543 3063 761 3125 veneraretur
789 3061 915 3139 oidoi03
970 3060 1103 3125 modum
1118 3060 1259 3123 evolutis
1288 3060 1414 3134 diebus,
1445 3061 1606 3139 impressa
1632 3063 1709 3124 snnt
1732 3061 1765 3125 ei

133 3157 220 3219 etiam
235 3174 374 3220 servum
397 3174 499 3237 sunm,
522 3161 737 3222 Franclscum
754 3161 918 3237 praedica·
971 3158 1126 3235 stigmata
1140 3159 1273 3220 Domini
1287 3162 1368 3221 ,lesu
1387 3158 1490 3234 digito
1513 3160 1572 3220 Dei
1586 3160 1666 3231 vivi,
1681 3161 1762 3220 lan·

132 3253 204 3314 tioni
223 3256 443 3332 praesentavit
457 3256 587 3319 veracis
600 3256 655 3317 sul
668 3257 832 3335 praeconis
844 3261 916 3319 An·
970 3256 1167 3333 qnambnlla
1177 3256 1304 3317 Summi
1315 3256 1485 3317 Pontificis
1494 3256 1627 3329 Christi,
1638 3255 1679 3316 ad
1689 3272 1768 3318 con-

133 3352 215 3422 tonii,
228 3356 265 3416 ut
280 3353 486 3431 approbaret
499 3352 651 3417 veritatis
665 3353 809 3431 eloquia,
825 3370 916 3431 pree·
970 3353 1190 3415 firmationem
1213 3352 1435 3414 omnimodam
1458 3353 1606 3428 Regnlae,
1620 3355 1654 3414 et
1674 3369 1767 3415 com·

133 3448 218 3525 oipne
235 3451 350 3512 crucis
367 3450 503 3522 Christi,
521 3454 617 3528 cujus
636 3452 709 3513 erat
729 3451 862 3529 bajulus
885 3453 918 3514 et
970 3450 1215 3512 mandationem
1238 3450 1396 3522 auctoris,
1423 3450 1511 3511 sicut
1534 3452 1609 3526 post
1628 3462 1763 3512 suarum

133 3547 284 3611 minister.
970 3548 1219 3611 enarrationem
1233 3547 1391 3609 virtutum
1406 3546 1547 3608 inferius
1560 3548 1700 3635 dicetur.

166 3645 383 3716 Conantem,
400 3646 618 3724 dilatatojam
633 3646 767 3718 Ordine,
782 3649 918 3712 vivendi
997 3660 1001 3669 ’
1583 3638 1586 3647 ’

136 3738 261 3803 formam
277 3760 339 3821 per
353 3744 524 3805 dominum
546 3746 774 3807 innocentium
794 3762 917 3824 appro·
1263 3781 1399 3842 CAPUT
1426 3740 1465 3843 V

135 3833 244 3911 batam,
261 3840 457 3917 disponeret
479 3856 540 3919 per
564 3858 791 3905 successorem
810 3844 916 3922 ipsius

137 3934 309 3998 fl⁰fl0lil¹m
337 3939 373 3998 1¹1
401 3940 596 4016 perpetuum
617 3939 728 4002 f³00l0
752 3940 916 4013 1⁸01³0l³lb
971 3959 1343 4031 Dectcstarttctcottae,
1359 3959 1571 4032 etpaomodo
1591 3961 1766 4022 creaturas

138 4028 318 4108 hujusmodi
349 4035 413 4098 fuit
440 4053 460 4097 a
488 4038 556 4098 Deo
582 4037 788 4101 revelatione
823 4054 917 4100 com·
1147 4056 1345 4128 praebebant
1364 4059 1396 4117 eg
1413 4057 1585 4119 sopatrum,

138 4131 278 4194 monitus.
297 4132 482 4195 Videbatur
495 4133 659 4212 siqnidem
683 4133 745 4195 sihi
761 4132 802 4195 de
828 4135 920 4197 terra

138 4224 228 4288 micas
242 4246 368 4308 panum
385 4230 621 4292 subtilissimas
634 4231 820 4308 collegisse,
839 4232 921 4292 mul·
1014 4232 1094 4294 Caum
1109 4232 1212 4308 igitur
1226 4233 1378 4293 cerneret
1396 4233 1449 4294 vir
1472 4232 1531 4293 Dei
1551 4233 1764 4305 Franciscns‚

139 4319 232 4399 iisque
243 4326 408 4387 famelicis
419 4314 576 4388 fratribus
587 4327 695 4404 ipsum
706 4330 920 4389 circumstan·
973 4346 1033 4392 suo
1048 4330 1200 4407 exemplo
1213 4329 1254 4390 ad
1268 4344 1399 4390 crucem
1415 4328 1536 4390 Christi
1551 4328 1765 4407 bajulandam

140 4416 215 4482 tibus
227 4422 349 4485 debere
369 4423 529 4485 tribuere.
553 4427 698 4502 Cumque
723 4426 827 4486 micas
852 4427 919 4487 tam
973 4427 1113 4489 ferventi
1128 4427 1248 4503 spiritu
1268 4425 1428 4502 plurimos
1445 4427 1589 4487 animari
1607 4448 1614 4487 :
1630 4428 1766 4489 anima-

140 4516 242 4581 ieunes
253 4519 455 4583 distribuere
467 4519 672 4593 formidaret,
686 4538 728 4583 ne
737 4521 823 4584 forte
832 4524 921 4585 inter
972 4523 1070 4584 batur
1084 4526 1117 4585 et
1128 4524 1211 4600 ipse,
1223 4525 1381 4598 tanquam
1396 4522 1502 4583 honus
1515 4524 1583 4585 dlix
1600 4526 1766 4587 exercitus

142 4624 244 4678 manus
279 4618 489 4690 exciderent,
517 4634 586 4679 vox
613 4618 644 4680 et
671 4619 815 4697 desuper
843 4619 919 4681 ait:
973 4621 1106 4692 Christi,
1124 4620 1164 4680 ad
1178 4621 1321 4697 palmam
1334 4619 1482 4682 victoriae
1498 4637 1558 4697 per
1570 4622 1701 4683 culmen
1714 4622 1768 4682 in-

143 4704 315 4787 Francisce,
331 4731 433 4776 unam
444 4715 484 4776 de
500 4716 594 4777 micis
609 4715 761 4777 omnibus
776 4717 919 4779 hostiam
972 4719 1069 4780 victae
1085 4717 1262 4794 pervenire
1289 4718 1433 4779 virtutis.
1464 4720 1646 4780 attendens
1678 4719 1766 4780 enim

144 4803 239 4883 facito,
268 4814 301 4874 et
329 4812 531 4874 manducare
569 4812 758 4875 volentibus
797 4814 918 4876 tribue.
974 4815 1055 4876 illud
1079 4814 1228 4892 Apostoli
1256 4814 1407 4888 verbum,
1431 4816 1601 4882 Quinctii
1627 4817 1765 4888 Christi,

146 4902 244 4973 Quoid
259 4910 392 4985 agente,
407 4911 606 4988 quicumque
621 4910 702 5002 illud
724 4926 790 4973 non
803 4912 921 4973 devote
972 4926 1117 4975 caricem
1130 4927 1232 4974 sacam
1245 4915 1498 4991 muciftccrunt
1512 4928 1590 4974 cacan
1609 4914 1715 4984 ciliis,
1733 4914 1768 4974 et

146 5004 343 5081 recipiebant,
378 5011 437 5068 aut
473 5011 642 5084 receptum
666 5008 922 5070 contemnebant
973 5011 1255 5085 concupiscentiis
1266 5006 1400 5088 (Galat,
1417 5024 1450 5081 v,
1462 5007 1532 5086 24):
1548 5000 1767 5070 ntoruc'isar-
1875 5014 1877 5019 ’

148 5095 262 5176 donum,
279 5120 357 5166 mox
383 5104 476 5181 lepra
490 5104 616 5177 infecti,
633 5105 798 5168 notabiles
812 5121 919 5183 appa·
974 5110 1139 5168 maturam
1158 5106 1329 5168 snoferret
1344 5108 1536 5181 incorpore,
1551 5106 1643 5165 tanta
1659 5104 1765 5167 disci-

148 5195 256 5264 rebant
274 5203 404 5264 Recital
415 5217 515 5262 mane
533 5200 605 5264 haec
627 5203 737 5263 omnia
754 5203 805 5265 vir
819 5202 921 5264 s‘anc-
974 5205 1074 5281 plina
1086 5203 1255 5281 rigiditate
1263 5203 1435 5265 sensuales
1446 5204 1611 5285 appetitus
1620 5202 1765 5275 arcebat,

151 5292 193 5355 tus
205 5301 309 5373 sociis,
336 5299 453 5361 dolens
468 5314 504 5360 se
525 5314 592 5361 non
612 5301 783 5378 percipere
798 5302 922 5379 myste·
974 5305 1011 5363 nt
1023 5303 1082 5362 vix
1092 5301 1282 5371 necessaria
1297 5300 1442 5362 sumeret
1455 5299 1690 5360 sustentationi
1706 5314 1769 5362 na-

149 5390 379 5459 n'umvisionis.
397 5396 554 5474 Sequenti
568 5413 648 5459 vero
672 5396 727 5458 die
750 5412 825 5459 cum
839 5398 921 5473 vigil
977 5399 1069 5461 turae.
1091 5396 1234 5460 Difficile
1251 5411 1393 5473 namque
1413 5394 1484 5457 fore
1499 5395 1630 5458 dicebat
1644 5412 1767 5459 neces-

153 5484 180 5547 lu
191 5496 329 5558 oratione
340 5492 543 5571 persisteret,
555 5492 866 5571 hujusmcdlvocdm
882 5494 921 5556 de
974 5494 1065 5556 sitati
1081 5494 1230 5571 corporis
1244 5492 1449 5568 satisfacere,
1467 5494 1499 5556 et
1514 5494 1674 5571 pronitati
1690 5510 1768 5556 sen-

183 5690 214 5762 (ll
226 5696 343 5770 Cragon
359 5696 477 5767 ihren,
492 5696 540 5756 lib.
557 5686 583 5765 l‚⁷
595 5692 634 5754 lle
648 5698 747 5755 mirac.
763 5668 791 5755 S,
807 5696 938 5766 Martini,
949 5666 986 5752 ns
998 5698 1024 5753 5.
