3950 6200
67 270 151 337 lm
294 266 300 273 ’
454 265 1316 351 Pmmmoefflwmmmfflm
1640 272 1719 331 rm

66 436 107 495 ut
129 433 212 495 dicit
236 432 416 508 Gregorius
443 430 490 511 (1)
504 433 615 504 εεΟεῖ
637 431 776 493 virtutes
794 430 867 490 sine
923 428 1010 489 unde
1025 429 1058 489 et
1072 426 1113 489 de
1131 428 1205 504 ipso
1224 428 1305 489 dicit
1319 427 1425 489 lsaias
1441 428 1506 508 (24,
1524 428 1576 508 16)
1594 451 1602 489 2
1618 431 1717 492 ‹Se-

67 529 261 592 bumilitate
289 532 485 604 congregat,
512 528 607 605 quasi
635 527 804 604 puluerem
831 526 866 586 in
920 527 1048 587 cretum
1064 541 1172 586 meum
1184 525 1276 585 mihi.
1291 526 1455 587 secretum
1469 543 1577 588 meum
1593 528 1718 588 mihi.»

68 630 208 688 uentum
237 628 397 703 portam»
421 628 453 688 et
480 625 514 685 in
536 624 679 686 Psalmis
701 623 765 703 (64,
793 622 864 701 ill:
889 630 890 635 ’
961 626 1045 685 Εοθθ
1061 623 1096 682 ln
1113 622 1165 682 his
1183 624 1288 699 portis
1313 622 1498 685 aedificatur
1516 626 1715 687 Jerusalem.

73 728 183 787 Valles
197 725 416 785 aestimabunt
425 722 611 796 frumento,
624 722 709 783 idest
723 722 866 782 humiles
921 721 1096 781 Faciendae
1118 724 1196 783 suut
1218 727 1339 791 oalooe,
1362 723 1397 782 'ct
1421 737 1522 791 scroe,
1539 723 1573 784 ct
1592 724 1716 796 vectes,

66 821 167 903 druge
182 822 352 892 virtutum,
371 821 403 881 et
415 820 865 895 bonorumoperum.Quinta
920 817 1008 878 sicut
1022 819 1057 877 in
1072 819 1224 879 terrestri
1242 820 1441 880 Jerusalem.
1462 824 1574 881 Valoae
1595 821 1717 881 dicun-

65 920 122 979 est
136 918 473 991 portoclcruullintl,
490 932 550 993 per
563 932 662 992 quam
677 915 867 976 effereban-
920 915 975 974 tur
990 915 1199 986 evolvendo,
1226 916 1302 992 quia
1327 916 1507 977 volvuntur
1530 933 1550 977 a
1565 917 1716 988 cardine,

65 1017 126 1077 tur
137 1015 355 1076 immunditiae
366 1014 521 1076 civitatis.
538 1017 616 1074 llaec
625 1015 675 1075 est
686 1012 862 1084 consessio,
921 1010 1097 1086 pandendo
1110 1011 1379 1084 aditumamicis,
1408 1014 1441 1074 et
1463 1014 1660 1085 claudendo,
1675 1029 1717 1076 ne

67 1126 132 1188 per
146 1126 245 1187 quam
258 1110 474 1187 expelluntur
495 1111 610 1171 sordes
633 1112 767 1180 nostrae,
787 1110 865 1185 quia
920 1107 1033 1182 pateat
1043 1108 1202 1168 inimicis.
1220 1111 1362 1171 luseris
1377 1111 1551 1187 prudentia
1569 1112 1626 1171 :iu
1640 1126 1718 1173 occ·
1747 1164 1751 1169 .

67 1209 108 1269 ut
132 1196 213 1268 dicit
234 1207 352 1268 Gloesa
375 1223 476 1283 super
498 1207 593 1266 illurn
613 1207 721 1266 locum
735 1227 742 1266 :
756 1223 775 1265 c
790 1208 864 1268 Non
920 1205 1010 1276 ῖῖθῖιε
1038 1203 1197 1266 tortitudo
1221 1206 1374 1281 notatum
1400 1208 1448 1268 sic
1471 1209 1560 1269 enim
1587 1208 1718 1270 fortiter

67 1305 213 1365 minoris
226 1306 276 1366 est
290 1304 436 1376 virtutis,
459 1305 511 1365 vel
527 1304 681 1365 utilitatis
695 1303 866 1363 immunda
911 1301 1086 1390 ‚poenitens
1107 1302 1149 1362 ad
1168 1302 1338 1365 exteriora
1353 1319 1454 1379 opera
1478 1305 1575 1366 debet
1589 1305 1714 1380 egredi,

64 1402 261 1464 decivitate
279 1403 404 1476 efferri,
423 1417 521 1479 quam
536 1401 659 1462 munda
675 1402 789 1463 afferri
802 1400 862 1480 (2).
921 1397 957 1457 ut
977 1398 1159 1473 prudenter
1173 1399 1213 1459 ad
1229 1401 1372 1463 mentem
1388 1403 1463 1476 post
1475 1416 1576 1478 opera
1597 1418 1715 1463 reuer-

66 1502 174 1561 Sexta
192 1501 286 1577 porta
301 1501 352 1562 θεῖ
365 1502 481 1574 furtim.
493 1502 573 1560 Hoec
592 1501 643 1561 est
657 1500 862 1576 poenitentia,
918 1496 1018 1555 tatur.
1049 1496 1220 1558 Zachariae
1245 1495 1289 1575 (9,
1305 1497 1339 1575 8)
1353 1515 1360 1558 ε
1373 1514 1392 1558 c
1407 1499 1628 1560 Circumdabo
1651 1500 1714 1560 do·

63 1596 112 1658 de
126 1612 191 1674 qua
201 1594 385 1674 procedunt
396 1598 497 1658 rivuli
510 1598 743 1674 lacrymarum.
918 1607 1008 1652 mum
1021 1607 1128 1655 meam
1141 1609 1184 1655 ex
1193 1594 1257 1665 his,
1269 1596 1326 1671 qui
1335 1596 1571 1658 militantmihi
1582 1599 1719 1688 euntes,

109 1697 189 1756 Haec
203 1697 276 1757 erat
291 1695 466 1757 probatica
480 1695 622 1771 piscina,
634 1695 780 1772 quinque
792 1710 864 1771 por-
918 1693 952 1751 et
974 1692 1179 1753 revertentes
1197 1712 1204 1751 :
1220 1694 1254 1752 et
1268 1708 1334 1753 non
1353 1694 1510 1755 transibit
1529 1710 1632 1771 super
1655 1710 1714 1757 eos

65 1792 157 1854 ticus
175 1793 313 1862 habens,
330 1795 363 1855 θῖ
375 1793 416 1854 ad
430 1793 554 1853 motum
570 1808 666 1869 aquae
682 1793 864 1855 sanabatur
919 1787 1008 1849 ultra
1020 1792 1166 1852 exactor.
1184 1807 1203 1849 s
1218 1790 1437 1852 circumdabo
1450 1790 1582 1852 domum
1594 1807 1713 1867 meam,

65 1906 169 1965 unus,
184 1892 262 1967 qnia
281 1891 338 1952 ubi
351 1895 401 1953 est
416 1891 450 1952 in
465 1891 646 1967 poenitente
660 1891 863 1953 abundantia
919 1886 1005 1947 idest
1020 1887 1202 1947 Ecclesiam
1218 1903 1261 1948 ex
1273 1887 1337 1957 bis,
1352 1889 1408 1965 qul
1423 1892 1548 1950 exeunt
1563 1889 1644 1979 loris
1658 1906 1717 1967 per

65 1988 294 2065 lacrymarum
308 2005 368 2066 pro
380 1992 525 2065 peccatis
536 1990 682 2068 quinque
693 2005 862 2057 sensuum,
919 1999 1033 2060 opera,
1048 1984 1138 2044 etad
1154 2000 1270 2045 curam
1286 1986 1442 2061 proximi,
1467 1989 1500 2047 et
1520 1989 1634 2062 postea
1657 2003 1715 2048 re-

66 2086 159 2148 tacta
173 2085 361 2148 turbatione
376 2103 471 2164 aquae
487 2103 547 2165 per
561 2087 793 2149 contritionem
809 2102 864 2146 sa·
919 2080 1021 2141 deunt
1036 2081 1076 2143 ad
1093 2094 1207 2142 curam
1223 2083 1287 2143 sui.
1304 2085 1344 2143 Εῖ
1357 2084 1406 2144 sic
1421 2085 1560 2144 exactor
1575 2100 1634 2160 per
1645 2100 1715 2152 eos,

66 2184 280 2244 naturunus.
295 2187 384 2245 Bene
399 2201 620 2259 unus3unum
635 2184 864 2260 euimoportet
919 2179 972 2240 vel
1000 2194 1101 2254 super
1128 2195 1186 2240 eos
1212 2181 1358 2241 transire
1384 2197 1451 2242 non
1481 2184 1605 2257 potest,
1637 2183 1716 2258 quia

63 2293 146 2339 esse
160 2279 373 2354 poenitentem
388 2294 480 2351 uoce,
498 2280 623 2350 habitu,
641 2282 674 2341 et
685 2280 819 2346 affectu,
835 2278 864 2338 si
920 2278 1036 2338 contra
1065 2294 1139 2338 eum
1168 2292 1243 2338 cum
1267 2277 1435 2353 predictis
1457 2278 1606 2340 uectibus
1637 2282 1716 2340 sunt

63 2375 185 2435 sanari
199 2376 353 2448 voluerit,
371 2392 438 2438 non
454 2377 596 2437 divisum
608 2376 643 2438 in
658 2376 821 2454 pluribus,
832 2377 866 2437 θῖ
920 2375 1051 2436 muniti.

62 2472 224 2533 diversis.
242 2474 303 2534 Hic
318 2475 369 2535 θεῖ
390 2474 447 2534 ille
461 2474 547 2548 ione,
564 2474 605 2535 de
617 2491 681 2551 quo
695 2474 818 2550 legitur
830 2474 864 2533 in

63 2571 192 2630 Genesi
203 2568 247 2649 (2,
260 2573 298 2632 10
312 2572 346 2633 et
356 2570 419 2649 11),
437 2574 493 2648 qui
504 2570 664 2634 dividitur
676 2572 711 2632 in
722 2574 865 2648 quatuor
1139 2554 1280 2615 SERMO
1303 2555 1495 2615 CCLXXIV·

64 2667 191 2743 capita.
207 2669 336 2728 Nomen
352 2668 410 2728 uni
431 2669 569 2741 Phison,
591 2669 677 2746 quod
694 2669 863 2746 interpre-

66 2766 160 2826 tatur
172 2764 312 2827 mutatio
328 2766 407 2827 orie.
424 2768 498 2842 lpse
511 2767 573 2837 est,
588 2766 644 2843 qul
659 2765 779 2827 circuit
788 2766 863 2827 ter-

66 2877 143 2923 ram
170 2861 339 2933 Herilatb,
362 2860 448 2940 quod
472 2862 710 2939 interpretatur
730 2861 863 2936 dolens,

65 2958 122 3021 Vel
136 2959 335 3036 parturiens·
351 2959 413 3030 0¹¹1
427 2959 516 3068 eflifss
532 2975 609 3021 “³¹¹0
619 2960 768 3069 poenitetj
785 2977 863 3023 mu·
919 2987 1181 3059 receptaculum
1201 2985 1253 3047 esi
1271 2989 1415 3047 Domine
1436 3002 1544 3063 suuper
1559 2988 1719 3048 timentes

65 3058 142 3119 tare
170 3056 267 3118 debet
295 3057 416 3118 statum
438 3072 506 3118 ons
525 3058 623 3135 juxta
648 3058 863 3120 mutationem
959 3097 1050 3153 eum,
1067 3084 1101 3145 eg
1123 3086 1159 3144 m
1174 3085 1235 3154 εἰς)
1252 3085 1312 3157 qm·
1329 3084 1474 3157 sperant
1490 3100 1597 3159 supe„
1612 3088 1719 3146 mise,

62 3153 191 3222 cordis,
206 3157 241 3216 et
254 3156 390 3231 peccata
413 3170 531 3231 parere
549 3171 625 3216 cum
643 3155 768 3226 dolore,
790 3171 863 3232 quae
959 3183 1113 3241 ,worma
1128 3184 1214 3253 ejus.
1230 3179 1334 3260 (Psal.
1351 3181 1421 3254 145³
1439 3181 1504 3259 (1,)

63 3251 221 3328 concepit
234 3268 308 3312 cum
324 3252 702 3316 delectatione.·Nomen
727 3253 863 3314 secundi

919 2726 1068 2796 Quomodo
1081 2729 1140 2785 lieo
1158 2728 1271 2800 placent
1291 2729 1425 2785 timentes
1439 2743 1516 2799 eum,
1531 2736 1560 2787 et
1572 2729 1715 2802 quomodo

1198 2831 1266 2873 eum
1281 2816 1438 2889 inquirunt.

65 3347 164 3409 fluuii
192 3348 318 3420 (leben,
344 3349 431 3426 quod
446 3349 861 3426 iuterpretaturturbidus.
959 3346 1210 3423 Beneplacitum
1235 3346 1285 3409 est
1312 3349 1381 3409 Deo
1417 3363 1524 3423 uapor
1557 3350 1719 3427 diruentes

65 3449 143 3521 lpse
156 3446 276 3507 circuit
285 3447 388 3507 totam
400 3447 524 3508 terram
535 3447 729 3524 AEtlliopise‚
746 3448 779 3509 et
790 3462 863 3508 eam
920 3459 1012 3515 eum,
1035 3444 1114 3520 quia
1128 3444 1374 3521 beneplacitum
1391 3448 1441 3507 θεῖ
1460 3462 1560 3522 super
1580 3462 1656 3507 eum
1668 3449 1716 3510 ῖῖ-

63 3544 247 3605 ioecundat.
269 3544 347 3620 quia
368 3543 467 3620 plena
491 3544 532 3606 de
552 3546 696 3622 peccatis
720 3544 863 3606 turbatio
920 3540 1085 3603 mentibus
1098 3544 1218 3616 Deum3
1236 3543 1324 3603 unde
1344 3542 1714 3623 Ecclesiastici(2,19):

64 3639 147 3716 quid
158 3637 248 3698 aliud
261 3641 323 3712 est,
340 3655 439 3716 quam
454 3641 576 3703 mentis
591 3641 785 3716 peccatricis
801 3640 864 3701 ios·
919 3639 1015 3710 «Qui
1030 3640 1149 3701 timeat
1169 3640 1356 3710 Dominum,
1374 3641 1555 3716 inquirent,
1572 3642 1718 3718 qtlae'be-

61 3735 226 3798 enudatio
236 3737 249 3796 ῖ
260 3737 389 3798 Nomen
399 3738 491 3798 tertii
504 3738 598 3800 fluuii
609 3739 729 3814 Tigris
745 3739 801 3814 qui
815 3740 864 3799 sic
919 3736 1085 3812 neplacita
1100 3736 1177 3796 sunt
1191 3735 1234 3797 ei.
1252 3753 1270 3796 ε
1285 3737 1535 3814 Beueplacitum
1549 3740 1651 3800 etiam
1665 3743 1715 3800 θεῖ

62 3832 207 3909 propter
231 3833 442 3894 velocitatem
466 3837 689 3910 nuncupatur,
715 3836 748 3895 et
773 3834 864 3896 vadit
919 3834 1715 3909 taes,eoisperantsarperlamertcorcmejm·

63 3930 186 3990 contra
208 3930 376 4007 Assyrios
401 3930 464 3992 Hic
479 3932 531 3992 θεῖ
543 3932 687 4007 impetus
701 3931 862 3992 bonorum
918 3929 1007 3991 unde
1028 3930 1063 3990 in
1079 3930 1195 3990 eodem
1211 3928 1256 4008 (2,
1272 3930 1307 4010 9)
1321 3953 1329 3990 :
1345 3933 1440 4003 «Qui
1460 3933 1584 3993 timetis
1601 3935 1715 3994 Domi-

61 4040 205 4102 nperum
218 4026 364 4088 directus
380 4032 496 4090 contra
509 4028 687 4099 diabolum,
703 4029 758 4106 qui
769 4028 810 4089 ab
823 4045 863 4091 eo
917 4044 1009 4099 num,
1024 4030 1155 4103 sperate
1175 4028 1210 4087 in
1231 4028 1346 4088 illum:
1362 4031 1395 4090 et
1409 4030 1444 4088 iu
1459 4029 1715 4094 oblectationem

61 4122 109 4183 ad
125 4124 390 4199 persequendum
405 4124 506 4186 etiam
528 4126 671 4201 amplius
692 4125 860 4201 irritatum
917 4125 1032 4186 ueniet
1046 4125 1140 4186 vobis
1154 4125 1384 4186 misericordia
1394 4147 1401 4201 ;
1412 4143 1431 4186 a
1441 4129 1474 4188 et
1487 4128 1605 4189 iterum
1619 4126 1664 4204 (1,
1677 4131 1712 4189 11

64 4219 157 4280 unde
171 4219 232 4282 Job
246 4219 291 4299 (3,
308 4219 342 4299 8)
353 4236 391 4281 τε
406 4221 607 4284 Maledicant
620 4223 664 4293 ei,
681 4223 738 4299 qui
754 4223 861 4284 male·
918 4223 950 4283 θῖ
965 4220 1036 4300 12):
1051 4239 1070 4282 ε
1085 4223 1253 4299 Respicite
1269 4223 1329 4282 dlii
1344 4224 1496 4285 nationes
1516 4224 1685 4285 bominum
1704 4248 1712 4286 ε

62 4316 184 4378 dicunt
198 4316 276 4389 diei,
292 4318 349 4395 θεῖ
361 4320 469 4394 parati
478 4320 556 4381 sunt
567 4321 731 4381 suscitare
742 4321 864 4382 Levia-
917 4320 950 4381 et
964 4320 1094 4391 scitote,
1111 4319 1190 4396 quia
1211 4320 1323 4380 nullus
1348 4323 1496 4396 sperarit
1510 4322 1545 4381 in
1560 4323 1712 4395 Domino,

63 4413 165 4487 tham
182 4414 278 4489 quasi
297 4415 387 4477 dicat
403 4437 410 4475 ε
427 4419 638 4480 Maledicuut
652 4419 863 4489 nocti,tene-
917 4418 950 4478 θῖ
976 4416 1135 4477 contusus
1159 4417 1220 4477 est.
1250 4417 1330 4489 Quis
1353 4417 1442 4478 enim
1468 4420 1652 4495 permansit
1676 4420 1711 4481 in

62 4509 146 4570 bras
160 4513 370 4586 peccatorum
381 4512 579 4585 damnando,
589 4518 648 4587 θεῖ
657 4516 863 4588 νεεῖθιῖῖεεεῖ
917 4513 1082 4574 mandatis
1097 4516 1181 4590 ejus,
1198 4515 1231 4575 et
1244 4513 1425 4583 derelictus
1447 4517 1515 4578 esti
1530 4532 1548 4575 ε
1564 4516 1627 4577 Sed
1643 4533 1712 4579 uon

62 4610 146 4678 citet,
159 4609 390 4685 suggestiones
405 4611 592 4672 daemonum
607 4611 863 4689 deprebenden-
916 4613 953 4672 tn
967 4612 1172 4685 fortitudine
1184 4614 1263 4684 aqut
1282 4612 1495 4675 voluntatem
1505 4617 1647 4676 babebit.
1665 4618 1712 4675 Ι)θ

64 4705 121 4778 do,
144 4706 178 4766 et
199 4707 358 4778 cavendo,
379 4707 475 4768 bonis
491 4707 647 4784 operibus
664 4708 858 4779 insistendo,
916 4709 1233 4785 quo-equodggaius
1246 4706 1290 4786 (2,
1302 4707 1356 4787 23)
1370 4705 1711 4787 :csubvertamqua-

63 4806 126 4876 θεῖ
146 4803 266 4877 parati
280 4805 362 4866 aaut
380 4806 552 4866 εῖιεθῖῖανθ
566 4807 766 4875 Leomtbon,
783 4805 860 4881 qula
916 4804 1058 4880 origam,
1074 4807 1107 4866 et
1121 4821 1334 4867 ascensorem
1356 4809 1444 4882 ejus3
1461 4810 1495 4869 et
1511 4808 1712 4871 descendent

64 4901 191 4976 quanto
212 4900 313 4962 altius
333 4903 530 4978 poenitentes
548 4903 689 4977 surgunt
703 4902 744 4963 ad
760 4917 861 4979 opera
916 4902 1004 4978 equi,
1030 4903 1062 4963 et
1077 4917 1272 4964 ascensores
1287 4918 1414 4964 eorum.
1429 4920 1447 4964 ε
1463 4905 1630 4980 Quadriga
1645 4906 1710 4967 ista

62 4996 166 5069 bona,
182 4997 274 5059 tanto
287 4999 443 5074 graviora
458 4999 625 5060 sustinent
639 4999 744 5060 hostis
759 4999 858 5060 bella.
916 5002 967 5061 est
986 5000 1226 5076 temporalitas,
1248 5015 1321 5075 quae
1336 5002 1479 5076 quatuor
1493 5003 1707 5078 temporibus,

62 5095 196 5155 Nomen
220 5096 330 5172 quarti
353 5095 447 5158 fluvii
471 5099 522 5158 θεῖ
542 5097 749 5171 Euphrates,
766 5100 861 5173 cuius
917 5096 1254 5174 quasiquatuorrotis
1263 5096 1418 5157 volvitur.
1429 5099 1550 5175 Equus,
1563 5099 1710 5162 humana

63 5206 134 5252 non
157 5190 397 5254 determinatur
420 5209 549 5264 cursus,
573 5196 606 5254 et
622 5194 862 5269 interpretatur
917 5193 1071 5265 felicitas,
1094 5195 1165 5254 sive
1184 5193 1339 5271 superbia
1355 5195 1416 5267 est,
1438 5212 1512 5272 qnae
1535 5196 1639 5258 fallax
1658 5201 1711 5261 est

62 5286 225 5364 frugiter3
242 5289 320 5366 quia
341 5291 454 5351 tantus
476 5290 527 5351 θεῖ
549 5289 676 5351 fructus
691 5291 860 5366 poeniten·
917 5292 957 5351 ad
974 5292 1126 5352 salutem.
1137 5294 1246 5367 Equus
1256 5294 1366 5353 autem
1382 5295 1523 5368 quatuor
1538 5294 1637 5355 babet
1650 5312 1711 5371 pe-

62 5386 133 5456 tiae,
147 5386 232 5463 quod
247 5401 315 5447 non
330 5388 437 5464 potest
451 5387 667 5450 determinari
686 5403 705 5448 a
720 5387 859 5460 uiatore,
917 5389 986 5463 deS,
1001 5388 1057 5466 θεῖ
1073 5388 1101 5448 si
1127 5387 1161 5448 in
1190 5404 1256 5450 uno
1281 5379 1434 5451 infirmus
1449 5393 1509 5463 est,
1527 5395 1708 5469 quantum-

101 5561 458 5635 mmmmmmp
953 5520 1332 5634 mmmmmwa
