3950 6200
264 320 322 380 231
696 321 729 381 S.
752 320 972 383 FRANGISCI
993 317 1221 383 assistatis
1242 318 1469 384 Oroscopa.
1820 328 1867 391 232

264 478 388 542 fratres
408 494 512 553 meos,
529 478 719 542 sacerdotes
739 482 796 559 qul
816 483 894 544 sunt
913 482 946 543 et
964 476 1063 543 erunt
1118 481 1313 556 praesentem
1327 480 1468 553 habetis,
1491 482 1658 560 etaliquid
1677 482 1760 544 aliod
1778 484 1873 550 intoto

266 578 300 639 et
315 594 389 638 esse
402 578 539 655 cupiunt
553 577 728 649 Altissimi,
746 578 831 655 quod
848 579 1062 657 quandocun-
1117 578 1238 639 mundo
1266 579 1399 639 curatis.
1421 582 1523 641 Totus
1542 580 1641 642 bomo
1664 585 1785 657 pareat,
1804 587 1874 647 totus

265 690 330 751 que
341 674 510 736 voluerint
519 675 657 736 missam
670 675 854 747 celebrare,
868 676 944 753 puri
960 678 994 738 et
1005 693 1063 754 pu·
1117 676 1258 736 mundus
1284 677 1525 745 contremiscat,
1553 678 1586 739 et
1610 679 1726 739 coelum
1759 682 1872 755 exultet

264 788 303 834 re
321 772 447 834 saciant
468 788 543 833 cum
565 773 757 836 reverentia
781 787 900 836 verum
926 774 1061 835 sacriti-
1116 773 1247 850 quaudo
1263 788 1361 848 super
1381 774 1490 836 altare
1509 775 1545 835 in
1558 762 1874 840 manibussaoerdotis

264 870 352 931 cium
365 870 568 931 sanctissimi
584 871 734 946 corporis
756 874 791 933 et
805 872 978 947 sanguinis
991 874 1061 932 Do·
1116 872 1166 931 est
1190 870 1340 931 Christus
1359 871 1464 932 Filius
1491 873 1547 933 Dei
1567 872 1687 934 viri.0
1711 873 1875 937 admiranda

265 967 350 1028 mini
365 968 472 1028 nostri
484 970 563 1030 Jesu
583 968 719 1036 Christi,
742 972 857 1030 sancta
876 969 1062 1030 intentione
1116 966 1269 1029 altitudol
1284 982 1303 1027 o
1317 969 1474 1045 stupenda
1497 969 1698 1045 dignatiolo
1719 970 1875 1033 sublimitas

263 1067 297 1126 et
310 1065 445 1137 munda,
471 1080 538 1126 non
563 1081 623 1141 pro
642 1066 710 1126 ulla
733 1068 865 1127 terrena
887 1081 937 1139 re,
954 1081 1061 1143 neque
1115 1063 1262 1135 humilis,
1279 1064 1364 1141 quod
1378 1066 1537 1127 Dominus
1560 1067 1792 1138 universitatis,
1807 1071 1875 1129 Deus

264 1163 384 1224 timore
407 1162 460 1223 rel
487 1178 602 1224 amore
628 1163 771 1240 alicujus
792 1162 947 1234 hominis,
965 1164 1061 1241 quasi

263 1261 433 1337 placentes
462 1260 665 1322 homiuibus.
697 1261 761 1323 Sed
797 1261 906 1323 omnis
935 1262 1060 1322 volun-

265 1359 514 1435 unquentum
541 1360 677 1435 adjuvat
702 1359 811 1435 gratia
840 1359 1060 1435 Omnipoten-

263 1455 318 1528 tis,
335 1455 377 1516 ad
391 1470 466 1516 eum
479 1454 654 1532 dirigatur,
670 1457 704 1518 θῖ
716 1456 778 1518 soli
797 1457 862 1534 ipsi
879 1459 946 1518 Deo
964 1471 1060 1517 sum-

264 1570 319 1615 mo
347 1554 476 1616 tantum
496 1554 629 1631 placere
652 1552 860 1626 desideretis,
886 1553 965 1632 quia
989 1555 1061 1632 ipse

265 1651 357 1714 solus
380 1652 539 1728 operatur
559 1651 617 1723 ibi,
636 1651 724 1731 sicut
745 1651 808 1713 sibi
826 1651 945 1730 placet.
967 1652 1060 1723 Quo-

266 1749 356 1811 niam
367 1749 455 1811 slcut
468 1749 540 1826 ipse
552 1750 712 1811 Dominus
726 1750 820 1812 dicit:
830 1752 904 1811 Hoc
910 1752 1014 1824 facite
1024 1753 1061 1811 tn

264 1862 380 1909 meam
399 1848 762 1909 commemorationem
778 1845 891 1926 (Lucae
900 1862 985 1917 nn,
995 1845 1058 1927 19),

265 1944 294 2005 si
305 1944 379 2022 quis
390 1944 489 2006 aliter
500 1944 629 2016 lecerit,
643 1944 746 2007 ludas
755 1944 897 2007 traditor
904 1943 1059 2006 efficitur.

265 2041 500 2104 Recordamini
523 2042 645 2104 fratres
666 2041 875 2115 Sacerdotes,
904 2041 1060 2118 quoniam

265 2139 426 2216 scriptum
441 2141 491 2202 est
505 2140 541 2201 in
557 2142 644 2215 Lege
659 2141 778 2217 Moysi,
792 2140 879 2217 quod
894 2141 1062 2215 transgre-

264 2238 394 2299 dientes
416 2238 452 2298 in
476 2236 716 2315 corporalibus,
738 2238 812 2299 sine
830 2238 897 2298 ulla
919 2237 1062 2298 misera·

261 2333 353 2396 tione
368 2350 428 2411 per
446 2336 646 2397 sententiam
668 2333 799 2395 Domini
817 2332 1058 2396 moriebantur.

263 2432 392 2502 Quanto
407 2435 536 2508 majora
551 2434 584 2493 et
598 2434 712 2509 pejora
734 2434 881 2493 meretur
895 2431 963 2507 pati
975 2446 1059 2508 sup-

263 2528 376 2604 plicia,
394 2528 450 2606 qui
465 2529 586 2590 Filium
595 2529 654 2591 Dei
665 2528 923 2599 conculcaverit,
938 2530 971 2590 et
986 2543 1061 2588 san·

1115 1162 1148 1223 et
1162 1162 1221 1222 Del
1244 1162 1349 1222 Filius
1368 1162 1417 1224 sic
1433 1178 1469 1223 se
1481 1163 1645 1235 humiliat,
1667 1167 1703 1226 ut
1716 1167 1875 1242 prorostra

1116 1258 1223 1320 salute
1238 1257 1298 1318 sub
1315 1258 1439 1321 modica
1448 1262 1544 1337 panis
1559 1261 1701 1323 formula
1716 1278 1750 1322 se
1763 1262 1874 1324 abscon·

1115 1355 1189 1417 datl
1219 1356 1348 1427 Videte,
1381 1357 1493 1431 iratos,
1533 1359 1752 1420 humilitatem
1781 1360 1874 1421 Dolet

1116 1453 1275 1516 effundite
1287 1469 1398 1516 coram
1416 1455 1475 1517 illo
1488 1456 1588 1517 corda
1602 1460 1725 1529 vestra,
1740 1458 1771 1518 et
1783 1456 1874 1517 humi-

1116 1550 1256 1622 liamini,
1274 1553 1310 1612 ut
1330 1552 1364 1614 et
1381 1568 1438 1613 vos
1463 1554 1658 1615 exaltemini
1681 1553 1723 1616 ab
1745 1568 1792 1616 eo.
1800 1554 1874 1615 Nihil

1115 1662 1195 1723 ergo
1214 1646 1255 1709 de
1268 1647 1367 1725 robis
1377 1651 1548 1713 retineatis
1571 1650 1678 1722 robis,
1694 1652 1729 1713 nt
1740 1652 1817 1713 totos
1828 1666 1873 1711 ros

1115 1745 1264 1821 recipiat,
1291 1745 1346 1822 qui
1368 1761 1404 1807 se
1432 1747 1524 1809 robis
1544 1748 1681 1810 exhibet
1700 1748 1874 1811 totumllo·

1116 1857 1178 1904 neo
1204 1844 1365 1918 praeterea
1394 1844 1427 1905 et
1454 1845 1614 1907 exhortor
1636 1846 1672 1907 in
1692 1846 1829 1915 Domim,
1845 1845 1874 1905 ut

1115 1939 1149 2000 in
1174 1939 1256 2001 locis
1282 1941 1318 2001 in
1346 1940 1466 2017 quibus
1487 1944 1662 2005 morantur
1682 1942 1805 2015 trahes,
1825 1956 1876 2002 uua

1114 2038 1241 2098 tantum
1257 2036 1444 2099 celebretur
1465 2040 1566 2101 missa
1584 2041 1621 2101 in
1644 2040 1709 2113 die,
1724 2038 1875 2102 secundun

1115 2133 1253 2195 formam
1269 2137 1392 2196 sauctae
1408 2138 1563 2199 Romane
1585 2138 1752 2200 Ecclesiae.
1773 2136 1804 2199 Si
1815 2150 1877 2198 vero

1114 2233 1150 2293 in
1172 2232 1246 2293 loco
1270 2232 1382 2308 plnres
1406 2232 1530 2295 fuerint
1551 2236 1751 2307 sacerdotes,
1774 2235 1817 2296 sic
1835 2234 1875 2303 sit
1912 2296 1914 2305 ,

1115 2344 1175 2406 per
1197 2344 1344 2391 amorem
1367 2331 1527 2403 caritatis,
1538 2333 1624 2395 alter
1649 2333 1815 2395 contentus
1827 2346 1877 2392 an·

1115 2427 1180 2489 dita
1201 2427 1425 2489 celebratione
1443 2430 1624 2492 sacerdotis
1644 2430 1796 2504 alterium
1816 2428 1876 2506 quia

1115 2523 1267 2586 absentes
1282 2527 1316 2588 et
1334 2527 1516 2601 praesentes
1536 2530 1654 2605 replet,
1679 2529 1784 2606 quiec
1802 2523 1876 2601 digri

1114 2623 1199 2693 sunt,
1226 2623 1385 2683 Dominus
1408 2628 1522 2685 noster
1539 2628 1636 2687 Jesus
1657 2626 1812 2686 Christus.
1826 2620 1874 2694 Qui

1115 2719 1190 2781 licet
1203 2720 1238 2781 in
1251 2720 1401 2796 pluribus
1415 2720 1499 2782 locis
1510 2723 1709 2800 reperiatur,
1722 2724 1823 2784 umen
1836 2718 1877 2778 in-

1114 2816 1289 2878 divisibilis
1306 2819 1428 2890 manet,
1444 2820 1478 2880 et
1496 2819 1608 2897 aliqua
1622 2820 1814 2883 detrimenta
1823 2829 1875 2877 nou

1114 2914 1213 2986 novit,
1232 2915 1290 2976 sed
1315 2932 1400 2976 uuus
1423 2932 1535 2987 verus,
1549 2917 1635 2983 sicut
1650 2919 1683 2979 ei
1698 2918 1801 2995 placet
1814 2928 1878 2990 opo·

1113 3015 1215 3085 ratur,
1239 3028 1313 3075 cum
1336 3013 1475 3075 Domino
1495 3017 1563 3076 Deo
1587 3018 1700 3090 Patre,
1724 3017 1758 3077 et
1775 3011 1878 3090 Spiritu

1114 3113 1232 3174 Sancto
1265 3113 1440 3176 Paracleto
1466 3113 1502 3174 in
1534 3114 1660 3176 saecula
1688 3112 1878 3178 saeculorum.

1111 3212 1226 3271 Amen.

264 2626 399 2701 guinem
412 2627 599 2688 testamenti
611 2626 772 2703 pollutum
788 2622 931 2699 duxerit,
946 2626 981 2686 in
994 2641 1060 2704 quo

263 2724 490 2786 sanctificatus
505 2726 575 2787 esti
595 2724 629 2786 et
647 2725 779 2801 spiritui
801 2726 922 2787 Sancto
942 2726 1063 2787 contu·

264 2821 399 2883 meliam
421 2821 557 2883 leceriti
571 2822 717 2898 Despicit
732 2821 821 2885 enim
836 2822 935 2884 homo
950 2822 1062 2899 poliu-

263 2917 330 2989 tus,
346 2916 380 2978 et
392 2918 566 2979 conculcat
577 2920 707 2994 Agrum
722 2917 798 2991 Dei,
813 2918 982 2993 quoniam,
1006 2917 1058 2979 si-

260 3014 317 3075 cut
331 3014 412 3077 dicit
433 3015 621 3091 Apostolus,
643 3030 709 3075 non
737 3014 925 3092 dijudicans
941 3015 975 3078 et
990 3015 1061 3077 dis·

260 3128 403 3174 cernens
418 3114 569 3176 sanctum
591 3129 712 3191 panem
733 3114 900 3175 Christum
919 3111 961 3175 ab
980 3114 1058 3176 aliis

262 3208 417 3283 cibariis,
441 3210 494 3273 vel
523 3211 680 3288 operibns
714 3212 872 3288 indignis,
899 3212 1058 3289 indignus

260 3308 450 3381 manducat,
482 3324 558 3370 cum
582 3311 741 3371 Dominus
773 3326 832 3387 per
857 3311 1057 3389 Prophetam

261 3404 351 3466 dicat
365 3426 373 3465 ε
389 3406 586 3469 Maledictus
601 3406 700 3468 homo
722 3408 778 3485 qui
802 3424 885 3485 opus
899 3410 962 3469 Dei
976 3408 1058 3470 lacit

261 3502 1055 3584 negligentervelfraudulenter(Jer.,xuvu1,10).

261 3602 301 3663 nt
321 3602 457 3678 propter
478 3601 679 3674 sacerdotes,
701 3601 757 3679 qui
781 3602 900 3664 nolunt
931 3618 1056 3680 ponere

260 3714 362 3776 super
385 3698 418 3759 id
447 3699 560 3762 corin
583 3700 736 3771 veritate,
772 3699 970 3762 condemnat
995 3716 1056 3762 nos

259 3793 376 3856 dicens
388 3816 395 3855 ε
405 3798 902 3859 Malcdc'comdcncdtcltootdus
915 3799 1054 3859 cestra.

259 3892 381 3954 Audite
398 3892 519 3954 iratres
545 3894 622 3954 mei.
653 3894 689 3954 Si
712 3892 809 3955 beata
835 3894 931 3970 virgo
948 3895 1056 3955 Maria

197 4015 203 4042 ι
260 3989 446 4051 honoratur
468 3988 518 4069 (ut
532 3990 669 4067 dignum
687 3989 750 4069 est)
763 3992 841 4069 quia
855 3991 963 4069 ipsum
983 4006 1057 4068 por·

260 4085 344 4149 tavit
371 4086 406 4147 in
428 4087 639 4148 sanctissimo
661 4088 756 4150 utero
777 4104 854 4162 suo;
884 4088 913 4148 si
939 4087 1056 4151 beatus

259 4186 406 4247 Joaunes
429 4185 578 4262 Baptista
600 4186 812 4258 contremuit,
827 4187 860 4248 et
878 4201 944 4247 non
957 4185 1058 4247 aude-

258 4281 316 4344 bat
340 4285 479 4359 tangere
507 4283 639 4344 Domini
671 4283 852 4357 verticem
882 4284 911 4344 si
937 4284 1055 4361 sepul-

260 4379 388 4451 chrum,
410 4380 445 4441 in
467 4396 532 4458 quo
558 4396 617 4458 per
638 4381 772 4459 aliquod
791 4382 921 4458 tempus
936 4382 1054 4458 jacuit,

260 4476 309 4536 sio
324 4480 505 4539 veneratur
519 4500 526 4538 :
541 4480 700 4555 quantum
721 4478 817 4540 debet
831 4494 905 4540 esse
920 4480 1055 4540 sanctus

260 4574 294 4634 et
310 4576 435 4651 justus,
458 4577 492 4635 et
516 4574 648 4651 dignus,
675 4576 812 4653 quinon
830 4578 900 4654 jam
915 4577 1057 4638 moritu·

259 4685 346 4741 rum,
358 4670 415 4731 sed
430 4670 466 4731 in
481 4673 642 4733 aeternum
656 4674 834 4745 victurum,
849 4673 883 4734 et
893 4674 1057 4750 glorifica·

259 4770 342 4841 tum,
357 4768 393 4828 in
406 4783 504 4845 quem
515 4768 706 4831 desiderant
718 4770 835 4846 Angeli
851 4771 1053 4847 prospicere,

261 4867 446 4929 contrectat
470 4864 635 4938 manibus,
650 4867 760 4939 corde,
778 4869 812 4930 et
824 4883 883 4928 ore
896 4869 1007 4940 sumit,
1024 4870 1057 4930 et

260 4963 338 5026 aliis
352 4964 393 5025 ad
407 4962 603 5023 sumendum
616 4963 758 5040 praebeti
771 4964 890 5026 Videte
905 4965 1055 5040 dignita-

259 5063 327 5123 tem
346 5060 505 5133 vestram,
529 5059 650 5122 fratres
673 5061 873 5132 sacerdotes,
895 5063 931 5123 ct
947 5063 1055 5126 estote

258 5160 554 5232 camliaciacinse
565 5159 790 5221 sanctorem
803 5156 922 5237 (Levit.
933 5161 1053 5240 mel).

261 5258 300 5317 Et
328 5256 414 5317 sicut
437 5271 538 5333 super
552 5271 666 5318 omues
689 5257 825 5333 propter
845 5256 908 5317 hoc
927 5260 1054 5335 myste-

260 5353 348 5415 rium
370 5353 548 5416 houoravit
567 5370 628 5416 vos
648 5354 809 5416 Dominus
832 5356 932 5426 Deus,
956 5356 1004 5417 ita
1022 5356 1055 5418 et

259 5465 319 5511 ros
343 5452 478 5527 propter
503 5452 566 5514 hoc
593 5452 787 5530 mysterium
811 5451 939 5527 diligite
965 5468 1052 5523 eum,

259 5547 471 5617 reveremini,
488 5550 521 5609 et
535 5549 708 5612 honorate.
723 5551 843 5627 Magna
859 5550 1005 5623 miseria,
1022 5554 1055 5613 et

261 5643 450 5706 miseranda
484 5645 672 5719 infirmitas,
710 5648 842 5726 quando
867 5647 976 5725 ipsum
1005 5648 1054 5709 sic

1173 3372 1380 3446 observatis,
1402 3388 1466 3435 seu
1488 3377 1526 3436 tc
1549 3379 1639 3438 banc
1664 3375 1834 3450 epistotam

1346 3472 1648 3535 commentarium.

1152 3603 1223 3664 Una
1251 3603 1380 3665 tantum
1401 3604 1504 3665 Missa
1533 3602 1733 3666 celebretur.
1747 3633 1786 3649 -
1804 3601 1881 3662 Hunc
1914 3631 1915 3636 κ

1112 3700 1217 3762 locum
1232 3699 1361 3775 putavit
1375 3698 1549 3777 Philippus
1571 3701 1806 3764 Melanchthon
1821 3696 1880 3757 he-

1111 3796 1213 3858 retico
1244 3812 1305 3858 suo
1329 3797 1474 3873 dogmati
1503 3798 1543 3859 de
1567 3797 1763 3875 abjurandis
1787 3791 1881 3856 missis

1111 3894 1246 3971 privatis
1262 3894 1401 3968 lavisse3
1427 3895 1569 3958 undeet
1593 3911 1653 3972 pro
1679 3895 1792 3958 eodem
1805 3891 1881 3953 illum

1111 3993 1224 4054 citarit
1235 3993 1270 4053 in
1285 3992 1466 4053 execrabili
1485 3992 1544 4053 illa
1567 3995 1733 4070 Apotopto
1757 3990 1881 4061 Conser-

1109 4093 1215 4151 cionts
1224 4090 1447 4166 Artpzcctanoe,
1460 4090 1522 4151 art.
1535 4092 1575 4151 dc
1586 4092 1709 4151 Missa.
1722 4084 1808 4161 Quod
1817 4094 1882 4144 sane

1111 4188 1210 4248 movit
1236 4188 1325 4263 pium
1353 4202 1393 4247 ac
1416 4187 1582 4248 eruditum
1606 4186 1717 4247 virum
1739 4189 1881 4248 ,loannem

1110 4284 1247 4345 Eckium
1265 4284 1300 4344 in
1314 4299 1374 4344 suo
1392 4283 1596 4352 Euchiridio,
1614 4283 1651 4344 ut
1662 4283 1799 4360 negaret
1811 4279 1882 4339 hano

1111 4381 1288 4458 Epistolam
1310 4380 1413 4441 luisse
1434 4396 1454 4441 a
1475 4383 1512 4442 D.
1529 4381 1711 4442 Francisoo
1731 4374 1882 4449 conscrip-

1110 4481 1187 4540 tum.
1202 4480 1248 4539 De
1269 4494 1332 4555 quo
1349 4478 1450 4540 etiarn
1476 4494 1543 4539 non
1568 4477 1689 4539 leviter
1711 4467 1884 4538 dubitarunt

1111 4576 1279 4638 illustriss.
1296 4576 1392 4637 Card.
1408 4576 1577 4648 Bellarm,
1591 4575 1649 4635 lib.
1664 4576 1710 4647 ΙΙ,
1727 4578 1768 4636 cte
1780 4573 1880 4633 noso,

1111 4690 1139 4735 c.
1150 4676 1199 4746 40,
1213 4674 1255 4734 ad
1269 4672 1388 4751 object.
1404 4674 1452 4744 12,
1469 4673 1492 4734 t.
1507 4675 1566 4744 ΙΙΙ,
1582 4675 1615 4733 θῖ
1626 4673 1702 4733 Ant.
1716 4665 1881 4733 possevin,

1110 4774 1186 4833 tom.
1202 4773 1227 4842 1,
1248 4771 1300 4831 sui
1315 4774 1441 4846 Appon.
1456 4773 1561 4842 sacri,
1574 4769 1635 4830 sub
1647 4768 1883 4831 nominer'ror·

1109 4872 1217 4930 ccccm
1231 4871 1394 4930 armatas.
1415 4867 1478 4928 Sed
1498 4868 1532 4929 et
1549 4866 1677 4927 addidit
1690 4865 1818 4932 Bobius,
1832 4870 1883 4919 nec

1110 4966 1195 5027 tilios
1207 4969 1291 5042 ejus,
1306 4963 1427 5027 iratres
1442 4965 1588 5025 Minores
1608 4977 1788 5039 agnoscere
1803 4954 1884 5033 apis·

1109 5064 1209 5128 tolarn
1222 5063 1309 5124 hanc
1322 5063 1410 5124 inter
1424 5063 1545 5124 caetera
1558 5059 1725 5138 opuscula
1741 5061 1777 5119 D.
1791 5058 1884 5118 Fran·

1110 5163 1200 5223 cisci.
1213 5163 1249 5222 ln
1263 5176 1329 5238 quo
1342 5177 1423 5221 sane
1435 5161 1592 5236 deceptus
1607 5161 1659 5221 est
1674 5180 1681 5219 ε
1698 5159 1733 5218 in
1747 5150 1883 5217 omnibus

1110 5259 1229 5321 etenim
1244 5259 1469 5320 Monumentis
1484 5259 1517 5319 et
1533 5256 1719 5328 chronicis,
1736 5255 1802 5316 tam
1814 5242 1884 5310 anti·

1110 5358 1182 5434 quis
1207 5372 1306 5434 quam
1335 5355 1540 5426 novioribus,
1566 5353 1700 5416 Ordinis
1721 5350 1882 5412 umorum

1109 5455 1234 5515 nullum
1262 5457 1330 5515 tarn
1354 5468 1450 5514 suum
1476 5467 1550 5513 esse
1572 5451 1780 5514 observatur,
1799 5452 1883 5521 qnam

1109 5551 1255 5628 Epistola
1282 5551 1373 5627 haec;
1399 5566 1461 5611 nec
1483 5549 1575 5611 illius
1601 5563 1689 5618 esse,
1721 5535 1883 5621 aliquando

1108 5651 1184 5712 ante
1199 5649 1260 5710 hos
1272 5647 1456 5711 dubitatum
1469 5650 1519 5709 est
1535 5667 1542 5706 ε
1559 5646 1615 5724 qui
1630 5660 1673 5706 ne
1687 5631 1882 5704 admitterent
