3950 6200
246 290 306 354 119

245 448 433 525 adipsum,
463 447 504 509 ab
531 449 726 525 Epiphaniae
759 448 843 511 sesto
872 449 1043 526 usquead

244 546 422 607 continuos
434 545 653 622 quadraginta
668 546 751 617 dies,
766 562 806 607 3ο
819 546 950 610 scilicet
962 547 1043 609 tem·

245 659 338 719 pore,
353 659 418 720 quo
433 643 584 704 Christus
599 642 698 708 latuit
713 644 748 705 in
763 643 905 715 deserto,
922 644 964 705 ad
981 660 1041 705 33-

245 739 398 801 litudinis
414 740 486 800 loca
503 740 689 812 declinans,
705 741 856 817 cellaque
876 742 1040 813 reclusus,

245 838 369 913 quante
393 838 523 914 poterat
552 838 753 900 arctitudine
780 838 845 899 cibi
874 840 907 900 et
932 840 1041 915 potus,

240 934 391 1011 jeiuniis,
409 936 442 996 et
454 935 673 1004 orationibus,
689 936 722 996 et
737 934 890 996 laudibus
901 937 962 996 Dei
969 936 1043 998 31113

244 1032 495 1093 intermissione
509 1032 661 1094 vacabat.
677 1035 757 1093 Tam
770 1031 898 1094 fervido
910 1033 1042 1110 quidem

243 1128 279 1198 in
295 1129 462 1190 Christum
477 1128 647 1191 terebatur
659 1129 797 1204 affectu3
814 1130 871 1191 sed
891 1133 924 1191 et
938 1130 1044 1192 dilec-

244 1228 296 1288 tus
309 1226 361 1287 illi
375 1227 443 1287 tam
452 1225 651 1288 familiarem
665 1226 871 1304 rependebat
881 1243 1041 1300 amorem,

244 1324 282 1387 ut
304 1323 474 1386 rideretur
495 1325 562 1401 ipsi
581 1324 705 1386 famulo
725 1325 796 1396 Dei,
818 1325 916 1403 quasi
927 1328 1042 1401 jugem

244 1437 313 1499 prae
337 1421 443 1482 oculis
468 1422 573 1497 ipsius
599 1421 781 1483 salvatoris
804 1423 928 1483 sentire
955 1438 1044 1499 prae-

245 1520 398 1590 sentiam,
423 1518 508 1580 sicut
521 1518 701 1596 aliquando
716 1519 817 1580 sociis
831 1519 1043 1582 familiariter

245 1615 418 1677 revelavit.

285 1713 464 1789 Flagrabat
498 1729 578 1790 erga
605 1715 848 1775 sacramentum
876 1713 1042 1775 Dominici

244 1811 394 1887 corporis
408 1811 539 1872 1311313
554 1812 701 1874 omnium
716 1811 948 1883 medullarum,
966 1812 1041 1873 stu-

244 1920 325 1981 pore
357 1904 526 1965 admirans
551 1905 756 1981 permaximo
782 1906 873 1966 illam
898 1906 1042 1967 carissi-

244 2019 333 2063 mam
360 2002 596 2078 dignationem,
629 2004 661 2063 et
688 2002 918 2079 dignissimam
953 2003 1043 2063 cari-

243 2100 355 2162 tatem.
374 2103 468 2177 Saepe
481 2099 756 2171 communicabat,
774 2102 808 2161 et
821 2102 888 2161 tam
910 2100 1040 2172 devote,

244 2200 282 2260 ut
296 2198 380 2258 alios
393 2197 529 2259 devotos
544 2197 701 2266 efiiceret,
720 2198 797 2257 dum
822 2198 863 2259 ad
878 2199 1043 2258 immacu·

245 2294 306 2356 lati
318 2295 404 2370 Agni
418 2295 681 2371 degustationem
697 2311 844 2366 suavem,
862 2295 958 2373 quasi
968 2295 1041 2371 spi·

243 2392 311 2454 ritu
326 2391 449 2463 ebrius,
465 2393 500 2452 in
515 2392 634 2454 mentis
646 2394 682 2454 ut
694 2392 871 2468 plurimum
883 2392 1042 2468 rapieba-

242 2490 299 2552 tur
320 2505 504 2570 encessum.
520 2491 660 2550 Matrem
679 2490 810 2550 Domini
836 2489 941 2550 nostrl
962 2491 1042 2550 Jesu

246 2587 369 2648 Christi
391 2586 556 2647 indicibili
571 2586 851 2663 complectebatur
862 2601 986 2658 3111313,
1001 2601 1041 2647 33

246 2683 333 2760 quod
361 2684 534 2744 Dominum
562 2683 746 2759 majestatis
777 2682 915 2743 fratrem
945 2682 1042 2744 nobis

244 2780 404 2851 effecerit,
421 2780 455 2840 et
474 2795 533 2856 per
557 2794 629 2839 eam
652 2780 755 2840 simus
777 2779 1042 2841 misericordiam

246 2877 427 2938 consecuti.
445 2879 483 2937 111
497 2876 569 2953 ipsa
586 2877 660 2952 post
681 2876 847 2937 Christum
873 2876 1042 2952 praecipue

246 2973 364 3044 fidens,
381 2989 455 3036 eam
470 2974 520 3033 sui
537 2989 576 3034 33
595 2988 731 3034 suorum
747 2973 940 3034 advocatam
956 2989 1040 3034 3311-

684 291 740 352 ΑΙ)
761 290 899 350 OPERA
922 291 956 350 S.
978 291 1200 353 FRANCISCI
1222 293 1448 355 asslslarls

1824 296 1883 356 120

1094 451 1217 528 jejunii
1225 468 1356 529 corpus,
1365 455 1401 514 et
1413 468 1473 530 per
1486 451 1640 514 ardorem
1651 450 1806 514 desiderii
1816 456 1885 531 spi-

1097 548 1195 609 ritum
1222 548 1420 618 immolaret,
1436 549 1586 612 exterius
1601 549 1636 609 in
1651 549 1738 614 atrio
1757 551 1885 612 3331111-

1096 660 1177 705 3333
1186 645 1429 716 holocaustum,
1437 648 1471 708 et
1484 647 1651 722 intemplo
1662 647 1801 707 interius
1812 663 1886 708 con·

1097 757 1249 803 cremans
1261 743 1454 819 thymiama.
1464 745 1519 805 Sic
1528 744 1638 804 autem
1652 759 1728 804 eum
1739 745 1884 806 caritatis

1097 841 1270 902 3113333113
1288 840 1419 901 devotio
1429 856 1562 900 sursum
1574 840 1609 901 in
1622 840 1735 902 divina
1748 841 1884 913 ferebat,

1097 938 1133 998 nt
1145 938 1292 1013 ejusdem
1308 937 1490 999 affectuosa
1502 936 1691 1013 benignitas
1704 938 1746 1000 ad
1760 941 1886 1000 neturae

1097 1036 1267 1095 consortes
1286 1037 1320 1095 et
1343 1034 1461 1110 gratiae
1481 1034 1649 1096 dilataret.
1669 1037 1772 1105 Quem
1798 1036 1887 1096 enim

1097 1132 1260 1193 creaturis
1284 1131 1416 1192 caeteris
1437 1147 1633 1207 germanum
1657 1132 1764 1207 pietas
1778 1132 1887 1192 cordis

1097 1227 1264 1299 effecerat,
1279 1228 1400 1289 mirum
1414 1244 1481 1290 non
1494 1230 1556 1299 est,
1573 1229 1602 1288 si
1617 1229 1787 1289 Creatoris
1801 1230 1886 1288 insi·

1097 1325 1198 1400 gnitis
1212 1326 1370 1401 imagine,
1387 1328 1420 1386 et
1435 1325 1597 1400 sanguine
1611 1325 1796 1401 redemptis
1810 1341 1889 1385 333-

1097 1423 1191 1494 13113,
1203 1423 1447 1498 germaniorem
1461 1422 1584 1483 Christi
1596 1422 1720 1484 caritas
1735 1421 1887 1483 iaciebat

1097 1520 1171 1579 Non
1183 1535 1219 1579 33
1232 1519 1354 1581 (11111311
1371 1519 1545 1596 reputabat
1557 1520 1711 1591 amicum,
1729 1519 1888 1579 111313111-

1096 1631 1168 1676 mas
1180 1615 1319 1688 tereret,
1337 1632 1418 1693 quas
1437 1616 1494 1677 ille
1515 1615 1665 1677 redemit.
1683 1615 1791 1676 Saluti
1811 1617 1888 1675 ani·

1097 1730 1225 1774 marum
1240 1714 1325 1774 nihil
1342 1713 1585 1790 praeterendum
1604 1729 1678 1774 esse
1692 1712 1835 1784 dicebat,
1851 1728 1889 1773 eo

1097 1812 1241 1872 maxime
1263 1810 1419 1887 probans,
1437 1811 1521 1887 quod
1536 1810 1734 1886 Unigenitus
1756 1810 1815 1872 Dei
1830 1825 1889 1886 pro

1098 1908 1273 1969 animabus
1286 1909 1441 1984 dignatus
1454 1908 1599 1969 fueritin
1614 1922 1713 1968 cruce
1729 1907 1885 1983 pendere.

1097 2006 1183 2065 Hinc
1198 2005 1261 2066 sibi
1277 2005 1311 2066 in
1332 2007 1484 2070 oratione
1507 2005 1685 2076 luctamen,
1709 2004 1746 2064 in
1761 2005 1887 2080 praedi-

1098 2102 1229 2164 catione
1255 2103 1438 2169 discursus,
1465 2103 1498 2164 et
1526 2103 1562 2162 in
1584 2101 1746 2176 exemplis
1767 2100 1889 2162 dandis

1096 2215 1266 2261 excessus.

1138 2297 1230 2358 Unde
1245 2297 1398 2372 quotiens
1408 2296 1587 2358 austeritas
1598 2296 1702 2356 nimia
1712 2296 1889 2372 reprehen-

1097 2392 1232 2454 deretur
1243 2393 1278 2452 in
1291 2393 1375 2468 ipso,
1392 2392 1613 2468 respondebat
1634 2408 1672 2452 se
1688 2391 1802 2454 datum
1815 2392 1890 2452 aliis

1097 2491 1131 2549 in
1147 2490 1345 2566 exemplum.
1357 2490 1449 2552 Licet
1461 2490 1548 2550 enim
1560 2490 1721 2550 innocens
1730 2491 1804 2565 ejus
1813 2504 1890 2550 caro

1097 2589 1250 2662 quaejam
1271 2601 1306 2646 33
1319 2589 1435 2662 sponte
1459 2585 1620 2645 subdebat
1632 2585 1778 2661 spiritui,
1800 2585 1890 2646 nullo

1096 2686 1208 2759 egeret
1241 2683 1375 2759 flagello
1412 2684 1547 2759 propter
1581 2682 1739 2754 offensas,
1779 2685 1890 2744 tamen

1097 2780 1240 2856 exempli
1277 2795 1379 2841 causa
1418 2778 1601 2841 renovabat
1629 2779 1679 2838 illi
1719 2795 1835 2856 peenas
1861 2781 1892 2840 et

1097 2893 1210 2948 311313,
1225 2877 1414 2938 3331311313
1434 2878 1569 2952 propter
1585 2874 1670 2937 alios
1686 2876 1761 2937 vias
1776 2876 1889 2936 duras.

1097 2974 1238 3036 Dicebat
1257 2974 1345 3035 enim
1361 2977 1415 3035 :St
1428 2977 1556 3049 linguis
1567 2977 1746 3035 berniciam
1759 2977 1891 3047 toqtcar,

245 3071 364 3141 stituit,
379 3070 465 3149 etad
480 3070 639 3131 honorem
653 3070 756 3147 ipsius
770 3086 788 3131 a
803 3070 886 3132 testo
901 3071 1043 3146 1133313-
1097 3073 1132 3134 et
1147 3077 1349 3148 atrociorem
1362 3071 1547 3133 3311131331
1564 3072 1681 3132 actem
1696 3071 1732 3131 in
1747 3087 1800 3131 me
1817 3070 1893 3147 ipso

245 3168 355 3230 lorum
379 3168 470 3230 Petri
494 3170 528 3229 et
548 3167 643 3229 Pauli
660 3185 764 3246 nsque
784 3168 825 3229 ad
840 3167 1040 3229 1331311113-
1096 3184 1165 3230 11311
1191 3173 1336 3231 habeam
1363 3166 1391 3247 (Ι
1415 3170 1502 3241 Con,
1527 3183 1601 3239 11111,
1619 3167 1663 3245 1),
1680 3170 1714 3229 31
1731 3169 1894 3244 proximis

244 3264 1042 3343 sumptionisdevotissimejejunabat.Angelicis
1096 3267 1255 3327 virtutum
1277 3265 1448 3342 exemplar
1466 3281 1532 3326 non
1554 3267 1749 3338 monstrem,
1772 3281 1892 3341 parum

242 3362 425 3440 spiritibus,
442 3362 637 3425 ardentibus
652 3364 729 3438 igne
752 3363 905 3435 mirifico,
921 3362 963 3422 ad
977 3378 1042 3423 ex·
1097 3378 1249 3441 prorsum
1264 3363 1351 3433 aliis,
1368 3363 1451 3423 mihi
1473 3362 1569 3423 nihil.

243 3461 428 3523 cedendum
449 3461 484 3520 in
509 3463 623 3533 Deum,
651 3463 684 3522 et
705 3461 886 3522 electorum
911 3459 1042 3520 animas
1136 3461 1291 3520 Ferventi
1317 3475 1446 3536 quoque
1465 3460 1616 3521 caritatis
1637 3458 1794 3520 incendio
1814 3459 1892 3535 glo-

243 3558 512 3630 inflammandas,
548 3557 783 3634 inseparabilis
811 3558 884 3618 3131
918 3556 1042 3616 amoris
1097 3557 1222 3618 riesum
1247 3558 1436 3618 sanctorum
1465 3559 1647 3633 martyrum
1672 3556 1895 3619 aemulabatur

244 3655 379 3718 vinculo
393 3655 579 3731 copulatus,
603 3657 635 3716 31
654 3654 695 3715 ob
715 3654 925 3716 devotionem
946 3653 1041 3729 ipso·
1097 3655 1312 3731 triumphum,
1340 3654 1510 3731 inquibus
1537 3670 1597 3715 nec
1613 3655 1737 3715 amoris
1758 3653 1895 3714 flamma

244 3767 318 3815 rum
345 3752 389 3813 ab
421 3753 655 3829 assumptione
698 3752 846 3828 Virginis
887 3750 1043 3826 gloriosae
1099 3752 1262 3827 extingui,
1296 3767 1357 3812 nec
1386 3751 1544 3812 tortitudo
1570 3751 1677 3827 potuit
1711 3751 1889 3811 infirmari.

244 3848 465 3925 quadraginta
489 3848 606 3909 diebus
627 3850 797 3925 jejunans
823 3848 967 3910 orationi
985 3849 1044 3923 ju·
1097 3847 1514 3924 Desiderabatpropterea,
1538 3849 1571 3908 et
1585 3848 1657 3924 ipse
1671 3848 1731 3908 1113
1744 3847 1894 3922 perlecta

242 3945 329 4019 giler
343 3945 531 4006 insistebat.
555 3946 656 4006 Beato
682 3946 793 4007 autem
808 3943 965 4005 Michaeli
981 3959 1042 4004 ar·
1098 3945 1236 4006 caritate
1258 3960 1450 4016 succensus,
1465 3961 1539 4021 quae
1558 3944 1649 4005 13133
1670 3945 1775 4005 mittit
1793 3945 1896 4006 timo-

245 4042 421 4118 changelo,
435 4058 474 4103 33
490 4042 576 4119 quod
590 4043 777 4103 animarum
798 4042 1044 4118 repraesentan—
1098 4057 1179 4113 rem,
1189 4057 1248 4118 per
1257 4042 1411 4118 martyrii
1423 4041 1738 4102 dammamhostiam
1750 4041 1893 4102 Domino

244 4140 363 4202 darum
378 4140 516 4201 haberet
530 4140 687 4211 osticium,
701 4140 839 4216 speciali
850 4144 1043 4201 eratemore
1098 4156 1135 4200 33
1150 4139 1272 4200 offerre
1287 4140 1464 4210 viventem,
1477 4140 1513 4199 ut
1525 4140 1557 4198 et
1573 4139 1679 4200 vicem
1687 4138 1822 4201 Christo
1831 4153 1891 4215 pro

245 4238 407 4311 devotior,
425 4239 560 4314 propter
584 4237 749 4298 fervidum
778 4251 874 4312 quem
900 4234 1044 4296 habebat
1098 4236 1193 4297 nobis
1218 4236 1373 4297 morienti
1397 4237 1606 4311 rependeret,
1624 4238 1657 4296 et
1680 4235 1723 4296 ad
1743 4236 1895 4297 divinum

243 4336 351 4397 zelum
378 4336 418 4397 ad
446 4335 586 4396 salutem
617 4334 764 4395 omnium
794 4333 1041 4393 salvandorum.
1099 4349 1245 4394 amorem
1261 4334 1735 4409 caeterosprovocaret.Sexto
1751 4348 1897 4410 namque

245 4434 296 4493 Ex
320 4432 552 4493 recordatione
574 4434 764 4494 sanctorum
781 4426 940 4501 omnium,
964 4431 1042 4490 ten·
1099 4431 1327 4492 conversionis
1347 4446 1416 4490 suae
1438 4447 1538 4502 anno,
1553 4430 1719 4492 desiderio
1740 4431 1896 4507 martprii

246 4543 345 4606 qnam
359 4529 507 4605 lapidum
523 4529 715 4605 ignitorum,
731 4529 766 4589 in
782 4527 934 4589 deillcum
952 4542 1044 4588 reca-
1099 4529 1258 4604 flagrans,
1272 4528 1314 4587 ad
1330 4528 1577 4604 praedicandam
1603 4528 1701 4589 fidem
1725 4529 1894 4589 Christia-

247 4625 393 4691 lescebat
413 4625 620 4697 incendium,
646 4626 821 4702 Apostolos
850 4640 984 4695 omnes,
1011 4624 1044 4684 et
1099 4642 1174 4686 nam
1191 4628 1223 4686 et
1238 4626 1466 4702 poenitentiam
1480 4627 1675 4687 sarracenis
1692 4627 1725 4686 et
1739 4625 1897 4687 aliisinfi·

245 4724 414 4800 praecipue
426 4723 561 4782 Petrum
578 4726 611 4784 et
625 4725 777 4794 Paulum,
793 4726 928 4799 propter
945 4721 1045 4782 13111·
1098 4723 1239 4795 delibus,
1259 4723 1300 4782 ad
1316 4723 1427 4798 partes
1451 4724 1557 4799 Syriae
1581 4722 1802 4785 transfretare
1827 4724 1897 4783 dis-

247 4820 323 4883 dam
342 4820 526 4890 caritatem,
542 4835 641 4894 quam
663 4819 851 4880 habuerunt
871 4818 1044 4880 3111111113-
1099 4821 1219 4897 posuit.
1239 4822 1385 4895 Cumque
1405 4836 1524 4881 navem
1543 4819 1732 4897 quamdam,
1757 4822 1794 4880 ut
1817 4819 1896 4880 illuc

244 4920 326 4990 tum,
366 4932 493 4977 summa
522 4916 697 4977 (1313113113
732 4917 956 4993 complexans.
996 4915 1043 4975 Ob
1098 4917 1258 4987 tenderet,
1294 4918 1557 4990 conscendisset,
1585 4916 1693 4978 ventis
1716 4916 1896 4979 contrariis

247 5031 387 5094 quorum
402 5014 625 5075 reverentiam
640 5016 672 5076 et
687 5030 835 5075 amorem
851 5013 1045 5088 Quadrage-
1093 5012 1267 5085 1131111133,
1285 5013 1475 5089 compulsus
1489 5015 1582 5075 estin
1595 5014 1783 5074 sclavoniae
1796 5014 1899 5090 parti.

244 5114 340 5173 simae
356 5111 512 5188 specialis
521 5112 688 5188 jejunium
704 5113 844 5173 Domino
855 5109 1041 5171 dedicabat.
1098 5112 1159 5172 bus
1173 5112 1353 5187 applicare.
1370 5113 1450 5171 Cum
1470 5111 1571 5186 igitur
1582 5127 1708 5171 moram
1727 5111 1897 5190 aliquam-

284 5213 360 5273 Non
387 5208 531 5269 habebat
554 5209 647 5269 aliud
672 5209 796 5271 Christi
815 5223 951 5284 pauper,
975 5206 1043 5267 nisi
1098 5208 1156 5268 diu
1168 5209 1390 5269 contraxisset
1399 5208 1532 5278 ibidem,
1541 5224 1601 5271 uec
1614 5208 1769 5270 invenire
1782 5210 1895 5286 posset

246 5307 313 5368 duo
342 5305 481 5376 minuta,
510 5321 630 5381 corpus
660 5305 788 5366 scilicet
817 5305 850 5364 31
882 5304 1042 5374 animam,
1099 5321 1217 5365 navem
1233 5308 1311 5367 tunc
1326 5306 1487 5381 temporis
1502 5305 1788 5378 transfretantem,
1805 5307 1893 5367 irau-

246 5402 333 5480 quod
358 5404 471 5478 posset
496 5402 628 5464 liberali
656 5402 795 5463 caritate
823 5400 951 5476 largiri.
978 5400 1042 5461 Sed
1085 5403 1246 5463 ‘datuma
1271 5419 1332 5465 333
1345 5402 1512 5465 desiderio
1536 5419 1572 5464 33
1590 5403 1750 5475 sentiens,
1773 5407 1894 5466 1133133

247 5499 320 5561 haec
335 5515 394 5575 per
404 5515 550 5560 amorem
567 5500 690 5562 Christi
708 5500 758 5560 sle
781 5497 943 5560 offerebat
962 5514 1045 5559 3311-
1098 5500 1257 5576 quosdam
1273 5504 1443 5562 Anconam
1455 5501 1638 5572 tendentes,
1654 5503 1691 5562 ut
1703 5516 1822 5563 amore
1834 5500 1893 5563 Dei

247 5596 352 5667 tinue,
374 5591 410 5656 ut
435 5596 530 5673 quasi
546 5597 799 5673 omnitempore
824 5596 1044 5672 porrigerem
1098 5613 1174 5659 eum
1190 5611 1301 5660 secum
1323 5598 1493 5670 ducerent,
1515 5598 1678 5660 exoravit.
1770 5658 1777 5663 .
