3950 6200
207 327 250 390 83
647 330 704 389 nn
725 325 864 388 ornan
886 327 918 387 e.
942 325 1164 389 annuciscr
1185 327 1412 392 nssrsmns
1816 333 1865 395 es

208 487 310 549 mittit
323 488 495 560 aeternnm,
520 489 642 564 quanto
666 487 772 565 magis
791 487 850 548 illa
872 485 1003 548 submi·
1059 501 1240 563 supernum
1272 487 1336 549 sibl
1379 490 1415 552 in
1446 491 1605 553 comimtu
1638 490 1699 553 Dei
1732 489 1867 556 adesse

209 584 374 656 nistrabit,
391 601 463 662 quas
478 586 697 647 communiter
713 586 853 661 largitur
864 583 960 646 bonis
971 584 1005 644 et
1058 584 1262 659 presidium,
1276 586 1384 662 magis
1395 587 1482 648 dono
1494 586 1706 652 liberalitatis
1716 589 1863 661 divinae,

208 683 321 743 malisl
339 682 727 759 Hancergoparabolam
745 687 779 744 et
800 682 1002 745 intellectum
1057 696 1156 757 qnam
1184 681 1257 743 cibo
1285 683 1397 744 carnis
1426 686 1570 762 propriae
1600 689 1679 748 snut
1707 685 1862 748 reiecti:

206 780 314 856 ipsius
329 779 452 840 Christi
467 780 615 841 vicarius
640 797 714 842 cnm
737 780 917 856 diligenter
936 795 1001 839 au·
1057 778 1319 855 insuperdivinn
1335 781 1562 844 consolatione
1581 783 1712 860 repleti,
1730 786 1865 845 statue-

168 919 172 928 .
207 876 321 944 disset,
345 876 485 938 miratus
511 879 562 940 est
581 878 691 949 valde,
721 880 754 940 et
776 877 1003 938 indubitanter
1057 877 1136 936 runt
1156 875 1306 946 tirmiter,
1327 879 1360 940 et
1386 878 1650 942 irrevocabiliter
1671 881 1865 941 confirma-

208 973 373 1034 Christum
382 974 528 1035 locutum
540 975 574 1035 in
583 974 926 1051 lrominerecoguovit.
937 974 1002 1035 Sed
1057 974 1192 1044 verunt,
1215 972 1343 1034 nulllus
1370 975 1492 1036 inediae
1529 977 1588 1038 ant
1623 976 1864 1040 tribulationis

205 1069 380 1142 visionem,
397 1086 495 1147 qnam
516 1074 595 1132 tuuc
612 1072 774 1149 temporis
790 1088 809 1132 e
824 1070 908 1133 coelo
922 1087 1003 1148 per·
1056 1070 1202 1146 impulsu
1227 1087 1247 1131 a
1270 1074 1384 1133 sancto
1403 1075 1608 1149 paupertatis
1622 1074 1758 1138 resitire
1771 1090 1863 1151 pro·-

207 1169 355 1243 cepernt,
371 1168 407 1229 in
421 1168 485 1229 boc
500 1169 574 1230 viro
588 1169 659 1230 fore
671 1168 910 1245 complendam,
926 1169 1003 1246 Spi-
1056 1166 1173 1228 misso.
1215 1168 1342 1230 Exinde
1382 1169 1417 1229 in
1460 1169 1590 1231 Vallem
1635 1171 1862 1247 spoletanam

202 1264 269 1326 ritu
295 1264 408 1327 divino
439 1268 649 1343 suggerente,
685 1267 842 1329 firmavit.
860 1266 1002 1329 Videbat
1056 1278 1130 1324 cum
1152 1267 1267 1327 sancto
1295 1267 1464 1342 proposito
1488 1267 1676 1339 redeuntes,
1701 1269 1864 1329 tractare

203 1371 346 1437 namque
370 1362 405 1422 in
428 1363 564 1435 somnis,
581 1366 617 1425 nt
642 1364 767 1436 retulit,
794 1366 1002 1426 Laterauen-
1055 1362 1237 1437 coepernnt,
1254 1363 1364 1423 utrum
1380 1363 1468 1424 iuter
1486 1364 1639 1426 homiues
1654 1366 1860 1426 conversari

203 1473 272 1518 sem
294 1457 468 1521 basilicam
489 1462 561 1522 iore
583 1462 768 1537 proximam
785 1464 855 1540 jam
879 1461 998 1533 ruinae,
1055 1455 1224 1526 deberent,
1240 1471 1283 1518 an
1307 1458 1348 1520 ad
1370 1458 1444 1520 loca
1464 1460 1614 1522 solitaria
1629 1476 1667 1521 se
1681 1460 1856 1522 conterre.

203 1571 301 1632 qnam
321 1556 455 1632 qnidam
478 1559 576 1619 homo
597 1560 829 1636 pauperculus,
850 1559 1001 1620 modicus
1056 1555 1120 1615 Sed
1130 1555 1252 1618 Christi
1261 1555 1592 1630 servusFranciscns,
1604 1557 1859 1621 nondesnavel

201 1654 235 1714 et
259 1654 445 1731 despectus,
471 1657 606 1733 proprio
628 1657 726 1718 dorso
749 1657 927 1727 submisso
956 1671 999 1717 ne
1055 1651 1094 1714 de
1105 1654 1603 1726 suorumcontidensindnstria,
1613 1671 1673 1733 per
1683 1656 1859 1718 orationis

203 1751 348 1824 caderet,
370 1754 588 1815 sustentabat.
605 1756 702 1826 Vere,
729 1756 847 1832 inquit,
871 1754 927 1815 bic
949 1753 1000 1815 est
1054 1750 1736 1827 instantiamdivinasnperhocvoluntatis
1746 1753 1861 1816 bene-

202 1847 271 1921 ille,
295 1849 352 1926 qni
374 1864 474 1927 opere
494 1852 527 1912 et
552 1851 702 1912 doctrina
725 1851 847 1912 Christi
862 1851 999 1912 susten·
1054 1847 1212 1924 placitum
1236 1849 1422 1926 requisivit.

201 1945 286 2008 tabit
309 1947 503 2008 Ecclesiam.
530 1948 611 2010 Inde
629 1950 798 2026 praecipua
824 1947 999 2010 devotione
1095 1947 1255 2022 Snpernae
1287 1946 1391 2021 igitur
1413 1947 1631 2009 revelationis
1659 1948 1857 2010 illustratus

200 2043 358 2119 repletus,
376 2045 529 2122 petitioni
554 2049 627 2123 ejus
640 2061 676 2107 se
691 2061 751 2123 per
765 2045 877 2106 omnia
895 2044 999 2105 inoli-
1053 2043 1200 2111 oraculo,
1230 2043 1395 2121 intellexit
1419 2059 1455 2105 se
1483 2044 1524 2106 ad
1563 2045 1626 2107 hoc
1658 2047 1803 2106 missum
1832 2062 1853 2106 a

200 2140 305 2212 navit,
323 2157 362 2202 ac
375 2142 497 2203 Christi
524 2142 684 2203 famulum
709 2143 848 2220 speciali
868 2157 999 2218 semper
1053 2141 1211 2212 Domino,
1235 2141 1271 2202 nt
1299 2141 1429 2204 Christo
1459 2143 1589 2206 animas
1621 2142 1853 2216 lucrifaceret,

200 2251 315 2298 amore
327 2237 456 2300 dilexit.
474 2240 621 2302 Proinde
636 2241 803 2317 postulata
821 2239 996 2306 concessit,
1053 2252 1135 2313 ques
1158 2237 1309 2299 diabolus
1326 2238 1510 2300 conabatur
1534 2239 1679 2301 auterre.
1701 2240 1855 2317 Ideoque

200 2335 234 2395 et
247 2335 356 2396 adhuc
369 2336 553 2406 concedere
567 2337 664 2414 plura
677 2337 839 2414 promisit.
865 2341 999 2412 Appro-
1053 2334 1159 2410 magis
1180 2335 1343 2407 omnibns,
1361 2351 1459 2413 quam
1478 2334 1543 2397 sibi
1558 2336 1621 2398 soli
1645 2338 1763 2398 vivere
1777 2338 1856 2400 ele-

199 2430 292 2493 bavit
305 2433 478 2509 Regulam,
501 2434 591 2497 dedit
611 2434 652 2495 de
667 2434 861 2511 poenitentia
874 2432 998 2509 praedi·
1051 2431 1110 2505 gn,
1124 2431 1216 2492 illius
1228 2436 1426 2509 provocatus
1436 2434 1666 2510 exemple,qni
1681 2451 1772 2496 nnus
1786 2451 1852 2512 pro

199 2531 306 2590 canda
322 2532 525 2599 mandatnm,
542 2532 680 2594 etlaicis
703 2531 862 2592 iratribus
886 2530 996 2592 omni·
1051 2527 1205 2589 omnibus
1231 2530 1316 2590 mori
1341 2529 1498 2606 dignatus.
1524 2532 1574 2592 est
1595 2531 1663 2610 (1).
1690 2532 1855 2594 Reconc-

199 2624 273 2697 bus,
290 2628 347 2704 qui
362 2643 495 2689 servum
512 2629 570 2689 Dei
589 2628 721 2690 haerent
735 2625 895 2699 comitati,
918 2627 997 2689 lecit
1050 2624 1099 2700 git
1124 2625 1237 2701 itaque
1258 2641 1296 2687 se
1319 2627 1372 2688 vlr
1393 2627 1452 2689 Dei
1471 2643 1546 2689 cnm
1568 2628 1703 2690 caeteris
1730 2629 1851 2698 sociis,

199 2736 342 2784 coronas
362 2723 519 2800 parvulas
541 2725 626 2797 fieri,
645 2728 682 2787 ut
706 2725 843 2787 verbnm
865 2723 924 2785 Dei
948 2715 994 2784 li·
1049 2721 1085 2781 in
1101 2722 1242 2799 quodam
1254 2723 1557 2799 tugurioderelicto
1564 2726 1663 2802 juxta
1674 2726 1852 2788 civitatem

198 2817 523 2896 berepraedicarent.
1048 2820 1179 2891 hssisii,
1200 2819 1235 2880 in
1258 2831 1325 2897 qno
1348 2820 1530 2882 secundum
1544 2824 1670 2885 sancta
1693 2837 1851 2899 pauper-

1048 2918 1130 2978 tatis
1141 2917 1289 2990 iormam,
1304 2919 1341 2978 in
1350 2915 1467 2980 labore
1481 2919 1584 2981 multo
1596 2921 1630 2981 et
1642 2919 1761 2996 iuopia
1771 2921 1852 2982 vic·

405 3025 409 3034 ’
499 3063 636 3127 CAPUT
649 3063 693 3125 W
1047 3014 1201 3087 litabant,
1218 3016 1324 3091 magis
1338 3016 1562 3093 lacrymarum
1584 3033 1684 3095 quam
1698 3017 1849 3080 delicia·

695 3106 704 3123 ⁶
1047 3128 1121 3174 rum
1150 3114 1291 3191 panibus
1325 3114 1418 3176 refici
1442 3117 1642 3191 satagentes.
1670 3116 1851 3178 vacabant

196 3232 247 3290 Dc
264 3231 425 3304 prosectu
451 3233 590 3294 Ordinis
612 3230 673 3294 cub
700 3246 808 3294 manvi
821 3234 941 3307 inmun,
958 3231 991 3292 ct
1047 3210 1136 3271 essim
1152 3210 1275 3272 ibidem
1296 3210 1419 3273 divinis
1442 3212 1598 3289 limittit8
1618 3212 1844 3286 immutor,

233 3327 496 3400 confirmatione
510 3330 661 3405 Rapum,
672 3330 774 3402 prem
786 3328 923 3388 tantum
933 3341 992 3401 ap.
1047 3306 1237 3369 mentaliter
1247 3309 1356 3385 potlns
1372 3324 1470 3386 qnam
1484 3308 1647 3372 vocaliter
1658 3309 1770 3372 studio
1784 3311 1849 3372 in-

235 3427 401 3500 probatur.
1046 3405 1218 3466 tendentes
1249 3406 1399 3468 cratonis
1424 3407 1567 3475 devotae,
1596 3422 1657 3483 pro
1684 3422 1726 3468 eo
1754 3409 1848 3485 quod

1046 3502 1192 3563 nondum
1212 3503 1460 3565 ecclesiasticos
1476 3502 1580 3565 libros
1601 3502 1782 3577 habebant,
1808 3506 1849 3567 in

235 3604 353 3665 Fretns
364 3602 485 3664 exinde
497 3600 695 3664 Franciscns
706 3617 851 3678 superna
866 3601 987 3677 gratia,
1046 3598 1165 3675 quibus
1184 3602 1320 3676 possent
1335 3601 1435 3662 horas
1452 3602 1632 3663 canonicas
1646 3601 1845 3664 decanme.

197 3701 230 3760 et
258 3701 456 3762 anctoritate
480 3700 608 3778 Papali,
637 3715 713 3761 cum
739 3698 861 3760 fidncia
886 3698 989 3760 multa
1046 3697 1562 3769 Locotamenillornm,Librum
1577 3700 1687 3760 crucis
1700 3699 1843 3772 Christi,

194 3812 312 3858 versus
326 3797 449 3858 vallem
470 3797 683 3873 Spoletanam
703 3797 769 3858 iter
782 3795 934 3872 arripuit,
951 3796 988 3857 nt
1046 3793 1250 3855 continuatis
1266 3793 1466 3870 aspectibus,
1490 3794 1607 3856 diebus
1627 3811 1669 3858 ac
1683 3796 1844 3858 noctibus

194 3892 412 3967 Evangelinm
427 3891 550 3953 Christi
571 3891 724 3953 iaciendo
743 3891 888 3952 doceret.
904 3892 989 3951 Dum
1045 3890 1282 3964 revolvebant;
1311 3892 1463 3970 exemplo
1491 3892 1596 3969 patris
1630 3908 1671 3954 ac
1703 3894 1844 3971 eloquio

192 3988 358 4049 antemio
380 3989 436 4050 via
461 3989 628 4052 conferret
653 4004 728 4049 cnm
753 3988 865 4059 sociis,
880 3988 990 4065 quali·
1045 3988 1179 4060 eruditi,
1202 3988 1259 4066 qui
1278 3989 1406 4066 jugiter
1432 3989 1576 4051 iaciebat
1598 3990 1648 4050 eis
1669 3990 1709 4052 de
1738 4006 1844 4052 cruce

193 4088 246 4147 ter
277 4086 452 4162 Regulam,
478 4101 577 4162 qnam
604 4087 830 4162 susceperant,
858 4085 989 4147 sincere
1046 4085 1169 4146 Christi
1188 4101 1387 4147 sermonem.
1404 4086 1610 4163 Rogantihns
1633 4088 1745 4149 antem
1766 4087 1846 4150 ira-

192 4185 377 4252 servarent,
402 4184 546 4260 qualiter
569 4183 605 4244 in
632 4183 722 4244 omni
751 4183 928 4244 sanctitate
955 4184 990 4245 et
1044 4183 1162 4255 tribus,
1187 4185 1223 4244 nt
1246 4198 1303 4246 ens
1322 4183 1457 4245 doceret
1479 4199 1588 4257 orare,
1612 4185 1698 4247 dixit
1722 4206 1732 4245 ε
1754 4189 1845 4248 Cure

157 4274 159 4283 ⁴
190 4283 323 4358 justitia
349 4297 461 4345 coram
484 4284 551 4344 Deo
568 4281 771 4352 incederent,
788 4281 931 4358 qualiter
953 4281 989 4341 in
1044 4283 1199 4352 orabitis,
1213 4282 1315 4343 dicite
1330 4282 1464 4343 :Peter
1477 4280 1840 4362 noster(liuc.,11,2),

196 4380 316 4455 seipsis
338 4379 548 4457 proficerent,
567 4378 811 4441 etessentaliis
826 4379 990 4441 inexem·
1044 4380 1078 4439 et
1093 4399 1101 4437 ε
1117 4378 1302 4441 Aderamus
1329 4380 1373 4449 te,
1402 4378 1543 4449 Christe,
1569 4378 1611 4438 ud
1635 4395 1751 4441 omnes
1778 4396 1842 4441 ec-

195 4476 297 4553 plum,
308 4476 433 4538 diutius
444 4478 622 4539 collatione
633 4479 812 4553 protracta,
823 4476 905 4539 hora
917 4492 990 4555 per·
1045 4475 1166 4536 clesias
1190 4477 1276 4548 tuas,
1298 4491 1372 4552 qnae
1396 4475 1529 4537 suntin
1552 4476 1620 4538 toto
1642 4477 1780 4549 mundo,
1807 4483 1845 4541 et

196 4575 364 4636 transivit.
383 4577 421 4637 ut
436 4566 588 4652 cumjam
601 4575 717 4638 lassati
732 4575 988 4639 essentexdin-
1045 4573 1272 4634 benedicimus
1294 4573 1367 4644 tibi,
1397 4573 1476 4650 qnia
1502 4588 1562 4651 per
1590 4590 1723 4636 crucem
1746 4577 1842 4638 tuam

196 4672 989 4750 turnitatelaboris,esurientesinqnodamloco
1045 4673 1194 4733 sanctam
1228 4671 1398 4751 redemisti
1430 4671 1588 4733 mnndum
1616 4669 1686 4750 (2).
1720 4675 1845 4735 Docuit

194 4768 384 4832 solitudinis
411 4769 638 4832 substiterunt.
665 4771 752 4832 Sane
778 4786 853 4830 cum
876 4769 986 4831 omnis
1043 4768 1181 4846 insuper
1205 4784 1263 4829 eos
1277 4768 1452 4833 Dominum
1467 4769 1606 4833 laudare
1621 4770 1656 4829 in
1671 4769 1841 4843 omnibus,

193 4868 250 4931 via
275 4868 417 4939 deesset,
442 4883 505 4946 qua
528 4869 664 4944 possent
685 4866 750 4927 sibi
766 4867 807 4927 de
821 4867 911 4927 victu
923 4881 988 4928 ne·
1044 4869 1143 4929 etex
1175 4864 1328 4927 omnibus
1358 4866 1523 4927 creaturis
1552 4865 1718 4928 honorare
1752 4883 1844 4944 prae-

193 4966 341 5028 cessario
354 4965 541 5043 providere,
558 4967 670 5027 statim
690 4963 796 5025 adluit
809 4962 990 5040 providen-
1044 4960 1141 5039 cipna
1178 4963 1367 5026 reverentia
1402 4964 1603 5036 sacerdotes,
1639 4962 1717 5026 ildei
1753 4982 1844 5043 qno·

191 5063 240 5125 tia
260 5064 329 5124 Dei.
357 5065 443 5124 Nam
463 5063 573 5124 subito
593 5061 749 5139 apparuit
774 5061 873 5123 homo
900 5060 987 5123 affe·
1044 5075 1108 5137 qne
1146 5060 1339 5132 veritatem,
1374 5061 1556 5122 secundnm
1597 5061 1684 5138 quod
1722 5066 1843 5127 sancta

193 5175 272 5221 rens
301 5176 421 5237 panem
450 5161 485 5221 in
513 5175 625 5223 manu.
654 5175 751 5236 quem
775 5158 989 5234 pauperculis
1044 5160 1193 5223 Romana
1206 5158 1296 5219 tenet
1310 5160 1343 5219 et
1356 5157 1453 5219 docet
1472 5158 1633 5231 Ecclesia,
1648 5161 1683 5220 et
1698 5159 1844 5223 tirmiter

194 5257 315 5318 Christi
329 5258 429 5330 dedit,
441 5258 616 5336 subitoque
635 5256 810 5334 disparuit,
830 5254 987 5331 incogni-
1044 5254 1192 5325 credere,
1209 5256 1243 5316 et
1253 5255 1450 5332 simpliciter
1472 5256 1636 5321 confiteri.
1654 5257 1845 5321 servabant

175 5354 246 5431 vtus
275 5355 363 5416 unde
383 5355 538 5428 venierit,
564 5356 622 5416 ant
649 5370 713 5432 qno
737 5354 813 5414 iret.
835 5354 988 5428 Cognos-
1045 5351 1095 5412 illl
1116 5351 1220 5429 patris
1244 5353 1351 5414 sancti
1371 5352 1568 5415 documenta
1585 5368 1645 5430 per
1667 5355 1795 5427 omnia,
1811 5360 1846 5418 et

194 5453 309 5512 centes
341 5455 452 5514 antem
480 5468 540 5530 per
567 5452 631 5515 hoc
665 5465 828 5529 pauperes
868 5450 990 5513 tratres
1045 5448 1086 5511 ad
1107 5449 1411 5521 omuesecclesias,
1432 5452 1613 5521 storacen,
1634 5453 1845 5527 quaselon·

233 5644 274 5717 (l)
290 5647 316 5704 ll
327 5645 403 5716 Coc,
420 5662 447 5702 v.
822 5700 826 5707 „
1082 5642 1122 5717 (t)
1146 5646 1185 5702 Ex
1200 5642 1294 5701 oisscio
1309 5646 1419 5702 invent.
1436 5644 1464 5702 S.
1482 5645 1588 5703 Crucis.
