<?xml version="1.0" encoding="UTF-8"?>
<!DOCTYPE html PUBLIC "-//W3C//DTD XHTML 1.0 Transitional//EN"
    "http://www.w3.org/TR/xhtml1/DTD/xhtml1-transitional.dtd">
<html xmlns="http://www.w3.org/1999/xhtml" xml:lang="en" lang="en">
 <head>
  <title>
</title>
<meta http-equiv="Content-Type" content="text/html;charset=utf-8" />
  <meta name='ocr-system' content='tesseract 3.04.00' />
  <meta name='ocr-capabilities' content='ocr_page ocr_carea ocr_par ocr_line ocrx_word'/>
</head>
<body>
  <div class='ocr_page' id='page_1' title='image "./mediiaevibiblio09bottgoog_0609.png"; bbox 0 0 3950 6200; ppageno 0'>
   <div class='ocr_carea' id='block_1_1' title="bbox 1670 264 1733 326">
    <p class='ocr_par' dir='ltr' id='par_1_1' title="bbox 1670 264 1733 326">
     <span class='ocr_line' id='line_1_1' title="bbox 1670 264 1733 326; baseline 0 0"><span class='ocrx_word' id='word_1_1' title='bbox 1670 264 1733 326; x_wconf 81' lang='lat'>930</span> 
     </span>
    </p>
   </div>
   <div class='ocr_carea' id='block_1_2' title="bbox 470 260 1471 338">
    <p class='ocr_par' dir='ltr' id='par_1_2' title="bbox 470 260 1471 338">
     <span class='ocr_line' id='line_1_2' title="bbox 470 260 1471 338; baseline -0.009 -2"><span class='ocrx_word' id='word_1_2' title='bbox 470 272 578 336; x_wconf 80' lang='lat' dir='ltr'>PARS</span> <span class='ocrx_word' id='word_1_3' title='bbox 606 271 751 338; x_wconf 80' lang='lat' dir='ltr'><strong>PRIMA.</strong></span> <span class='ocrx_word' id='word_1_4' title='bbox 765 303 807 320; x_wconf 90' lang='lat'>-</span> <span class='ocrx_word' id='word_1_5' title='bbox 825 270 1045 335; x_wconf 74' lang='lat' dir='ltr'>nxposnuo</span> <span class='ocrx_word' id='word_1_6' title='bbox 1074 268 1119 332; x_wconf 94' lang='lat' dir='ltr'>IN</span> <span class='ocrx_word' id='word_1_7' title='bbox 1150 267 1354 332; x_wconf 77' lang='lat' dir='ltr'>PSALMOS.</span> <span class='ocrx_word' id='word_1_8' title='bbox 1469 260 1471 262; x_wconf 56' lang='grc'><strong><em>’</em></strong></span> 
     </span>
    </p>
   </div>
   <div class='ocr_carea' id='block_1_3' title="bbox 92 272 148 337">
    <p class='ocr_par' dir='ltr' id='par_1_3' title="bbox 92 272 148 337">
     <span class='ocr_line' id='line_1_3' title="bbox 92 272 148 337; baseline 0 0"><span class='ocrx_word' id='word_1_9' title='bbox 92 272 148 337; x_wconf 69' lang='lat'>929</span> 
     </span>
    </p>
   </div>
   <div class='ocr_carea' id='block_1_4' title="bbox 91 424 1735 696">
    <p class='ocr_par' dir='ltr' id='par_1_4' title="bbox 91 424 1735 696">
     <span class='ocr_line' id='line_1_4' title="bbox 127 424 1732 511; baseline -0.007 -17"><span class='ocrx_word' id='word_1_10' title='bbox 127 430 881 511; x_wconf 72' lang='lat' dir='ltr'>‹contribulasticapitadraoonuminaquis»</span> <span class='ocrx_word' id='word_1_11' title='bbox 935 430 1146 494; x_wconf 81' lang='lat' dir='ltr'>ois:dedistt</span> <span class='ocrx_word' id='word_1_12' title='bbox 1158 444 1239 491; x_wconf 83' lang='lat' dir='ltr'>eum</span> <span class='ocrx_word' id='word_1_13' title='bbox 1249 441 1364 489; x_wconf 78' lang='lat' dir='ltr'>cecam</span> <span class='ocrx_word' id='word_1_14' title='bbox 1371 426 1507 501; x_wconf 82' lang='lat' dir='ltr'>populis</span> <span class='ocrx_word' id='word_1_15' title='bbox 1517 424 1732 498; x_wconf 80' lang='lat' dir='ltr'>AEthtopum.</span> 
     </span>
     <span class='ocr_line' id='line_1_5' title="bbox 91 518 1732 607; baseline -0.007 -15"><span class='ocrx_word' id='word_1_16' title='bbox 91 529 336 592; x_wconf 88' lang='lat' dir='ltr'>immundorum</span> <span class='ocrx_word' id='word_1_17' title='bbox 351 530 551 607; x_wconf 68' lang='lat' dir='ltr'>spirituum3&#39;</span> <span class='ocrx_word' id='word_1_18' title='bbox 561 531 595 592; x_wconf 95' lang='lat' dir='ltr'>et</span> <span class='ocrx_word' id='word_1_19' title='bbox 608 529 780 606; x_wconf 80' lang='lat' dir='ltr'>eleganter</span> <span class='ocrx_word' id='word_1_20' title='bbox 797 529 882 591; x_wconf 90' lang='lat' dir='ltr'>dici·</span> <span class='ocrx_word' id='word_1_21' title='bbox 935 530 1006 589; x_wconf 88' lang='lat' dir='ltr'>Hoc</span> <span class='ocrx_word' id='word_1_22' title='bbox 1020 527 1085 589; x_wconf 89' lang='lat' dir='ltr'>erit</span> <span class='ocrx_word' id='word_1_23' title='bbox 1103 527 1139 587; x_wconf 92' lang='lat' dir='ltr'>in</span> <span class='ocrx_word' id='word_1_24' title='bbox 1161 526 1215 587; x_wconf 92' lang='lat' dir='ltr'>die</span> <span class='ocrx_word' id='word_1_25' title='bbox 1226 523 1361 601; x_wconf 84' lang='lat' dir='ltr'>jndicii3</span> <span class='ocrx_word' id='word_1_26' title='bbox 1378 523 1467 584; x_wconf 90' lang='lat' dir='ltr'>unde</span> <span class='ocrx_word' id='word_1_27' title='bbox 1489 522 1584 584; x_wconf 85' lang='lat' dir='ltr'>Isaiae</span> <span class='ocrx_word' id='word_1_28' title='bbox 1599 518 1732 600; x_wconf 82' lang='lat'>(27,1):</span> 
     </span>
     <span class='ocr_line' id='line_1_6' title="bbox 92 618 1735 696; baseline -0.007 -7"><span class='ocrx_word' id='word_1_29' title='bbox 92 628 154 696; x_wconf 85' lang='lat' dir='ltr'>tur,</span> <span class='ocrx_word' id='word_1_30' title='bbox 166 625 417 689; x_wconf 79' lang='lat' dir='ltr'>coritrtbutocti.</span> <span class='ocrx_word' id='word_1_31' title='bbox 438 627 612 688; x_wconf 89' lang='lat' dir='ltr'>Tribulato</span> <span class='ocrx_word' id='word_1_32' title='bbox 634 627 723 687; x_wconf 89' lang='lat' dir='ltr'>enim</span> <span class='ocrx_word' id='word_1_33' title='bbox 747 627 882 688; x_wconf 88' lang='lat' dir='ltr'>homine</span> <span class='ocrx_word' id='word_1_34' title='bbox 936 627 1007 686; x_wconf 84' lang='lat' dir='ltr'>«ln</span> <span class='ocrx_word' id='word_1_35' title='bbox 1019 623 1074 686; x_wconf 90' lang='lat' dir='ltr'>die</span> <span class='ocrx_word' id='word_1_36' title='bbox 1086 623 1144 685; x_wconf 90' lang='lat' dir='ltr'>illa</span> <span class='ocrx_word' id='word_1_37' title='bbox 1160 621 1310 684; x_wconf 88' lang='lat' dir='ltr'>visitabit</span> <span class='ocrx_word' id='word_1_38' title='bbox 1323 621 1483 683; x_wconf 83' lang='lat' dir='ltr'><strong>Dominus</strong></span> <span class='ocrx_word' id='word_1_39' title='bbox 1499 619 1533 680; x_wconf 92' lang='lat' dir='ltr'>in</span> <span class='ocrx_word' id='word_1_40' title='bbox 1548 618 1660 696; x_wconf 85' lang='lat' dir='ltr'>gladio</span> <span class='ocrx_word' id='word_1_41' title='bbox 1675 634 1735 679; x_wconf 92' lang='lat' dir='ltr'>suo</span> 
     </span>
    </p>
   </div>
   <div class='ocr_carea' id='block_1_5' title="bbox 90 711 1951 803">
    <p class='ocr_par' dir='ltr' id='par_1_5' title="bbox 90 711 1951 803">
     <span class='ocr_line' id='line_1_7' title="bbox 90 711 1951 803; baseline -0.006 -18"><span class='ocrx_word' id='word_1_42' title='bbox 90 740 146 803; x_wconf 92' lang='lat' dir='ltr'>per</span> <span class='ocrx_word' id='word_1_43' title='bbox 172 724 329 801; x_wconf 88' lang='lat' dir='ltr'>spiritum</span> <span class='ocrx_word' id='word_1_44' title='bbox 344 724 556 786; x_wconf 87' lang='lat' dir='ltr'>contritionis</span> <span class='ocrx_word' id='word_1_45' title='bbox 569 739 629 800; x_wconf 91' lang='lat' dir='ltr'>pro</span> <span class='ocrx_word' id='word_1_46' title='bbox 643 722 881 785; x_wconf 88' lang='lat' dir='ltr'>delectationi·</span> <span class='ocrx_word' id='word_1_47' title='bbox 936 721 1032 792; x_wconf 87' lang='lat' dir='ltr'>duro,</span> <span class='ocrx_word' id='word_1_48' title='bbox 1050 719 1181 797; x_wconf 90' lang='lat' dir='ltr'>grandi,</span> <span class='ocrx_word' id='word_1_49' title='bbox 1197 721 1231 782; x_wconf 91' lang='lat' dir='ltr'>et</span> <span class='ocrx_word' id='word_1_50' title='bbox 1249 718 1339 793; x_wconf 87' lang='lat' dir='ltr'>lorti,</span> <span class='ocrx_word' id='word_1_51' title='bbox 1353 733 1453 795; x_wconf 90' lang='lat' dir='ltr'>super</span> <span class='ocrx_word' id='word_1_52' title='bbox 1468 717 1652 779; x_wconf 88' lang='lat' dir='ltr'>Leviathau</span> <span class='ocrx_word' id='word_1_53' title='bbox 1669 730 1738 777; x_wconf 89' lang='lat' dir='ltr'>ser·</span> <span class='ocrx_word' id='word_1_54' title='bbox 1848 785 1853 794; x_wconf 41' lang='grc'><em>,</em></span> <span class='ocrx_word' id='word_1_55' title='bbox 1950 711 1951 774; x_wconf 74' lang='lat' dir='ltr'>J</span> 
     </span>
    </p>
   </div>
   <div class='ocr_carea' id='block_1_6' title="bbox 91 815 1737 1284">
    <p class='ocr_par' dir='ltr' id='par_1_6' title="bbox 91 815 1737 1284">
     <span class='ocr_line' id='line_1_8' title="bbox 92 815 1737 898; baseline -0.004 -19"><span class='ocrx_word' id='word_1_56' title='bbox 92 820 162 891; x_wconf 90' lang='lat' dir='ltr'>bus,</span> <span class='ocrx_word' id='word_1_57' title='bbox 179 835 264 898; x_wconf 89' lang='lat' dir='ltr'>quas</span> <span class='ocrx_word' id='word_1_58' title='bbox 287 819 415 892; x_wconf 91' lang='lat' dir='ltr'>habuit,</span> <span class='ocrx_word' id='word_1_59' title='bbox 431 820 637 881; x_wconf 78' lang='lat' dir='ltr'><strong>tribulantur</strong></span> <span class='ocrx_word' id='word_1_60' title='bbox 660 822 694 880; x_wconf 91' lang='lat' dir='ltr'>et</span> <span class='ocrx_word' id='word_1_61' title='bbox 708 819 881 890; x_wconf 83' lang='lat' dir='ltr'>dracones,</span> <span class='ocrx_word' id='word_1_62' title='bbox 938 821 1069 896; x_wconf 89' lang='lat' dir='ltr'>pentem</span> <span class='ocrx_word' id='word_1_63' title='bbox 1079 820 1218 890; x_wconf 89' lang='lat' dir='ltr'>vectem,</span> <span class='ocrx_word' id='word_1_64' title='bbox 1231 818 1264 879; x_wconf 93' lang='lat' dir='ltr'>et</span> <span class='ocrx_word' id='word_1_65' title='bbox 1285 832 1385 893; x_wconf 90' lang='lat' dir='ltr'>super</span> <span class='ocrx_word' id='word_1_66' title='bbox 1402 815 1587 878; x_wconf 86' lang='lat' dir='ltr'>Leviathan</span> <span class='ocrx_word' id='word_1_67' title='bbox 1602 827 1737 889; x_wconf 91' lang='lat' dir='ltr'>serpen·</span> 
     </span>
     <span class='ocr_line' id='line_1_9' title="bbox 91 909 1737 981; baseline -0.004 -4"><span class='ocrx_word' id='word_1_68' title='bbox 91 917 218 978; x_wconf 86' lang='lat' dir='ltr'>scilicet</span> <span class='ocrx_word' id='word_1_69' title='bbox 232 916 401 978; x_wconf 88' lang='lat' dir='ltr'>daemones</span> <span class='ocrx_word' id='word_1_70' title='bbox 412 917 514 979; x_wconf 89' lang='lat' dir='ltr'>saluti</span> <span class='ocrx_word' id='word_1_71' title='bbox 534 916 708 978; x_wconf 89' lang='lat' dir='ltr'>hominum</span> <span class='ocrx_word' id='word_1_72' title='bbox 724 915 882 977; x_wconf 89' lang='lat' dir='ltr'>invideo·</span> <span class='ocrx_word' id='word_1_73' title='bbox 939 917 1003 978; x_wconf 90' lang='lat' dir='ltr'>tem</span> <span class='ocrx_word' id='word_1_74' title='bbox 1019 918 1216 978; x_wconf 87' lang='lat' dir='ltr'>tortuosum.</span> <span class='ocrx_word' id='word_1_75' title='bbox 1231 913 1374 975; x_wconf 76' lang='lat' dir='ltr'>»Indie</span> <span class='ocrx_word' id='word_1_76' title='bbox 1396 912 1455 973; x_wconf 88' lang='lat' dir='ltr'>illa</span> <span class='ocrx_word' id='word_1_77' title='bbox 1470 911 1633 981; x_wconf 81' lang='lat' dir='ltr'>visitabit,</span> <span class='ocrx_word' id='word_1_78' title='bbox 1649 909 1737 971; x_wconf 89' lang='lat' dir='ltr'>idest</span> 
     </span>
     <span class='ocr_line' id='line_1_10' title="bbox 91 1009 1735 1091; baseline -0.005 -17"><span class='ocrx_word' id='word_1_79' title='bbox 91 1013 149 1085; x_wconf 89' lang='lat' dir='ltr'>tes,</span> <span class='ocrx_word' id='word_1_80' title='bbox 159 1012 217 1091; x_wconf 88' lang='lat' dir='ltr'>qui</span> <span class='ocrx_word' id='word_1_81' title='bbox 226 1013 416 1089; x_wconf 69' lang='lat' dir='ltr'>priostum</span> <span class='ocrx_word' id='word_1_82' title='bbox 427 1012 661 1086; x_wconf 88' lang='lat' dir='ltr'>delectaretur,</span> <span class='ocrx_word' id='word_1_83' title='bbox 673 1011 885 1074; x_wconf 88' lang='lat' dir='ltr'>delectabun·</span> <span class='ocrx_word' id='word_1_84' title='bbox 938 1013 1181 1075; x_wconf 80' lang='lat' dir='ltr'>animadvertet</span> <span class='ocrx_word' id='word_1_85' title='bbox 1194 1014 1363 1075; x_wconf 79' lang='lat' dir='ltr'>Dominus</span> <span class='ocrx_word' id='word_1_86' title='bbox 1374 1014 1412 1072; x_wconf 83' lang='lat' dir='ltr'>to</span> <span class='ocrx_word' id='word_1_87' title='bbox 1425 1009 1613 1086; x_wconf 58' lang='lat' dir='ltr'>pinoteren</span> <span class='ocrx_word' id='word_1_88' title='bbox 1625 1012 1735 1070; x_wconf 80' lang='lat' dir='ltr'>duro:</span> 
     </span>
     <span class='ocr_line' id='line_1_11' title="bbox 92 1105 1735 1187; baseline -0.004 -14"><span class='ocrx_word' id='word_1_89' title='bbox 92 1112 155 1173; x_wconf 86' lang='lat' dir='ltr'>tur.</span> <span class='ocrx_word' id='word_1_90' title='bbox 167 1108 231 1171; x_wconf 89' lang='lat' dir='ltr'>Vel</span> <span class='ocrx_word' id='word_1_91' title='bbox 249 1130 259 1169; x_wconf 73' lang='lat' dir='ltr'>s</span> <span class='ocrx_word' id='word_1_92' title='bbox 275 1109 544 1172; x_wconf 74' lang='lat' dir='ltr'>«contribulasti</span> <span class='ocrx_word' id='word_1_93' title='bbox 569 1109 680 1186; x_wconf 86' lang='lat' dir='ltr'>capita</span> <span class='ocrx_word' id='word_1_94' title='bbox 702 1110 884 1171; x_wconf 84' lang='lat' dir='ltr'>draconum</span> <span class='ocrx_word' id='word_1_95' title='bbox 939 1109 1077 1172; x_wconf 81' lang='lat' dir='ltr'>Gladius</span> <span class='ocrx_word' id='word_1_96' title='bbox 1088 1109 1192 1171; x_wconf 89' lang='lat' dir='ltr'>durus</span> <span class='ocrx_word' id='word_1_97' title='bbox 1207 1110 1343 1187; x_wconf 85' lang='lat' dir='ltr'>propter</span> <span class='ocrx_word' id='word_1_98' title='bbox 1357 1107 1532 1181; x_wconf 70' lang='lat' dir='ltr'>saniliare,</span> <span class='ocrx_word' id='word_1_99' title='bbox 1546 1121 1646 1184; x_wconf 91' lang='lat' dir='ltr'>quam</span> <span class='ocrx_word' id='word_1_100' title='bbox 1667 1105 1735 1166; x_wconf 94' lang='lat' dir='ltr'>im-</span> 
     </span>
     <span class='ocr_line' id='line_1_12' title="bbox 92 1202 1736 1284; baseline -0.003 -16"><span class='ocrx_word' id='word_1_101' title='bbox 92 1207 246 1284; x_wconf 87' lang='lat' dir='ltr'>inaquis.</span> <span class='ocrx_word' id='word_1_102' title='bbox 269 1209 405 1283; x_wconf 80' lang='lat' dir='ltr'>»Aquae</span> <span class='ocrx_word' id='word_1_103' title='bbox 427 1209 504 1268; x_wconf 91' lang='lat' dir='ltr'>sunt</span> <span class='ocrx_word' id='word_1_104' title='bbox 526 1207 763 1270; x_wconf 86' lang='lat' dir='ltr'>delectationes</span> <span class='ocrx_word' id='word_1_105' title='bbox 777 1221 886 1268; x_wconf 88' lang='lat' dir='ltr'>saecu·</span> <span class='ocrx_word' id='word_1_106' title='bbox 939 1206 986 1284; x_wconf 90' lang='lat' dir='ltr'>pii</span> <span class='ocrx_word' id='word_1_107' title='bbox 1000 1206 1144 1268; x_wconf 87' lang='lat' dir='ltr'>tolerare</span> <span class='ocrx_word' id='word_1_108' title='bbox 1157 1207 1359 1283; x_wconf 87' lang='lat' dir='ltr'>nequibuut;</span> <span class='ocrx_word' id='word_1_109' title='bbox 1380 1204 1535 1281; x_wconf 87' lang='lat' dir='ltr'>grandis,</span> <span class='ocrx_word' id='word_1_110' title='bbox 1552 1204 1632 1282; x_wconf 92' lang='lat' dir='ltr'>quia</span> <span class='ocrx_word' id='word_1_111' title='bbox 1651 1202 1736 1263; x_wconf 89' lang='lat' dir='ltr'>nulli</span> 
     </span>
    </p>
   </div>
   <div class='ocr_carea' id='block_1_7' title="bbox 92 1302 892 2548">
    <p class='ocr_par' dir='ltr' id='par_1_7' title="bbox 92 1302 892 2548">
     <span class='ocr_line' id='line_1_13' title="bbox 92 1302 884 1383; baseline -0.004 -17"><span class='ocrx_word' id='word_1_112' title='bbox 92 1304 193 1378; x_wconf 90' lang='lat' dir='ltr'>lares,</span> <span class='ocrx_word' id='word_1_113' title='bbox 208 1304 245 1364; x_wconf 90' lang='lat' dir='ltr'>in</span> <span class='ocrx_word' id='word_1_114' title='bbox 259 1302 379 1383; x_wconf 89' lang='lat' dir='ltr'>quibus</span> <span class='ocrx_word' id='word_1_115' title='bbox 392 1303 491 1365; x_wconf 91' lang='lat' dir='ltr'>homo</span> <span class='ocrx_word' id='word_1_116' title='bbox 505 1319 567 1381; x_wconf 92' lang='lat' dir='ltr'>per</span> <span class='ocrx_word' id='word_1_117' title='bbox 580 1304 808 1380; x_wconf 78' lang='lat' dir='ltr'>poenitentiam</span> <span class='ocrx_word' id='word_1_118' title='bbox 820 1304 884 1367; x_wconf 90' lang='lat' dir='ltr'>tri-</span> 
     </span>
     <span class='ocr_line' id='line_1_14' title="bbox 92 1399 884 1479; baseline 0.001 -17"><span class='ocrx_word' id='word_1_119' title='bbox 92 1401 238 1476; x_wconf 88' lang='lat' dir='ltr'>bulatur,</span> <span class='ocrx_word' id='word_1_120' title='bbox 254 1400 435 1462; x_wconf 84' lang='lat' dir='ltr'>tribulatur</span> <span class='ocrx_word' id='word_1_121' title='bbox 462 1399 616 1462; x_wconf 89' lang='lat' dir='ltr'>diabolus</span> <span class='ocrx_word' id='word_1_122' title='bbox 637 1418 697 1479; x_wconf 91' lang='lat' dir='ltr'>per</span> <span class='ocrx_word' id='word_1_123' title='bbox 723 1402 884 1464; x_wconf 88' lang='lat' dir='ltr'>amissio·</span> 
     </span>
     <span class='ocr_line' id='line_1_15' title="bbox 93 1495 887 1578; baseline 0 -18"><span class='ocrx_word' id='word_1_124' title='bbox 93 1514 180 1560; x_wconf 89' lang='lat' dir='ltr'>nem.</span> <span class='ocrx_word' id='word_1_125' title='bbox 199 1498 293 1560; x_wconf 90' lang='lat' dir='ltr'>Unde</span> <span class='ocrx_word' id='word_1_126' title='bbox 315 1495 500 1558; x_wconf 86' lang='lat' dir='ltr'>Ezechielis</span> <span class='ocrx_word' id='word_1_127' title='bbox 516 1496 582 1576; x_wconf 80' lang='lat'>(29,</span> <span class='ocrx_word' id='word_1_128' title='bbox 603 1500 624 1559; x_wconf 90' lang='lat'><strong>3</strong></span> <span class='ocrx_word' id='word_1_129' title='bbox 640 1498 682 1560; x_wconf 86' lang='lat' dir='ltr'>ad</span> <span class='ocrx_word' id='word_1_130' title='bbox 697 1497 731 1578; x_wconf 88' lang='grc'>5)</span> <span class='ocrx_word' id='word_1_131' title='bbox 745 1520 754 1559; x_wconf 76' lang='lat' dir='ltr'>z</span> <span class='ocrx_word' id='word_1_132' title='bbox 768 1515 787 1560; x_wconf 72' lang='lat' dir='ltr'>u</span> <span class='ocrx_word' id='word_1_133' title='bbox 801 1502 887 1560; x_wconf 87' lang='lat' dir='ltr'>Ecce</span> 
     </span>
     <span class='ocr_line' id='line_1_16' title="bbox 95 1594 887 1672; baseline -0.001 -15"><span class='ocrx_word' id='word_1_134' title='bbox 95 1610 155 1672; x_wconf 86' lang='lat' dir='ltr'>ego</span> <span class='ocrx_word' id='word_1_135' title='bbox 169 1594 213 1657; x_wconf 85' lang='lat' dir='ltr'>ad</span> <span class='ocrx_word' id='word_1_136' title='bbox 231 1596 276 1670; x_wconf 86' lang='lat' dir='ltr'>ta,</span> <span class='ocrx_word' id='word_1_137' title='bbox 292 1595 425 1657; x_wconf 87' lang='lat' dir='ltr'>Pharao</span> <span class='ocrx_word' id='word_1_138' title='bbox 439 1609 502 1657; x_wconf 87' lang='lat' dir='ltr'>rex</span> <span class='ocrx_word' id='word_1_139' title='bbox 526 1595 675 1672; x_wconf 82' lang='lat' dir='ltr'>AEgypti,</span> <span class='ocrx_word' id='word_1_140' title='bbox 698 1596 799 1657; x_wconf 89' lang='lat' dir='ltr'>draco</span> <span class='ocrx_word' id='word_1_141' title='bbox 814 1610 887 1656; x_wconf 91' lang='lat' dir='ltr'>ma·</span> 
     </span>
     <span class='ocr_line' id='line_1_17' title="bbox 94 1691 886 1770; baseline -0.001 -16"><span class='ocrx_word' id='word_1_142' title='bbox 94 1708 169 1769; x_wconf 85' lang='lat' dir='ltr'>goe,</span> <span class='ocrx_word' id='word_1_143' title='bbox 187 1691 244 1770; x_wconf 90' lang='lat' dir='ltr'>qui</span> <span class='ocrx_word' id='word_1_144' title='bbox 258 1691 372 1762; x_wconf 89' lang='lat' dir='ltr'>cubas,</span> <span class='ocrx_word' id='word_1_145' title='bbox 394 1692 448 1754; x_wconf 90' lang='lat' dir='ltr'>vel</span> <span class='ocrx_word' id='word_1_146' title='bbox 463 1692 607 1754; x_wconf 86' lang='lat' dir='ltr'>accubas</span> <span class='ocrx_word' id='word_1_147' title='bbox 624 1692 659 1753; x_wconf 91' lang='lat' dir='ltr'>in</span> <span class='ocrx_word' id='word_1_148' title='bbox 684 1692 793 1754; x_wconf 91' lang='lat' dir='ltr'>medio</span> <span class='ocrx_word' id='word_1_149' title='bbox 817 1693 886 1754; x_wconf 85' lang='lat' dir='ltr'>hu-</span> 
     </span>
     <span class='ocr_line' id='line_1_18' title="bbox 95 1789 884 1862; baseline -0.001 -11"><span class='ocrx_word' id='word_1_150' title='bbox 95 1790 222 1851; x_wconf 89' lang='lat' dir='ltr'>miuum</span> <span class='ocrx_word' id='word_1_151' title='bbox 237 1790 382 1862; x_wconf 90' lang='lat' dir='ltr'>tuorum,</span> <span class='ocrx_word' id='word_1_152' title='bbox 398 1790 432 1852; x_wconf 89' lang='lat' dir='ltr'>et</span> <span class='ocrx_word' id='word_1_153' title='bbox 445 1789 550 1852; x_wconf 75' lang='lat' dir='ltr'>dioisz</span> <span class='ocrx_word' id='word_1_154' title='bbox 567 1792 662 1851; x_wconf 89' lang='lat' dir='ltr'>Meus</span> <span class='ocrx_word' id='word_1_155' title='bbox 685 1791 736 1850; x_wconf 92' lang='lat' dir='ltr'>est</span> <span class='ocrx_word' id='word_1_156' title='bbox 752 1789 884 1850; x_wconf 85' lang='lat' dir='ltr'>fluvius.</span> 
     </span>
     <span class='ocr_line' id='line_1_19' title="bbox 96 1887 886 1960; baseline -0.001 -12"><span class='ocrx_word' id='word_1_157' title='bbox 96 1887 280 1948; x_wconf 82' lang='lat' dir='ltr'>Extraham</span> <span class='ocrx_word' id='word_1_158' title='bbox 303 1888 337 1948; x_wconf 92' lang='lat' dir='ltr'>te</span> <span class='ocrx_word' id='word_1_159' title='bbox 362 1887 403 1949; x_wconf 91' lang='lat' dir='ltr'>de</span> <span class='ocrx_word' id='word_1_160' title='bbox 431 1887 540 1949; x_wconf 92' lang='lat' dir='ltr'>medio</span> <span class='ocrx_word' id='word_1_161' title='bbox 554 1887 728 1947; x_wconf 86' lang='lat' dir='ltr'>fluminum</span> <span class='ocrx_word' id='word_1_162' title='bbox 741 1889 886 1960; x_wconf 88' lang='lat' dir='ltr'>tuorum,</span> 
     </span>
     <span class='ocr_line' id='line_1_20' title="bbox 98 1984 890 2062; baseline 0 -16"><span class='ocrx_word' id='word_1_163' title='bbox 98 1986 131 2046; x_wconf 88' lang='lat' dir='ltr'>et</span> <span class='ocrx_word' id='word_1_164' title='bbox 139 1984 292 2046; x_wconf 88' lang='lat' dir='ltr'>universi</span> <span class='ocrx_word' id='word_1_165' title='bbox 315 1984 424 2062; x_wconf 87' lang='lat' dir='ltr'>pisces</span> <span class='ocrx_word' id='word_1_166' title='bbox 438 1985 486 2045; x_wconf 91' lang='lat' dir='ltr'>tui</span> <span class='ocrx_word' id='word_1_167' title='bbox 501 1985 649 2062; x_wconf 88' lang='lat' dir='ltr'>squamis</span> <span class='ocrx_word' id='word_1_168' title='bbox 659 1985 725 2047; x_wconf 91' lang='lat' dir='ltr'>tuis</span> <span class='ocrx_word' id='word_1_169' title='bbox 736 1984 890 2046; x_wconf 82' lang='lat' dir='ltr'>adhaere-</span> 
     </span>
     <span class='ocr_line' id='line_1_21' title="bbox 95 2080 888 2159; baseline 0 -17"><span class='ocrx_word' id='word_1_170' title='bbox 95 2080 194 2156; x_wconf 90' lang='lat' dir='ltr'>bunt;</span> <span class='ocrx_word' id='word_1_171' title='bbox 209 2082 243 2144; x_wconf 89' lang='lat' dir='ltr'>et</span> <span class='ocrx_word' id='word_1_172' title='bbox 254 2081 428 2159; x_wconf 89' lang='lat' dir='ltr'>projiciam</span> <span class='ocrx_word' id='word_1_173' title='bbox 441 2084 475 2144; x_wconf 93' lang='lat' dir='ltr'>te</span> <span class='ocrx_word' id='word_1_174' title='bbox 488 2082 522 2142; x_wconf 90' lang='lat' dir='ltr'>in</span> <span class='ocrx_word' id='word_1_175' title='bbox 537 2082 717 2156; x_wconf 86' lang='lat' dir='ltr'>desertum,</span> <span class='ocrx_word' id='word_1_176' title='bbox 730 2083 763 2143; x_wconf 92' lang='lat' dir='ltr'>et</span> <span class='ocrx_word' id='word_1_177' title='bbox 773 2097 888 2143; x_wconf 88' lang='lat' dir='ltr'>omnes</span> 
     </span>
     <span class='ocr_line' id='line_1_22' title="bbox 98 2177 887 2257; baseline 0 -18"><span class='ocrx_word' id='word_1_178' title='bbox 98 2178 208 2256; x_wconf 85' lang='lat' dir='ltr'>pisces</span> <span class='ocrx_word' id='word_1_179' title='bbox 221 2177 315 2239; x_wconf 85' lang='lat' dir='ltr'>fluvii</span> <span class='ocrx_word' id='word_1_180' title='bbox 336 2177 383 2257; x_wconf 90' lang='lat'>(1)</span> <span class='ocrx_word' id='word_1_181' title='bbox 399 2179 491 2240; x_wconf 80' lang='lat' dir='ltr'>tui.»</span> <span class='ocrx_word' id='word_1_182' title='bbox 507 2179 639 2240; x_wconf 87' lang='lat' dir='ltr'>Pharao</span> <span class='ocrx_word' id='word_1_183' title='bbox 652 2181 704 2241; x_wconf 92' lang='lat' dir='ltr'>est</span> <span class='ocrx_word' id='word_1_184' title='bbox 720 2177 887 2251; x_wconf 92' lang='lat' dir='ltr'>diabolus,</span> 
     </span>
     <span class='ocr_line' id='line_1_23' title="bbox 98 2275 892 2353; baseline -0.001 -15"><span class='ocrx_word' id='word_1_185' title='bbox 98 2292 160 2339; x_wconf 85' lang='lat' dir='ltr'>rex</span> <span class='ocrx_word' id='word_1_186' title='bbox 187 2275 339 2353; x_wconf 84' lang='lat' dir='ltr'>AEgypti,</span> <span class='ocrx_word' id='word_1_187' title='bbox 370 2275 457 2337; x_wconf 89' lang='lat' dir='ltr'>idest</span> <span class='ocrx_word' id='word_1_188' title='bbox 485 2275 700 2337; x_wconf 84' lang='lat' dir='ltr'>infernalium</span> <span class='ocrx_word' id='word_1_189' title='bbox 727 2275 892 2338; x_wconf 91' lang='lat' dir='ltr'>tenebra-</span> 
     </span>
     <span class='ocr_line' id='line_1_24' title="bbox 96 2373 888 2451; baseline 0.001 -17"><span class='ocrx_word' id='word_1_190' title='bbox 96 2389 183 2434; x_wconf 90' lang='lat' dir='ltr'>rum.</span> <span class='ocrx_word' id='word_1_191' title='bbox 198 2374 364 2450; x_wconf 82' lang='lat' dir='ltr'>AEgyptus</span> <span class='ocrx_word' id='word_1_192' title='bbox 374 2374 463 2434; x_wconf 91' lang='lat' dir='ltr'>enim</span> <span class='ocrx_word' id='word_1_193' title='bbox 477 2374 719 2451; x_wconf 86' lang='lat' dir='ltr'>interpretatur</span> <span class='ocrx_word' id='word_1_194' title='bbox 729 2373 888 2446; x_wconf 86' lang='lat' dir='ltr'>tenebrae,</span> 
     </span>
     <span class='ocr_line' id='line_1_25' title="bbox 97 2468 888 2548; baseline 0 -16"><span class='ocrx_word' id='word_1_195' title='bbox 97 2486 170 2548; x_wconf 76' lang='lat' dir='ltr'>quae</span> <span class='ocrx_word' id='word_1_196' title='bbox 197 2470 264 2531; x_wconf 91' lang='lat' dir='ltr'>alio</span> <span class='ocrx_word' id='word_1_197' title='bbox 292 2468 428 2531; x_wconf 91' lang='lat' dir='ltr'>nomine</span> <span class='ocrx_word' id='word_1_198' title='bbox 456 2469 612 2532; x_wconf 89' lang='lat' dir='ltr'>hebraice</span> <span class='ocrx_word' id='word_1_199' title='bbox 634 2471 756 2533; x_wconf 89' lang='lat' dir='ltr'>dicitur</span> <span class='ocrx_word' id='word_1_200' title='bbox 776 2474 888 2543; x_wconf 81' lang='lat' dir='ltr'>Romi,</span> 
     </span>
    </p>
   </div>
   <div class='ocr_carea' id='block_1_8' title="bbox 939 1301 1761 2550">
    <p class='ocr_par' dir='ltr' id='par_1_8' title="bbox 939 1301 1761 2550">
     <span class='ocr_line' id='line_1_26' title="bbox 939 1301 1738 1379; baseline -0.008 -14"><span class='ocrx_word' id='word_1_201' title='bbox 939 1303 1088 1379; x_wconf 82' lang='lat' dir='ltr'>effugere</span> <span class='ocrx_word' id='word_1_202' title='bbox 1113 1305 1289 1379; x_wconf 89' lang='lat' dir='ltr'>poterunt;</span> <span class='ocrx_word' id='word_1_203' title='bbox 1305 1302 1413 1373; x_wconf 83' lang='lat' dir='ltr'>sortis,</span> <span class='ocrx_word' id='word_1_204' title='bbox 1430 1301 1510 1379; x_wconf 87' lang='lat' dir='ltr'>quia</span> <span class='ocrx_word' id='word_1_205' title='bbox 1529 1301 1642 1364; x_wconf 89' lang='lat' dir='ltr'>nullus</span> <span class='ocrx_word' id='word_1_206' title='bbox 1658 1315 1738 1361; x_wconf 87' lang='lat' dir='ltr'>sus·</span> 
     </span>
     <span class='ocr_line' id='line_1_27' title="bbox 939 1399 1761 1480; baseline -0.006 -17"><span class='ocrx_word' id='word_1_207' title='bbox 939 1400 1047 1463; x_wconf 91' lang='lat' dir='ltr'>tinere</span> <span class='ocrx_word' id='word_1_208' title='bbox 1061 1401 1194 1480; x_wconf 88' lang='lat' dir='ltr'>poterit,</span> <span class='ocrx_word' id='word_1_209' title='bbox 1211 1416 1273 1462; x_wconf 90' lang='lat' dir='ltr'>uec</span> <span class='ocrx_word' id='word_1_210' title='bbox 1293 1400 1344 1461; x_wconf 88' lang='lat' dir='ltr'>illi</span> <span class='ocrx_word' id='word_1_211' title='bbox 1359 1399 1528 1461; x_wconf 89' lang='lat' dir='ltr'>resistere.</span> <span class='ocrx_word' id='word_1_212' title='bbox 1544 1401 1657 1473; x_wconf 81' lang='lat' dir='ltr'>Super</span> <span class='ocrx_word' id='word_1_213' title='bbox 1673 1401 1761 1461; x_wconf 75' lang='lat' dir='ltr'>Le-.·</span> 
     </span>
     <span class='ocr_line' id='line_1_28' title="bbox 939 1494 1738 1575; baseline -0.006 -16"><span class='ocrx_word' id='word_1_214' title='bbox 939 1500 1096 1570; x_wconf 79' lang='lat' dir='ltr'>aiathuri,</span> <span class='ocrx_word' id='word_1_215' title='bbox 1113 1498 1200 1575; x_wconf 90' lang='lat' dir='ltr'>quod</span> <span class='ocrx_word' id='word_1_216' title='bbox 1217 1497 1456 1575; x_wconf 88' lang='lat' dir='ltr'>iuterpretatur</span> <span class='ocrx_word' id='word_1_217' title='bbox 1476 1494 1738 1558; x_wconf 89' lang='lat' dir='ltr'>additamentum</span> 
     </span>
     <span class='ocr_line' id='line_1_29' title="bbox 940 1591 1739 1673; baseline -0.008 -15"><span class='ocrx_word' id='word_1_218' title='bbox 940 1611 1074 1667; x_wconf 90' lang='lat' dir='ltr'>eorum,</span> <span class='ocrx_word' id='word_1_219' title='bbox 1100 1595 1179 1673; x_wconf 90' lang='lat' dir='ltr'>quia</span> <span class='ocrx_word' id='word_1_220' title='bbox 1199 1597 1375 1673; x_wconf 89' lang='lat' dir='ltr'>postquam</span> <span class='ocrx_word' id='word_1_221' title='bbox 1399 1593 1517 1672; x_wconf 92' lang='lat' dir='ltr'>primis</span> <span class='ocrx_word' id='word_1_222' title='bbox 1545 1591 1739 1669; x_wconf 87' lang='lat' dir='ltr'>parentibus</span> 
     </span>
     <span class='ocr_line' id='line_1_30' title="bbox 941 1690 1739 1770; baseline -0.005 -16"><span class='ocrx_word' id='word_1_223' title='bbox 941 1693 1073 1770; x_wconf 91' lang='lat' dir='ltr'>culpam</span> <span class='ocrx_word' id='word_1_224' title='bbox 1087 1693 1175 1754; x_wconf 89' lang='lat' dir='ltr'>mala</span> <span class='ocrx_word' id='word_1_225' title='bbox 1190 1692 1403 1769; x_wconf 81' lang='lat' dir='ltr'>suggestione</span> <span class='ocrx_word' id='word_1_226' title='bbox 1413 1691 1537 1765; x_wconf 89' lang='lat' dir='ltr'>intulit,</span> <span class='ocrx_word' id='word_1_227' title='bbox 1551 1690 1638 1752; x_wconf 89' lang='lat' dir='ltr'>hanc</span> <span class='ocrx_word' id='word_1_228' title='bbox 1656 1704 1739 1766; x_wconf 85' lang='lat' dir='ltr'>gra-</span> 
     </span>
     <span class='ocr_line' id='line_1_31' title="bbox 940 1789 1739 1867; baseline -0.005 -15"><span class='ocrx_word' id='word_1_229' title='bbox 940 1791 1028 1854; x_wconf 90' lang='lat' dir='ltr'>viori</span> <span class='ocrx_word' id='word_1_230' title='bbox 1039 1791 1256 1867; x_wconf 88' lang='lat' dir='ltr'>persuasione</span> <span class='ocrx_word' id='word_1_231' title='bbox 1271 1805 1395 1865; x_wconf 87' lang='lat' dir='ltr'>augere</span> <span class='ocrx_word' id='word_1_232' title='bbox 1419 1789 1642 1867; x_wconf 83' lang='lat' dir='ltr'>praesumpsit,</span> <span class='ocrx_word' id='word_1_233' title='bbox 1657 1802 1739 1865; x_wconf 88' lang='lat' dir='ltr'>pro-</span> 
     </span>
     <span class='ocr_line' id='line_1_32' title="bbox 942 1885 1742 1951; baseline -0.006 -1"><span class='ocrx_word' id='word_1_234' title='bbox 942 1889 1076 1951; x_wconf 90' lang='lat' dir='ltr'>mittens</span> <span class='ocrx_word' id='word_1_235' title='bbox 1090 1909 1098 1948; x_wconf 90' lang='lat'><strong>:</strong></span> <span class='ocrx_word' id='word_1_236' title='bbox 1112 1890 1224 1950; x_wconf 74' lang='lat' dir='ltr'>Eritis</span> <span class='ocrx_word' id='word_1_237' title='bbox 1240 1889 1330 1950; x_wconf 81' lang='lat' dir='ltr'>sicut</span> <span class='ocrx_word' id='word_1_238' title='bbox 1346 1891 1405 1949; x_wconf 82' lang='lat' dir='ltr'>dii.</span> <span class='ocrx_word' id='word_1_239' title='bbox 1424 1888 1505 1948; x_wconf 91' lang='lat' dir='ltr'>Item</span> <span class='ocrx_word' id='word_1_240' title='bbox 1525 1885 1648 1947; x_wconf 90' lang='lat' dir='ltr'>dicitur</span> <span class='ocrx_word' id='word_1_241' title='bbox 1668 1899 1742 1946; x_wconf 87' lang='lat' dir='ltr'>ser-</span> 
     </span>
     <span class='ocr_line' id='line_1_33' title="bbox 942 1982 1739 2064; baseline -0.006 -17"><span class='ocrx_word' id='word_1_242' title='bbox 942 2001 1040 2063; x_wconf 89' lang='lat' dir='ltr'>pens,</span> <span class='ocrx_word' id='word_1_243' title='bbox 1077 1985 1157 2064; x_wconf 89' lang='lat' dir='ltr'>quia</span> <span class='ocrx_word' id='word_1_244' title='bbox 1195 1984 1337 2047; x_wconf 89' lang='lat' dir='ltr'>insidias</span> <span class='ocrx_word' id='word_1_245' title='bbox 1378 1984 1515 2047; x_wconf 91' lang='lat' dir='ltr'>molitur</span> <span class='ocrx_word' id='word_1_246' title='bbox 1550 1982 1739 2056; x_wconf 85' lang='lat' dir='ltr'>effundere;</span> 
     </span>
     <span class='ocr_line' id='line_1_34' title="bbox 942 2079 1741 2160; baseline -0.008 -15"><span class='ocrx_word' id='word_1_247' title='bbox 942 2084 1046 2146; x_wconf 90' lang='lat' dir='ltr'>vectis</span> <span class='ocrx_word' id='word_1_248' title='bbox 1070 2084 1192 2155; x_wconf 89' lang='lat' dir='ltr'>autem,</span> <span class='ocrx_word' id='word_1_249' title='bbox 1213 2084 1292 2160; x_wconf 90' lang='lat' dir='ltr'>quia</span> <span class='ocrx_word' id='word_1_250' title='bbox 1306 2079 1402 2143; x_wconf 81' lang='lat' dir='ltr'>fortis</span> <span class='ocrx_word' id='word_1_251' title='bbox 1427 2096 1532 2158; x_wconf 90' lang='lat' dir='ltr'>usque</span> <span class='ocrx_word' id='word_1_252' title='bbox 1553 2080 1595 2142; x_wconf 89' lang='lat' dir='ltr'>ad</span> <span class='ocrx_word' id='word_1_253' title='bbox 1613 2080 1741 2141; x_wconf 89' lang='lat' dir='ltr'>vectem</span> 
     </span>
     <span class='ocr_line' id='line_1_35' title="bbox 944 2175 1741 2256; baseline -0.005 -15"><span class='ocrx_word' id='word_1_254' title='bbox 944 2180 1097 2256; x_wconf 90' lang='lat' dir='ltr'>percutit,</span> <span class='ocrx_word' id='word_1_255' title='bbox 1123 2180 1195 2241; x_wconf 90' lang='lat' dir='ltr'>sivo</span> <span class='ocrx_word' id='word_1_256' title='bbox 1217 2181 1354 2256; x_wconf 91' lang='lat' dir='ltr'>propter</span> <span class='ocrx_word' id='word_1_257' title='bbox 1377 2178 1526 2253; x_wconf 88' lang='lat' dir='ltr'>vigorem</span> <span class='ocrx_word' id='word_1_258' title='bbox 1555 2175 1741 2253; x_wconf 78' lang='lat' dir='ltr'>superblae3</span> 
     </span>
     <span class='ocr_line' id='line_1_36' title="bbox 942 2273 1743 2355; baseline -0.012 -11"><span class='ocrx_word' id='word_1_259' title='bbox 942 2279 1112 2344; x_wconf 83' lang='lat' dir='ltr'>tortuosus</span> <span class='ocrx_word' id='word_1_260' title='bbox 1126 2279 1261 2355; x_wconf 92' lang='lat' dir='ltr'>propter</span> <span class='ocrx_word' id='word_1_261' title='bbox 1270 2276 1490 2338; x_wconf 86' lang='lat' dir='ltr'>dolositatem.</span> <span class='ocrx_word' id='word_1_262' title='bbox 1504 2276 1605 2337; x_wconf 90' lang='lat' dir='ltr'>Istum</span> <span class='ocrx_word' id='word_1_263' title='bbox 1613 2273 1743 2336; x_wconf 67' lang='lat' dir='ltr'>mnium</span> 
     </span>
     <span class='ocr_line' id='line_1_37' title="bbox 944 2371 1743 2450; baseline -0.006 -13"><span class='ocrx_word' id='word_1_264' title='bbox 944 2377 977 2437; x_wconf 92' lang='lat' dir='ltr'>et</span> <span class='ocrx_word' id='word_1_265' title='bbox 989 2374 1090 2437; x_wconf 88' lang='lat' dir='ltr'>talem</span> <span class='ocrx_word' id='word_1_266' title='bbox 1105 2375 1162 2437; x_wconf 91' lang='lat' dir='ltr'>dat</span> <span class='ocrx_word' id='word_1_267' title='bbox 1176 2388 1287 2435; x_wconf 88' lang='lat' dir='ltr'>escam</span> <span class='ocrx_word' id='word_1_268' title='bbox 1302 2373 1435 2450; x_wconf 91' lang='lat' dir='ltr'>populis</span> <span class='ocrx_word' id='word_1_269' title='bbox 1450 2371 1656 2448; x_wconf 86' lang='lat' dir='ltr'>AEthlopum,</span> <span class='ocrx_word' id='word_1_270' title='bbox 1667 2371 1743 2432; x_wconf 92' lang='lat' dir='ltr'>ideo</span> 
     </span>
     <span class='ocr_line' id='line_1_38' title="bbox 944 2468 1744 2550; baseline -0.005 -18"><span class='ocrx_word' id='word_1_271' title='bbox 944 2473 1095 2550; x_wconf 89' lang='lat' dir='ltr'>sequitur</span> <span class='ocrx_word' id='word_1_272' title='bbox 1118 2487 1125 2533; x_wconf 94' lang='lat'>:</span> <span class='ocrx_word' id='word_1_273' title='bbox 1149 2489 1167 2533; x_wconf 73' lang='lat' dir='ltr'>c&lt;</span> <span class='ocrx_word' id='word_1_274' title='bbox 1194 2471 1321 2533; x_wconf 83' lang='lat' dir='ltr'>Dedisti</span> <span class='ocrx_word' id='word_1_275' title='bbox 1355 2486 1431 2531; x_wconf 92' lang='lat' dir='ltr'>eum</span> <span class='ocrx_word' id='word_1_276' title='bbox 1466 2473 1587 2531; x_wconf 90' lang='lat' dir='ltr'>escam</span> <span class='ocrx_word' id='word_1_277' title='bbox 1611 2468 1744 2546; x_wconf 91' lang='lat' dir='ltr'>populis</span> 
     </span>
    </p>
   </div>
   <div class='ocr_carea' id='block_1_9' title="bbox 95 2566 1749 4491">
    <p class='ocr_par' dir='ltr' id='par_1_9' title="bbox 95 2566 1749 4400">
     <span class='ocr_line' id='line_1_39' title="bbox 98 2566 1744 2647; baseline -0.001 -18"><span class='ocrx_word' id='word_1_278' title='bbox 98 2568 149 2630; x_wconf 87' lang='lat' dir='ltr'>vel</span> <span class='ocrx_word' id='word_1_279' title='bbox 163 2569 339 2639; x_wconf 68' lang='lat' dir='ltr'>iniuratm,</span> <span class='ocrx_word' id='word_1_280' title='bbox 355 2568 441 2645; x_wconf 94' lang='lat' dir='ltr'>quod</span> <span class='ocrx_word' id='word_1_281' title='bbox 457 2567 697 2645; x_wconf 89' lang='lat' dir='ltr'>interpretatur</span> <span class='ocrx_word' id='word_1_282' title='bbox 710 2567 888 2636; x_wconf 89' lang='lat' dir='ltr'>tribulans,</span> <span class='ocrx_word' id='word_1_283' title='bbox 944 2570 1151 2647; x_wconf 85' lang='lat' dir='ltr'>AEthiopum.</span> <span class='ocrx_word' id='word_1_284' title='bbox 1168 2586 1188 2628; x_wconf 74' lang='lat' dir='ltr'>a</span> <span class='ocrx_word' id='word_1_285' title='bbox 1204 2569 1267 2630; x_wconf 89' lang='lat' dir='ltr'>Dat</span> <span class='ocrx_word' id='word_1_286' title='bbox 1290 2568 1454 2646; x_wconf 88' lang='lat' dir='ltr'>siquidem</span> <span class='ocrx_word' id='word_1_287' title='bbox 1469 2566 1638 2629; x_wconf 91' lang='lat' dir='ltr'>diabolum</span> <span class='ocrx_word' id='word_1_288' title='bbox 1655 2569 1744 2628; x_wconf 89' lang='lat' dir='ltr'>Deus</span> 
     </span>
     <span class='ocr_line' id='line_1_40' title="bbox 98 2664 1747 2745; baseline -0.001 -19"><span class='ocrx_word' id='word_1_289' title='bbox 98 2664 150 2726; x_wconf 90' lang='lat' dir='ltr'>vel</span> <span class='ocrx_word' id='word_1_290' title='bbox 174 2665 383 2739; x_wconf 82' lang='lat' dir='ltr'>angustaus3</span> <span class='ocrx_word' id='word_1_291' title='bbox 408 2665 494 2742; x_wconf 93' lang='lat' dir='ltr'>quod</span> <span class='ocrx_word' id='word_1_292' title='bbox 519 2664 604 2726; x_wconf 88' lang='lat' dir='ltr'>bene</span> <span class='ocrx_word' id='word_1_293' title='bbox 632 2666 789 2743; x_wconf 89' lang='lat' dir='ltr'>competit</span> <span class='ocrx_word' id='word_1_294' title='bbox 816 2665 891 2726; x_wconf 87' lang='lat' dir='ltr'>dia·</span> <span class='ocrx_word' id='word_1_295' title='bbox 940 2668 1041 2745; x_wconf 89' lang='lat' dir='ltr'>justis</span> <span class='ocrx_word' id='word_1_296' title='bbox 1055 2668 1090 2727; x_wconf 91' lang='lat' dir='ltr'>in</span> <span class='ocrx_word' id='word_1_297' title='bbox 1102 2682 1224 2736; x_wconf 91' lang='lat' dir='ltr'>escam,</span> <span class='ocrx_word' id='word_1_298' title='bbox 1242 2665 1327 2728; x_wconf 89' lang='lat' dir='ltr'>idest</span> <span class='ocrx_word' id='word_1_299' title='bbox 1339 2665 1626 2732; x_wconf 87' lang='lat' dir='ltr'>sustentationem,</span> <span class='ocrx_word' id='word_1_300' title='bbox 1643 2664 1676 2726; x_wconf 89' lang='lat' dir='ltr'>et</span> <span class='ocrx_word' id='word_1_301' title='bbox 1689 2680 1747 2725; x_wconf 91' lang='lat' dir='ltr'>va·</span> 
     </span>
     <span class='ocr_line' id='line_1_41' title="bbox 98 2759 1745 2840; baseline -0.001 -18"><span class='ocrx_word' id='word_1_302' title='bbox 98 2759 174 2822; x_wconf 93' lang='lat' dir='ltr'>bolo</span> <span class='ocrx_word' id='word_1_303' title='bbox 188 2759 364 2822; x_wconf 88' lang='lat' dir='ltr'>tribulanti</span> <span class='ocrx_word' id='word_1_304' title='bbox 379 2761 558 2834; x_wconf 90' lang='lat' dir='ltr'>homiuem,</span> <span class='ocrx_word' id='word_1_305' title='bbox 575 2761 608 2823; x_wconf 86' lang='lat' dir='ltr'>et</span> <span class='ocrx_word' id='word_1_306' title='bbox 627 2764 818 2838; x_wconf 88' lang='lat' dir='ltr'>angustanti</span> <span class='ocrx_word' id='word_1_307' title='bbox 831 2777 891 2839; x_wconf 90' lang='lat' dir='ltr'>per</span> <span class='ocrx_word' id='word_1_308' title='bbox 945 2764 1144 2834; x_wconf 86' lang='lat' dir='ltr'>latudinem,</span> <span class='ocrx_word' id='word_1_309' title='bbox 1159 2778 1233 2825; x_wconf 89' lang='lat' dir='ltr'>cum</span> <span class='ocrx_word' id='word_1_310' title='bbox 1258 2778 1301 2824; x_wconf 88' lang='lat' dir='ltr'>ex</span> <span class='ocrx_word' id='word_1_311' title='bbox 1315 2762 1398 2840; x_wconf 89' lang='lat' dir='ltr'>ipsis</span> <span class='ocrx_word' id='word_1_312' title='bbox 1417 2760 1657 2823; x_wconf 89' lang='lat' dir='ltr'>tentationibus</span> <span class='ocrx_word' id='word_1_313' title='bbox 1679 2760 1745 2837; x_wconf 90' lang='lat' dir='ltr'>ipsi</span> 
     </span>
     <span class='ocr_line' id='line_1_42' title="bbox 97 2858 1747 2940; baseline 0 -21"><span class='ocrx_word' id='word_1_314' title='bbox 97 2859 308 2920; x_wconf 76' lang='lat' dir='ltr'>ortationes.</span> <span class='ocrx_word' id='word_1_315' title='bbox 325 2861 431 2920; x_wconf 89' lang='lat' dir='ltr'>Draco</span> <span class='ocrx_word' id='word_1_316' title='bbox 444 2859 480 2919; x_wconf 90' lang='lat' dir='ltr'>in</span> <span class='ocrx_word' id='word_1_317' title='bbox 500 2860 596 2936; x_wconf 91' lang='lat' dir='ltr'>aquis</span> <span class='ocrx_word' id='word_1_318' title='bbox 614 2862 734 2921; x_wconf 89' lang='lat' dir='ltr'>natans</span> <span class='ocrx_word' id='word_1_319' title='bbox 750 2862 802 2923; x_wconf 90' lang='lat' dir='ltr'>est</span> <span class='ocrx_word' id='word_1_320' title='bbox 817 2861 890 2937; x_wconf 87' lang='lat' dir='ltr'>ipse</span> <span class='ocrx_word' id='word_1_321' title='bbox 942 2861 1024 2940; x_wconf 90' lang='lat' dir='ltr'>justi</span> <span class='ocrx_word' id='word_1_322' title='bbox 1040 2861 1229 2939; x_wconf 84' lang='lat' dir='ltr'>proliciunt,</span> <span class='ocrx_word' id='word_1_323' title='bbox 1246 2861 1279 2922; x_wconf 95' lang='lat' dir='ltr'>et</span> <span class='ocrx_word' id='word_1_324' title='bbox 1291 2859 1539 2921; x_wconf 89' lang='lat' dir='ltr'>convalescunt.</span> <span class='ocrx_word' id='word_1_325' title='bbox 1553 2858 1615 2919; x_wconf 87' lang='lat' dir='ltr'>Vel</span> <span class='ocrx_word' id='word_1_326' title='bbox 1632 2862 1747 2920; x_wconf 73' lang='lat' dir='ltr'>:she-</span> 
     </span>
     <span class='ocr_line' id='line_1_43' title="bbox 95 2954 1747 3034; baseline 0.001 -18"><span class='ocrx_word' id='word_1_327' title='bbox 95 2954 249 3016; x_wconf 88' lang='lat' dir='ltr'>diabolus</span> <span class='ocrx_word' id='word_1_328' title='bbox 264 2956 426 3017; x_wconf 89' lang='lat' dir='ltr'>natansin</span> <span class='ocrx_word' id='word_1_329' title='bbox 442 2955 572 3017; x_wconf 90' lang='lat' dir='ltr'>deliciis</span> <span class='ocrx_word' id='word_1_330' title='bbox 587 2957 807 3034; x_wconf 85' lang='lat' dir='ltr'>voluptuosis,</span> <span class='ocrx_word' id='word_1_331' title='bbox 819 2958 890 3018; x_wconf 88' lang='lat' dir='ltr'>sive</span> <span class='ocrx_word' id='word_1_332' title='bbox 944 2962 1027 3022; x_wconf 82' lang='lat' dir='ltr'>disti</span> <span class='ocrx_word' id='word_1_333' title='bbox 1039 2975 1119 3021; x_wconf 83' lang='lat' dir='ltr'>aum</span> <span class='ocrx_word' id='word_1_334' title='bbox 1131 2973 1245 3021; x_wconf 82' lang='lat' dir='ltr'>escam</span> <span class='ocrx_word' id='word_1_335' title='bbox 1255 2960 1391 3033; x_wconf 68' lang='lat' dir='ltr'>populo</span> <span class='ocrx_word' id='word_1_336' title='bbox 1402 2957 1604 3031; x_wconf 81' lang='lat' dir='ltr'>AEtbtopuoc</span> <span class='ocrx_word' id='word_1_337' title='bbox 1614 2973 1644 3028; x_wconf 72' lang='lat' dir='ltr'>r,</span> <span class='ocrx_word' id='word_1_338' title='bbox 1660 2956 1747 3018; x_wconf 91' lang='lat' dir='ltr'>idest</span> 
     </span>
     <span class='ocr_line' id='line_1_44' title="bbox 99 3050 1745 3135; baseline 0 -21"><span class='ocrx_word' id='word_1_339' title='bbox 99 3052 169 3130; x_wconf 86' lang='lat' dir='ltr'>ipse</span> <span class='ocrx_word' id='word_1_340' title='bbox 181 3054 348 3131; x_wconf 90' lang='lat' dir='ltr'>peccator,</span> <span class='ocrx_word' id='word_1_341' title='bbox 362 3053 419 3131; x_wconf 92' lang='lat' dir='ltr'>qui</span> <span class='ocrx_word' id='word_1_342' title='bbox 430 3054 583 3131; x_wconf 87' lang='lat' dir='ltr'>signatur</span> <span class='ocrx_word' id='word_1_343' title='bbox 597 3070 657 3132; x_wconf 92' lang='lat' dir='ltr'>per</span> <span class='ocrx_word' id='word_1_344' title='bbox 677 3055 721 3127; x_wconf 93' lang='lat' dir='ltr'>id,</span> <span class='ocrx_word' id='word_1_345' title='bbox 737 3055 822 3133; x_wconf 92' lang='lat' dir='ltr'>quod</span> <span class='ocrx_word' id='word_1_346' title='bbox 837 3054 891 3115; x_wconf 92' lang='lat' dir='ltr'>dl·</span> <span class='ocrx_word' id='word_1_347' title='bbox 945 3057 1000 3129; x_wconf 91' lang='lat' dir='ltr'>iis,</span> <span class='ocrx_word' id='word_1_348' title='bbox 1017 3057 1074 3135; x_wconf 89' lang='lat' dir='ltr'>qui</span> <span class='ocrx_word' id='word_1_349' title='bbox 1098 3057 1192 3134; x_wconf 90' lang='lat' dir='ltr'>prius</span> <span class='ocrx_word' id='word_1_350' title='bbox 1211 3055 1308 3117; x_wconf 89' lang='lat' dir='ltr'>erant</span> <span class='ocrx_word' id='word_1_351' title='bbox 1331 3053 1444 3131; x_wconf 86' lang='lat' dir='ltr'>magni</span> <span class='ocrx_word' id='word_1_352' title='bbox 1461 3050 1597 3131; x_wconf 90' lang='lat' dir='ltr'>propter</span> <span class='ocrx_word' id='word_1_353' title='bbox 1622 3068 1745 3130; x_wconf 90' lang='lat' dir='ltr'>pecca-</span> 
     </span>
     <span class='ocr_line' id='line_1_45' title="bbox 98 3150 1746 3233; baseline -0.001 -21"><span class='ocrx_word' id='word_1_354' title='bbox 98 3150 358 3225; x_wconf 87' lang='lat' dir='ltr'>citur,cubasin</span> <span class='ocrx_word' id='word_1_355' title='bbox 373 3152 892 3228; x_wconf 84' lang='lat' dir='ltr'>medioliuminumtuorum,sci·</span> <span class='ocrx_word' id='word_1_356' title='bbox 945 3155 1027 3227; x_wconf 91' lang='lat' dir='ltr'>tum,</span> <span class='ocrx_word' id='word_1_357' title='bbox 1044 3155 1201 3233; x_wconf 91' lang='lat' dir='ltr'>quoniam</span> <span class='ocrx_word' id='word_1_358' title='bbox 1225 3151 1306 3214; x_wconf 84' lang='lat' dir='ltr'>lacti</span> <span class='ocrx_word' id='word_1_359' title='bbox 1327 3151 1472 3213; x_wconf 88' lang='lat' dir='ltr'>humiles</span> <span class='ocrx_word' id='word_1_360' title='bbox 1499 3151 1540 3212; x_wconf 93' lang='lat' dir='ltr'>de</span> <span class='ocrx_word' id='word_1_361' title='bbox 1562 3150 1746 3213; x_wconf 91' lang='lat' dir='ltr'>tentatione</span> 
     </span>
     <span class='ocr_line' id='line_1_46' title="bbox 100 3247 1743 3329; baseline 0.001 -22"><span class='ocrx_word' id='word_1_362' title='bbox 100 3247 178 3309; x_wconf 91' lang='lat' dir='ltr'>licet</span> <span class='ocrx_word' id='word_1_363' title='bbox 200 3247 420 3324; x_wconf 87' lang='lat' dir='ltr'>voluptatum,</span> <span class='ocrx_word' id='word_1_364' title='bbox 439 3249 510 3311; x_wconf 91' lang='lat' dir='ltr'>sive</span> <span class='ocrx_word' id='word_1_365' title='bbox 532 3250 790 3312; x_wconf 89' lang='lat' dir='ltr'>delectationum</span> <span class='ocrx_word' id='word_1_366' title='bbox 811 3265 892 3311; x_wconf 86' lang='lat' dir='ltr'>sua·</span> <span class='ocrx_word' id='word_1_367' title='bbox 946 3251 1134 3329; x_wconf 86' lang='lat' dir='ltr'>proliciunt,</span> <span class='ocrx_word' id='word_1_368' title='bbox 1148 3250 1181 3311; x_wconf 92' lang='lat' dir='ltr'>et</span> <span class='ocrx_word' id='word_1_369' title='bbox 1200 3249 1399 3311; x_wconf 87' lang='lat' dir='ltr'>dealbantur</span> <span class='ocrx_word' id='word_1_370' title='bbox 1412 3248 1557 3310; x_wconf 89' lang='lat' dir='ltr'>candore</span> <span class='ocrx_word' id='word_1_371' title='bbox 1571 3248 1743 3317; x_wconf 90' lang='lat' dir='ltr'>virtutum,</span> 
     </span>
     <span class='ocr_line' id='line_1_47' title="bbox 101 3344 1746 3425; baseline -0.001 -20"><span class='ocrx_word' id='word_1_372' title='bbox 101 3359 183 3405; x_wconf 92' lang='lat' dir='ltr'>rum.</span> <span class='ocrx_word' id='word_1_373' title='bbox 201 3346 399 3408; x_wconf 82' lang='lat' dir='ltr'>Extrahitur</span> <span class='ocrx_word' id='word_1_374' title='bbox 413 3348 524 3408; x_wconf 90' lang='lat' dir='ltr'>autem</span> <span class='ocrx_word' id='word_1_375' title='bbox 534 3347 624 3422; x_wconf 87' lang='lat' dir='ltr'>iude,</span> <span class='ocrx_word' id='word_1_376' title='bbox 639 3364 714 3409; x_wconf 92' lang='lat' dir='ltr'>cum</span> <span class='ocrx_word' id='word_1_377' title='bbox 729 3347 828 3409; x_wconf 91' lang='lat' dir='ltr'>homo</span> <span class='ocrx_word' id='word_1_378' title='bbox 841 3345 890 3425; x_wconf 89' lang='grc'>(2)</span> <span class='ocrx_word' id='word_1_379' title='bbox 946 3348 1040 3410; x_wconf 87' lang='lat' dir='ltr'>etsie</span> <span class='ocrx_word' id='word_1_380' title='bbox 1054 3347 1192 3409; x_wconf 91' lang='lat' dir='ltr'>cribrati</span> <span class='ocrx_word' id='word_1_381' title='bbox 1206 3346 1419 3408; x_wconf 88' lang='lat' dir='ltr'>mundantur.</span> <span class='ocrx_word' id='word_1_382' title='bbox 1437 3344 1531 3406; x_wconf 89' lang='lat' dir='ltr'>Unde</span> <span class='ocrx_word' id='word_1_383' title='bbox 1543 3344 1578 3405; x_wconf 92' lang='lat' dir='ltr'>in</span> <span class='ocrx_word' id='word_1_384' title='bbox 1592 3347 1746 3420; x_wconf 86' lang='lat' dir='ltr'>Evange-</span> 
     </span>
     <span class='ocr_line' id='line_1_48' title="bbox 101 3441 1745 3524; baseline 0.001 -22"><span class='ocrx_word' id='word_1_385' title='bbox 101 3441 240 3518; x_wconf 85' lang='lat' dir='ltr'>poeuitet</span> <span class='ocrx_word' id='word_1_386' title='bbox 253 3441 294 3503; x_wconf 91' lang='lat' dir='ltr'>de</span> <span class='ocrx_word' id='word_1_387' title='bbox 316 3443 473 3520; x_wconf 89' lang='lat' dir='ltr'>peccatis,</span> <span class='ocrx_word' id='word_1_388' title='bbox 491 3443 524 3505; x_wconf 93' lang='lat' dir='ltr'>et</span> <span class='ocrx_word' id='word_1_389' title='bbox 537 3444 700 3521; x_wconf 88' lang='lat' dir='ltr'>voluptati</span> <span class='ocrx_word' id='word_1_390' title='bbox 725 3445 892 3521; x_wconf 90' lang='lat' dir='ltr'>corporali</span> <span class='ocrx_word' id='word_1_391' title='bbox 946 3446 993 3507; x_wconf 88' lang='lat' dir='ltr'>lio</span> <span class='ocrx_word' id='word_1_392' title='bbox 1009 3443 1133 3524; x_wconf 87' lang='lat' dir='ltr'>(Lucae,</span> <span class='ocrx_word' id='word_1_393' title='bbox 1147 3445 1198 3516; x_wconf 86' lang='lat'>22,</span> <span class='ocrx_word' id='word_1_394' title='bbox 1219 3442 1273 3522; x_wconf 84' lang='lat'>31)</span> <span class='ocrx_word' id='word_1_395' title='bbox 1288 3459 1332 3503; x_wconf 68' lang='lat' dir='ltr'>:a</span> <span class='ocrx_word' id='word_1_396' title='bbox 1357 3443 1482 3513; x_wconf 87' lang='lat' dir='ltr'>Simon,</span> <span class='ocrx_word' id='word_1_397' title='bbox 1504 3457 1582 3503; x_wconf 91' lang='lat' dir='ltr'>ecce</span> <span class='ocrx_word' id='word_1_398' title='bbox 1602 3441 1745 3503; x_wconf 66' lang='lat' dir='ltr'>Semnus</span> 
     </span>
     <span class='ocr_line' id='line_1_49' title="bbox 102 3538 1747 3621; baseline 0 -22"><span class='ocrx_word' id='word_1_399' title='bbox 102 3538 319 3611; x_wconf 86' lang='lat' dir='ltr'>renuncians,</span> <span class='ocrx_word' id='word_1_400' title='bbox 336 3555 396 3617; x_wconf 92' lang='lat' dir='ltr'>pro</span> <span class='ocrx_word' id='word_1_401' title='bbox 418 3541 588 3617; x_wconf 90' lang='lat' dir='ltr'>voluptate</span> <span class='ocrx_word' id='word_1_402' title='bbox 612 3542 729 3613; x_wconf 88' lang='lat' dir='ltr'>acidis,</span> <span class='ocrx_word' id='word_1_403' title='bbox 747 3542 799 3603; x_wconf 90' lang='lat' dir='ltr'>vel</span> <span class='ocrx_word' id='word_1_404' title='bbox 822 3541 893 3603; x_wconf 86' lang='lat' dir='ltr'>ari·</span> <span class='ocrx_word' id='word_1_405' title='bbox 946 3542 1108 3621; x_wconf 79' lang='lat' dir='ltr'>expetivit</span> <span class='ocrx_word' id='word_1_406' title='bbox 1127 3557 1199 3608; x_wconf 85' lang='lat' dir='ltr'>vos,</span> <span class='ocrx_word' id='word_1_407' title='bbox 1223 3541 1259 3603; x_wconf 92' lang='lat' dir='ltr'>ut</span> <span class='ocrx_word' id='word_1_408' title='bbox 1283 3539 1447 3601; x_wconf 87' lang='lat' dir='ltr'>cribraret</span> <span class='ocrx_word' id='word_1_409' title='bbox 1470 3541 1630 3616; x_wconf 89' lang='lat' dir='ltr'>tauquam</span> <span class='ocrx_word' id='word_1_410' title='bbox 1655 3539 1747 3602; x_wconf 89' lang='lat' dir='ltr'>triti-</span> 
     </span>
     <span class='ocr_line' id='line_1_50' title="bbox 101 3625 1745 3713; baseline 0.002 -18"><span class='ocrx_word' id='word_1_411' title='bbox 101 3635 152 3696; x_wconf 91' lang='lat' dir='ltr'>dis</span> <span class='ocrx_word' id='word_1_412' title='bbox 178 3636 297 3710; x_wconf 89' lang='lat' dir='ltr'>utitur,</span> <span class='ocrx_word' id='word_1_413' title='bbox 327 3637 361 3698; x_wconf 89' lang='lat' dir='ltr'>et</span> <span class='ocrx_word' id='word_1_414' title='bbox 376 3638 525 3700; x_wconf 89' lang='lat' dir='ltr'>macerat</span> <span class='ocrx_word' id='word_1_415' title='bbox 546 3625 681 3700; x_wconf 79' lang='lat' dir='ltr'>carnem</span> <span class='ocrx_word' id='word_1_416' title='bbox 700 3655 806 3700; x_wconf 86' lang='lat' dir='ltr'>suam.</span> <span class='ocrx_word' id='word_1_417' title='bbox 820 3655 839 3699; x_wconf 68' lang='lat' dir='ltr'>a</span> <span class='ocrx_word' id='word_1_418' title='bbox 854 3640 893 3700; x_wconf 88' lang='lat' dir='ltr'>Et</span> <span class='ocrx_word' id='word_1_419' title='bbox 947 3658 1034 3705; x_wconf 88' lang='lat' dir='ltr'>cum.</span> <span class='ocrx_word' id='word_1_420' title='bbox 1050 3657 1069 3700; x_wconf 70' lang='lat' dir='ltr'>r</span> <span class='ocrx_word' id='word_1_421' title='bbox 1083 3642 1121 3701; x_wconf 92' lang='lat' dir='ltr'>Iu</span> <span class='ocrx_word' id='word_1_422' title='bbox 1140 3637 1319 3701; x_wconf 88' lang='lat' dir='ltr'>cribrando</span> <span class='ocrx_word' id='word_1_423' title='bbox 1333 3637 1481 3699; x_wconf 90' lang='lat' dir='ltr'>triticum</span> <span class='ocrx_word' id='word_1_424' title='bbox 1498 3637 1613 3698; x_wconf 88' lang='lat' dir='ltr'>volant</span> <span class='ocrx_word' id='word_1_425' title='bbox 1628 3636 1745 3713; x_wconf 86' lang='lat' dir='ltr'>paleae,</span> 
     </span>
     <span class='ocr_line' id='line_1_51' title="bbox 102 3726 1747 3812; baseline 0.003 -20"><span class='ocrx_word' id='word_1_426' title='bbox 102 3733 251 3795; x_wconf 89' lang='lat' dir='ltr'>universi</span> <span class='ocrx_word' id='word_1_427' title='bbox 274 3732 387 3809; x_wconf 89' lang='lat' dir='ltr'>pisces</span> <span class='ocrx_word' id='word_1_428' title='bbox 408 3726 457 3796; x_wconf 87' lang='lat' dir='ltr'>tui</span> <span class='ocrx_word' id='word_1_429' title='bbox 481 3736 629 3812; x_wconf 82' lang='lat' dir='ltr'>squamis</span> <span class='ocrx_word' id='word_1_430' title='bbox 647 3736 715 3797; x_wconf 91' lang='lat' dir='ltr'>tuis</span> <span class='ocrx_word' id='word_1_431' title='bbox 740 3736 894 3797; x_wconf 85' lang='lat' dir='ltr'>adhaere·</span> <span class='ocrx_word' id='word_1_432' title='bbox 947 3740 980 3802; x_wconf 94' lang='lat' dir='ltr'>et</span> <span class='ocrx_word' id='word_1_433' title='bbox 990 3740 1081 3800; x_wconf 88' lang='lat' dir='ltr'>terra</span> <span class='ocrx_word' id='word_1_434' title='bbox 1094 3735 1184 3798; x_wconf 91' lang='lat' dir='ltr'>cadit</span> <span class='ocrx_word' id='word_1_435' title='bbox 1205 3734 1363 3809; x_wconf 81' lang='lat' dir='ltr'>inlerius3</span> <span class='ocrx_word' id='word_1_436' title='bbox 1381 3732 1430 3795; x_wconf 91' lang='lat' dir='ltr'>sic</span> <span class='ocrx_word' id='word_1_437' title='bbox 1448 3734 1601 3795; x_wconf 87' lang='lat' dir='ltr'>diabolus</span> <span class='ocrx_word' id='word_1_438' title='bbox 1617 3736 1747 3797; x_wconf 87' lang='lat' dir='ltr'>tentans</span> 
     </span>
     <span class='ocr_line' id='line_1_52' title="bbox 99 3826 1747 3915; baseline 0.004 -27"><span class='ocrx_word' id='word_1_439' title='bbox 99 3826 222 3890; x_wconf 81' lang='lat' dir='ltr'>bunt.»</span> <span class='ocrx_word' id='word_1_440' title='bbox 238 3831 354 3892; x_wconf 88' lang='lat' dir='ltr'>Pisces</span> <span class='ocrx_word' id='word_1_441' title='bbox 367 3832 445 3892; x_wconf 91' lang='lat' dir='ltr'>sunt</span> <span class='ocrx_word' id='word_1_442' title='bbox 459 3833 664 3908; x_wconf 90' lang='lat' dir='ltr'>peccatores,</span> <span class='ocrx_word' id='word_1_443' title='bbox 682 3833 825 3910; x_wconf 91' lang='lat' dir='ltr'>quicum</span> <span class='ocrx_word' id='word_1_444' title='bbox 840 3833 894 3895; x_wconf 90' lang='lat' dir='ltr'>de·</span> <span class='ocrx_word' id='word_1_445' title='bbox 943 3836 1083 3915; x_wconf 89' lang='lat' dir='ltr'>justum,</span> <span class='ocrx_word' id='word_1_446' title='bbox 1099 3833 1180 3896; x_wconf 87' lang='lat' dir='ltr'>iacit</span> <span class='ocrx_word' id='word_1_447' title='bbox 1195 3832 1308 3909; x_wconf 88' lang='lat' dir='ltr'>paleas</span> <span class='ocrx_word' id='word_1_448' title='bbox 1322 3832 1491 3904; x_wconf 87' lang='lat' dir='ltr'>advolare,</span> <span class='ocrx_word' id='word_1_449' title='bbox 1508 3831 1596 3895; x_wconf 91' lang='lat' dir='ltr'>idest</span> <span class='ocrx_word' id='word_1_450' title='bbox 1610 3834 1747 3909; x_wconf 87' lang='lat' dir='ltr'>peecata</span> 
     </span>
     <span class='ocr_line' id='line_1_53' title="bbox 98 3924 1747 4011; baseline 0.004 -26"><span class='ocrx_word' id='word_1_451' title='bbox 98 3924 273 3999; x_wconf 85' lang='lat' dir='ltr'>lactantur,</span> <span class='ocrx_word' id='word_1_452' title='bbox 290 3927 462 3989; x_wconf 85' lang='lat' dir='ltr'>adbaerent</span> <span class='ocrx_word' id='word_1_453' title='bbox 474 3929 621 4006; x_wconf 91' lang='lat' dir='ltr'>squamis</span> <span class='ocrx_word' id='word_1_454' title='bbox 638 3929 773 3991; x_wconf 89' lang='lat' dir='ltr'>diaboli.</span> <span class='ocrx_word' id='word_1_455' title='bbox 791 3932 895 4008; x_wconf 86' lang='lat' dir='ltr'>Squa·</span> <span class='ocrx_word' id='word_1_456' title='bbox 947 3933 1106 4011; x_wconf 82' lang='lat' dir='ltr'>venialia,</span> <span class='ocrx_word' id='word_1_457' title='bbox 1131 3932 1170 3993; x_wconf 91' lang='lat' dir='ltr'>et</span> <span class='ocrx_word' id='word_1_458' title='bbox 1185 3934 1323 4002; x_wconf 89' lang='lat' dir='ltr'>terram,</span> <span class='ocrx_word' id='word_1_459' title='bbox 1348 3929 1435 3991; x_wconf 91' lang='lat' dir='ltr'>idest</span> <span class='ocrx_word' id='word_1_460' title='bbox 1456 3930 1591 4005; x_wconf 90' lang='lat' dir='ltr'>peccata</span> <span class='ocrx_word' id='word_1_461' title='bbox 1616 3930 1747 4007; x_wconf 90' lang='lat' dir='ltr'>ponde-</span> 
     </span>
     <span class='ocr_line' id='line_1_54' title="bbox 99 4024 1749 4105; baseline 0.002 -20"><span class='ocrx_word' id='word_1_462' title='bbox 99 4038 160 4086; x_wconf 86' lang='lat' dir='ltr'>mae</span> <span class='ocrx_word' id='word_1_463' title='bbox 179 4026 258 4086; x_wconf 89' lang='lat' dir='ltr'>sunt</span> <span class='ocrx_word' id='word_1_464' title='bbox 280 4024 477 4100; x_wconf 84' lang='lat' dir='ltr'>exteriores,</span> <span class='ocrx_word' id='word_1_465' title='bbox 492 4028 526 4087; x_wconf 88' lang='lat' dir='ltr'>et</span> <span class='ocrx_word' id='word_1_466' title='bbox 540 4026 665 4088; x_wconf 90' lang='lat' dir='ltr'>ultimae</span> <span class='ocrx_word' id='word_1_467' title='bbox 688 4031 800 4105; x_wconf 89' lang='lat' dir='ltr'>partes</span> <span class='ocrx_word' id='word_1_468' title='bbox 823 4028 895 4105; x_wconf 87' lang='lat' dir='ltr'>pis·</span> <span class='ocrx_word' id='word_1_469' title='bbox 948 4046 1037 4097; x_wconf 89' lang='lat' dir='ltr'>rosa,</span> <span class='ocrx_word' id='word_1_470' title='bbox 1062 4031 1096 4092; x_wconf 90' lang='lat' dir='ltr'>et</span> <span class='ocrx_word' id='word_1_471' title='bbox 1121 4029 1274 4092; x_wconf 87' lang='lat' dir='ltr'>mortalia</span> <span class='ocrx_word' id='word_1_472' title='bbox 1304 4027 1445 4101; x_wconf 79' lang='lat' dir='ltr'>caderc3</span> <span class='ocrx_word' id='word_1_473' title='bbox 1462 4029 1496 4087; x_wconf 92' lang='lat' dir='ltr'>et</span> <span class='ocrx_word' id='word_1_474' title='bbox 1521 4027 1571 4088; x_wconf 90' lang='lat' dir='ltr'>sic</span> <span class='ocrx_word' id='word_1_475' title='bbox 1598 4031 1749 4089; x_wconf 86' lang='lat' dir='ltr'>remanet</span> 
     </span>
     <span class='ocr_line' id='line_1_55' title="bbox 98 4120 1747 4203; baseline 0.002 -22"><span class='ocrx_word' id='word_1_476' title='bbox 98 4120 166 4197; x_wconf 80' lang='lat' dir='ltr'>cis3</span> <span class='ocrx_word' id='word_1_477' title='bbox 186 4137 246 4198; x_wconf 91' lang='lat' dir='ltr'>per</span> <span class='ocrx_word' id='word_1_478' title='bbox 260 4121 348 4199; x_wconf 90' lang='lat' dir='ltr'>quod</span> <span class='ocrx_word' id='word_1_479' title='bbox 370 4122 589 4199; x_wconf 87' lang='lat' dir='ltr'>designantur</span> <span class='ocrx_word' id='word_1_480' title='bbox 609 4125 795 4187; x_wconf 82' lang='lat' dir='ltr'>exteriores</span> <span class='ocrx_word' id='word_1_481' title='bbox 812 4141 893 4201; x_wconf 91' lang='lat' dir='ltr'>par·</span> <span class='ocrx_word' id='word_1_482' title='bbox 947 4127 1095 4191; x_wconf 87' lang='lat' dir='ltr'>triticum</span> <span class='ocrx_word' id='word_1_483' title='bbox 1116 4141 1245 4203; x_wconf 91' lang='lat' dir='ltr'>purum.</span> <span class='ocrx_word' id='word_1_484' title='bbox 1259 4126 1299 4188; x_wconf 88' lang='lat' dir='ltr'>Et</span> <span class='ocrx_word' id='word_1_485' title='bbox 1313 4124 1363 4186; x_wconf 88' lang='lat' dir='ltr'>sic</span> <span class='ocrx_word' id='word_1_486' title='bbox 1377 4120 1412 4184; x_wconf 88' lang='lat' dir='ltr'>in</span> <span class='ocrx_word' id='word_1_487' title='bbox 1424 4122 1535 4185; x_wconf 87' lang='lat' dir='ltr'>cribro</span> <span class='ocrx_word' id='word_1_488' title='bbox 1553 4124 1747 4186; x_wconf 89' lang='lat' dir='ltr'>tentationis</span> 
     </span>
     <span class='ocr_line' id='line_1_56' title="bbox 96 4217 1745 4303; baseline 0.002 -25"><span class='ocrx_word' id='word_1_489' title='bbox 96 4218 150 4279; x_wconf 88' lang='lat' dir='ltr'>tes</span> <span class='ocrx_word' id='word_1_490' title='bbox 175 4218 311 4291; x_wconf 88' lang='lat' dir='ltr'>diaboli,</span> <span class='ocrx_word' id='word_1_491' title='bbox 330 4217 451 4296; x_wconf 92' lang='lat' dir='ltr'>qulbus</span> <span class='ocrx_word' id='word_1_492' title='bbox 480 4219 703 4283; x_wconf 91' lang='lat' dir='ltr'>diversimode</span> <span class='ocrx_word' id='word_1_493' title='bbox 722 4221 895 4285; x_wconf 84' lang='lat' dir='ltr'>adhaerent</span> <span class='ocrx_word' id='word_1_494' title='bbox 949 4224 1111 4303; x_wconf 85' lang='lat' dir='ltr'>purgatur</span> <span class='ocrx_word' id='word_1_495' title='bbox 1140 4223 1254 4301; x_wconf 88' lang='lat' dir='ltr'>pulvis</span> <span class='ocrx_word' id='word_1_496' title='bbox 1280 4223 1509 4300; x_wconf 87' lang='lat' dir='ltr'>peccatorum,</span> <span class='ocrx_word' id='word_1_497' title='bbox 1536 4222 1569 4283; x_wconf 90' lang='lat' dir='ltr'>et</span> <span class='ocrx_word' id='word_1_498' title='bbox 1600 4220 1745 4293; x_wconf 85' lang='lat' dir='ltr'>advolat,</span> 
     </span>
     <span class='ocr_line' id='line_1_57' title="bbox 99 4314 1229 4400; baseline 0.004 -26"><span class='ocrx_word' id='word_1_499' title='bbox 99 4314 292 4391; x_wconf 89' lang='lat' dir='ltr'>peccatores</span> <span class='ocrx_word' id='word_1_500' title='bbox 312 4336 320 4375; x_wconf 74' lang='grc' dir='ltr'><strong>ε</strong></span> <span class='ocrx_word' id='word_1_501' title='bbox 343 4314 431 4377; x_wconf 89' lang='lat' dir='ltr'>sicut</span> <span class='ocrx_word' id='word_1_502' title='bbox 458 4315 592 4393; x_wconf 88' lang='lat' dir='ltr'>quidam</span> <span class='ocrx_word' id='word_1_503' title='bbox 622 4318 734 4393; x_wconf 87' lang='lat' dir='ltr'>capiti,</span> <span class='ocrx_word' id='word_1_504' title='bbox 760 4318 895 4395; x_wconf 91' lang='lat' dir='ltr'>quidam</span> <span class='ocrx_word' id='word_1_505' title='bbox 950 4320 1229 4400; x_wconf 86' lang='lat' dir='ltr'>paleavauitatis.</span> 
     </span>
    </p>

    <p class='ocr_par' dir='ltr' id='par_1_10' title="bbox 95 4411 1748 4491">
     <span class='ocr_line' id='line_1_58' title="bbox 95 4411 1748 4491; baseline 0.003 -19"><span class='ocrx_word' id='word_1_506' title='bbox 95 4411 201 4486; x_wconf 80' lang='lat' dir='ltr'>gula,</span> <span class='ocrx_word' id='word_1_507' title='bbox 228 4412 363 4490; x_wconf 90' lang='lat' dir='ltr'>quidam</span> <span class='ocrx_word' id='word_1_508' title='bbox 386 4413 513 4486; x_wconf 90' lang='lat' dir='ltr'>ventri,</span> <span class='ocrx_word' id='word_1_509' title='bbox 529 4414 663 4491; x_wconf 91' lang='lat' dir='ltr'>quidam</span> <span class='ocrx_word' id='word_1_510' title='bbox 687 4416 765 4477; x_wconf 88' lang='lat' dir='ltr'>eliis</span> <span class='ocrx_word' id='word_1_511' title='bbox 786 4432 895 4477; x_wconf 90' lang='lat' dir='ltr'>mem·</span> <span class='ocrx_word' id='word_1_512' title='bbox 991 4414 1748 4487; x_wconf 72' lang='lat' dir='ltr'>Puswcnstisiuoioslithoo.Hocmodoetiam</span> 
     </span>
    </p>
   </div>
   <div class='ocr_carea' id='block_1_10' title="bbox 97 4507 1747 4591">
    <p class='ocr_par' dir='ltr' id='par_1_11' title="bbox 97 4507 1747 4591">
     <span class='ocr_line' id='line_1_59' title="bbox 97 4507 1747 4591; baseline 0.005 -23"><span class='ocrx_word' id='word_1_513' title='bbox 97 4507 170 4569; x_wconf 87' lang='lat' dir='ltr'>bris</span> <span class='ocrx_word' id='word_1_514' title='bbox 212 4509 396 4572; x_wconf 91' lang='lat' dir='ltr'>secundum</span> <span class='ocrx_word' id='word_1_515' title='bbox 425 4510 575 4572; x_wconf 89' lang='lat' dir='ltr'>diversas</span> <span class='ocrx_word' id='word_1_516' title='bbox 601 4511 758 4574; x_wconf 89' lang='lat' dir='ltr'>vitiorum</span> <span class='ocrx_word' id='word_1_517' title='bbox 786 4513 896 4591; x_wconf 90' lang='lat' dir='ltr'>quali·</span> <span class='ocrx_word' id='word_1_518' title='bbox 950 4515 1109 4577; x_wconf 89' lang='lat' dir='ltr'>Dominus</span> <span class='ocrx_word' id='word_1_519' title='bbox 1121 4513 1279 4589; x_wconf 88' lang='lat' dir='ltr'>operatur</span> <span class='ocrx_word' id='word_1_520' title='bbox 1292 4512 1439 4574; x_wconf 80' lang='lat' dir='ltr'>satutem</span> <span class='ocrx_word' id='word_1_521' title='bbox 1452 4515 1612 4575; x_wconf 77' lang='lat' dir='ltr'>trimodia</span> <span class='ocrx_word' id='word_1_522' title='bbox 1628 4513 1747 4587; x_wconf 80' lang='lat' dir='ltr'>terroe,</span> 
     </span>
    </p>
   </div>
   <div class='ocr_carea' id='block_1_11' title="bbox 98 4604 1859 4690">
    <p class='ocr_par' dir='ltr' id='par_1_12' title="bbox 98 4604 1859 4690">
     <span class='ocr_line' id='line_1_60' title="bbox 98 4604 1859 4690; baseline 0.005 -25"><span class='ocrx_word' id='word_1_523' title='bbox 98 4604 196 4679; x_wconf 84' lang='lat' dir='ltr'>tates,</span> <span class='ocrx_word' id='word_1_524' title='bbox 210 4608 244 4668; x_wconf 92' lang='lat' dir='ltr'>et</span> <span class='ocrx_word' id='word_1_525' title='bbox 271 4606 464 4669; x_wconf 88' lang='lat' dir='ltr'>varietates.</span> <span class='ocrx_word' id='word_1_526' title='bbox 480 4608 639 4686; x_wconf 86' lang='lat' dir='ltr'>Sequitur</span> <span class='ocrx_word' id='word_1_527' title='bbox 654 4625 661 4663; x_wconf 91' lang='lat'><strong>:</strong></span> <span class='ocrx_word' id='word_1_528' title='bbox 678 4625 697 4670; x_wconf 85' lang='lat'><strong>‹</strong></span> <span class='ocrx_word' id='word_1_529' title='bbox 717 4610 895 4686; x_wconf 89' lang='lat' dir='ltr'>Projiciam</span> <span class='ocrx_word' id='word_1_530' title='bbox 951 4611 1082 4690; x_wconf 90' lang='lat' dir='ltr'>quando</span> <span class='ocrx_word' id='word_1_531' title='bbox 1095 4611 1231 4688; x_wconf 88' lang='lat' dir='ltr'>peccata</span> <span class='ocrx_word' id='word_1_532' title='bbox 1246 4609 1281 4670; x_wconf 88' lang='lat' dir='ltr'>iu</span> <span class='ocrx_word' id='word_1_533' title='bbox 1296 4608 1396 4670; x_wconf 89' lang='lat' dir='ltr'>corde</span> <span class='ocrx_word' id='word_1_534' title='bbox 1409 4609 1555 4671; x_wconf 91' lang='lat' dir='ltr'>hominis</span> <span class='ocrx_word' id='word_1_535' title='bbox 1572 4610 1651 4673; x_wconf 85' lang='lat' dir='ltr'>iacit</span> <span class='ocrx_word' id='word_1_536' title='bbox 1661 4628 1750 4673; x_wconf 90' lang='lat' dir='ltr'>ares·</span> <span class='ocrx_word' id='word_1_537' title='bbox 1857 4670 1859 4675; x_wconf 80' lang='grc'>,</span> 
     </span>
    </p>
   </div>
   <div class='ocr_carea' id='block_1_12' title="bbox 67 4702 1755 5365">
    <p class='ocr_par' dir='ltr' id='par_1_13' title="bbox 67 4702 1755 5365">
     <span class='ocr_line' id='line_1_61' title="bbox 98 4702 1752 4778; baseline 0.002 -14"><span class='ocrx_word' id='word_1_538' title='bbox 98 4702 182 4764; x_wconf 85' lang='lat' dir='ltr'>teiu</span> <span class='ocrx_word' id='word_1_539' title='bbox 205 4703 375 4765; x_wconf 87' lang='lat' dir='ltr'>desertum</span> <span class='ocrx_word' id='word_1_540' title='bbox 399 4721 428 4777; x_wconf 68' lang='lat' dir='ltr'>r,</span> <span class='ocrx_word' id='word_1_541' title='bbox 450 4704 593 4767; x_wconf 79' lang='lat' dir='ltr'>hocest</span> <span class='ocrx_word' id='word_1_542' title='bbox 619 4705 655 4766; x_wconf 91' lang='lat' dir='ltr'>in</span> <span class='ocrx_word' id='word_1_543' title='bbox 683 4706 896 4768; x_wconf 91' lang='lat' dir='ltr'>solitudinem</span> <span class='ocrx_word' id='word_1_544' title='bbox 951 4722 1038 4777; x_wconf 90' lang='lat' dir='ltr'>cere,</span> <span class='ocrx_word' id='word_1_545' title='bbox 1067 4706 1190 4767; x_wconf 89' lang='lat' dir='ltr'>siccato</span> <span class='ocrx_word' id='word_1_546' title='bbox 1211 4704 1368 4766; x_wconf 89' lang='lat' dir='ltr'>videlicet</span> <span class='ocrx_word' id='word_1_547' title='bbox 1395 4704 1498 4767; x_wconf 90' lang='lat' dir='ltr'>liuvio</span> <span class='ocrx_word' id='word_1_548' title='bbox 1518 4706 1636 4778; x_wconf 84' lang='lat' dir='ltr'>Ethen,</span> <span class='ocrx_word' id='word_1_549' title='bbox 1663 4706 1752 4769; x_wconf 88' lang='lat' dir='ltr'>idest</span> 
     </span>
     <span class='ocr_line' id='line_1_62' title="bbox 96 4800 1749 4881; baseline 0.002 -21"><span class='ocrx_word' id='word_1_550' title='bbox 96 4800 317 4875; x_wconf 80' lang='lat' dir='ltr'>poenitennae,</span> <span class='ocrx_word' id='word_1_551' title='bbox 333 4816 352 4860; x_wconf 67' lang='lat' dir='ltr'>a</span> <span class='ocrx_word' id='word_1_552' title='bbox 366 4802 400 4862; x_wconf 94' lang='lat' dir='ltr'>et</span> <span class='ocrx_word' id='word_1_553' title='bbox 425 4817 540 4863; x_wconf 92' lang='lat' dir='ltr'>omnes</span> <span class='ocrx_word' id='word_1_554' title='bbox 563 4802 671 4880; x_wconf 93' lang='lat' dir='ltr'>pisces</span> <span class='ocrx_word' id='word_1_555' title='bbox 691 4802 787 4864; x_wconf 85' lang='lat' dir='ltr'>duvii</span> <span class='ocrx_word' id='word_1_556' title='bbox 801 4805 850 4865; x_wconf 89' lang='lat' dir='ltr'>tui</span> <span class='ocrx_word' id='word_1_557' title='bbox 865 4822 906 4864; x_wconf 56' lang='lat' dir='ltr'>»a</span> <span class='ocrx_word' id='word_1_558' title='bbox 951 4802 1087 4875; x_wconf 87' lang='lat' dir='ltr'>diaboli,</span> <span class='ocrx_word' id='word_1_559' title='bbox 1099 4803 1156 4881; x_wconf 90' lang='lat' dir='ltr'>qni</span> <span class='ocrx_word' id='word_1_560' title='bbox 1170 4803 1411 4879; x_wconf 89' lang='lat' dir='ltr'>interpretatur</span> <span class='ocrx_word' id='word_1_561' title='bbox 1422 4801 1529 4864; x_wconf 65' lang='lat' dir='ltr'>fortis,</span> <span class='ocrx_word' id='word_1_562' title='bbox 1547 4805 1594 4864; x_wconf 87' lang='lat' dir='ltr'>De</span> <span class='ocrx_word' id='word_1_563' title='bbox 1609 4803 1673 4864; x_wconf 89' lang='lat' dir='ltr'>hac</span> <span class='ocrx_word' id='word_1_564' title='bbox 1687 4803 1749 4864; x_wconf 87' lang='lat' dir='ltr'>de-</span> 
     </span>
     <span class='ocr_line' id='line_1_63' title="bbox 97 4895 1752 4978; baseline 0.003 -22"><span class='ocrx_word' id='word_1_565' title='bbox 97 4895 212 4959; x_wconf 88' lang='lat' dir='ltr'>Pisces</span> <span class='ocrx_word' id='word_1_566' title='bbox 227 4900 325 4958; x_wconf 86' lang='lat' dir='ltr'>extra</span> <span class='ocrx_word' id='word_1_567' title='bbox 339 4912 460 4974; x_wconf 87' lang='lat' dir='ltr'>aquam</span> <span class='ocrx_word' id='word_1_568' title='bbox 483 4899 686 4974; x_wconf 80' lang='lat' dir='ltr'>moriuntur3</span> <span class='ocrx_word' id='word_1_569' title='bbox 713 4916 790 4962; x_wconf 90' lang='lat' dir='ltr'>nam</span> <span class='ocrx_word' id='word_1_570' title='bbox 812 4902 898 4964; x_wconf 91' lang='lat' dir='ltr'>sicut</span> <span class='ocrx_word' id='word_1_571' title='bbox 952 4901 1133 4962; x_wconf 86' lang='lat' dir='ltr'>siccatione</span> <span class='ocrx_word' id='word_1_572' title='bbox 1159 4899 1242 4961; x_wconf 91' lang='lat' dir='ltr'>dicit</span> <span class='ocrx_word' id='word_1_573' title='bbox 1270 4900 1376 4960; x_wconf 87' lang='lat' dir='ltr'>isaias</span> <span class='ocrx_word' id='word_1_574' title='bbox 1403 4895 1467 4976; x_wconf 87' lang='lat'>(19,</span> <span class='ocrx_word' id='word_1_575' title='bbox 1491 4901 1511 4960; x_wconf 79' lang='lat' dir='ltr'>b</span> <span class='ocrx_word' id='word_1_576' title='bbox 1533 4900 1567 4960; x_wconf 92' lang='lat' dir='ltr'>et</span> <span class='ocrx_word' id='word_1_577' title='bbox 1586 4898 1621 4978; x_wconf 89' lang='lat'>8)</span> <span class='ocrx_word' id='word_1_578' title='bbox 1643 4921 1651 4958; x_wconf 75' lang='grc' dir='ltr'><strong><em>ε</em></strong></span> <span class='ocrx_word' id='word_1_579' title='bbox 1671 4916 1690 4960; x_wconf 72' lang='grc' dir='ltr'>(ι</span> <span class='ocrx_word' id='word_1_580' title='bbox 1712 4902 1752 4961; x_wconf 84' lang='lat' dir='ltr'>Et</span> 
     </span>
     <span class='ocr_line' id='line_1_64' title="bbox 96 4991 1749 5077; baseline 0.004 -26"><span class='ocrx_word' id='word_1_581' title='bbox 96 5004 124 5051; x_wconf 82' lang='lat' dir='ltr'>a</span> <span class='ocrx_word' id='word_1_582' title='bbox 137 4991 271 5053; x_wconf 87' lang='lat' dir='ltr'>flumine</span> <span class='ocrx_word' id='word_1_583' title='bbox 296 4994 395 5069; x_wconf 90' lang='lat' dir='ltr'>positi</span> <span class='ocrx_word' id='word_1_584' title='bbox 418 4994 454 5055; x_wconf 88' lang='lat' dir='ltr'>iu</span> <span class='ocrx_word' id='word_1_585' title='bbox 476 4995 605 5057; x_wconf 87' lang='lat' dir='ltr'>aridam</span> <span class='ocrx_word' id='word_1_586' title='bbox 627 4996 825 5077; x_wconf 85' lang='lat' dir='ltr'>moriuntur,</span> <span class='ocrx_word' id='word_1_587' title='bbox 849 4997 898 5058; x_wconf 93' lang='lat' dir='ltr'>sic</span> <span class='ocrx_word' id='word_1_588' title='bbox 952 5000 1083 5061; x_wconf 88' lang='lat' dir='ltr'>arescet</span> <span class='ocrx_word' id='word_1_589' title='bbox 1096 5013 1184 5076; x_wconf 92' lang='lat' dir='ltr'>aqua</span> <span class='ocrx_word' id='word_1_590' title='bbox 1196 4998 1236 5058; x_wconf 92' lang='lat' dir='ltr'>de</span> <span class='ocrx_word' id='word_1_591' title='bbox 1247 4998 1343 5069; x_wconf 86' lang='lat' dir='ltr'>mari,</span> <span class='ocrx_word' id='word_1_592' title='bbox 1356 4999 1390 5057; x_wconf 91' lang='lat' dir='ltr'>et</span> <span class='ocrx_word' id='word_1_593' title='bbox 1401 4995 1524 5056; x_wconf 84' lang='lat' dir='ltr'>fluvius</span> <span class='ocrx_word' id='word_1_594' title='bbox 1534 4995 1749 5070; x_wconf 91' lang='lat' dir='ltr'>desolabitur,</span> 
     </span>
     <span class='ocr_line' id='line_1_65' title="bbox 95 5089 1754 5173; baseline 0.005 -24"><span class='ocrx_word' id='word_1_595' title='bbox 95 5089 165 5165; x_wconf 89' lang='lat' dir='ltr'>ipsi</span> <span class='ocrx_word' id='word_1_596' title='bbox 178 5093 373 5167; x_wconf 88' lang='lat' dir='ltr'>peccatores</span> <span class='ocrx_word' id='word_1_597' title='bbox 386 5092 484 5168; x_wconf 83' lang='lat' dir='ltr'>ejecti</span> <span class='ocrx_word' id='word_1_598' title='bbox 500 5106 521 5154; x_wconf 90' lang='lat' dir='ltr'>a</span> <span class='ocrx_word' id='word_1_599' title='bbox 540 5092 634 5154; x_wconf 84' lang='lat' dir='ltr'>fluxu</span> <span class='ocrx_word' id='word_1_600' title='bbox 648 5093 806 5155; x_wconf 91' lang='lat' dir='ltr'>vitiorum</span> <span class='ocrx_word' id='word_1_601' title='bbox 826 5109 899 5157; x_wconf 93' lang='lat' dir='ltr'>mo·</span> <span class='ocrx_word' id='word_1_602' title='bbox 952 5098 1052 5173; x_wconf 90' lang='lat' dir='ltr'>atque</span> <span class='ocrx_word' id='word_1_603' title='bbox 1075 5094 1266 5158; x_wconf 88' lang='lat' dir='ltr'>siccabitur.</span> <span class='ocrx_word' id='word_1_604' title='bbox 1294 5092 1483 5155; x_wconf 87' lang='lat' dir='ltr'>Moerebuut</span> <span class='ocrx_word' id='word_1_605' title='bbox 1502 5093 1696 5169; x_wconf 85' lang='lat' dir='ltr'>piscatores,</span> <span class='ocrx_word' id='word_1_606' title='bbox 1719 5098 1754 5157; x_wconf 91' lang='lat' dir='ltr'>et</span> 
     </span>
     <span class='ocr_line' id='line_1_66' title="bbox 67 5184 1755 5268; baseline 0.005 -26"><span class='ocrx_word' id='word_1_607' title='bbox 67 5215 81 5241; x_wconf 62' lang='grc' dir='ltr'>ι</span> <span class='ocrx_word' id='word_1_608' title='bbox 96 5184 232 5249; x_wconf 86' lang='lat' dir='ltr'>riuutur</span> <span class='ocrx_word' id='word_1_609' title='bbox 247 5187 405 5262; x_wconf 90' lang='lat' dir='ltr'>peccatis,</span> <span class='ocrx_word' id='word_1_610' title='bbox 423 5189 545 5250; x_wconf 89' lang='lat' dir='ltr'>etcum</span> <span class='ocrx_word' id='word_1_611' title='bbox 561 5190 644 5266; x_wconf 88' lang='lat' dir='ltr'>ipsis</span> <span class='ocrx_word' id='word_1_612' title='bbox 659 5189 812 5251; x_wconf 90' lang='lat' dir='ltr'>diabolus</span> <span class='ocrx_word' id='word_1_613' title='bbox 826 5206 900 5252; x_wconf 91' lang='lat' dir='ltr'>mo-</span> <span class='ocrx_word' id='word_1_614' title='bbox 952 5192 1115 5268; x_wconf 85' lang='lat' dir='ltr'>lugebunt</span> <span class='ocrx_word' id='word_1_615' title='bbox 1142 5206 1257 5252; x_wconf 93' lang='lat' dir='ltr'>omnes</span> <span class='ocrx_word' id='word_1_616' title='bbox 1283 5191 1318 5251; x_wconf 93' lang='lat' dir='ltr'>in</span> <span class='ocrx_word' id='word_1_617' title='bbox 1346 5190 1469 5250; x_wconf 87' lang='lat' dir='ltr'>flumen</span> <span class='ocrx_word' id='word_1_618' title='bbox 1495 5190 1664 5251; x_wconf 90' lang='lat' dir='ltr'>mittentes</span> <span class='ocrx_word' id='word_1_619' title='bbox 1691 5190 1755 5251; x_wconf 91' lang='lat' dir='ltr'>ha·</span> 
     </span>
     <span class='ocr_line' id='line_1_67' title="bbox 96 5280 1751 5365; baseline 0.004 -23"><span class='ocrx_word' id='word_1_620' title='bbox 96 5280 196 5354; x_wconf 86' lang='lat' dir='ltr'>ritur,</span> <span class='ocrx_word' id='word_1_621' title='bbox 216 5299 285 5344; x_wconf 93' lang='lat' dir='ltr'>non</span> <span class='ocrx_word' id='word_1_622' title='bbox 309 5284 437 5346; x_wconf 88' lang='lat' dir='ltr'>audens</span> <span class='ocrx_word' id='word_1_623' title='bbox 464 5285 554 5364; x_wconf 89' lang='lat' dir='ltr'>ipsos</span> <span class='ocrx_word' id='word_1_624' title='bbox 583 5303 684 5365; x_wconf 91' lang='lat' dir='ltr'>super</span> <span class='ocrx_word' id='word_1_625' title='bbox 711 5286 781 5350; x_wconf 89' lang='lat' dir='ltr'>illis</span> <span class='ocrx_word' id='word_1_626' title='bbox 806 5289 899 5351; x_wconf 91' lang='lat' dir='ltr'>vitiis</span> <span class='ocrx_word' id='word_1_627' title='bbox 953 5305 1059 5361; x_wconf 93' lang='lat' dir='ltr'>mum,</span> <span class='ocrx_word' id='word_1_628' title='bbox 1087 5289 1120 5351; x_wconf 90' lang='lat' dir='ltr'>et</span> <span class='ocrx_word' id='word_1_629' title='bbox 1149 5287 1375 5365; x_wconf 91' lang='lat' dir='ltr'>expandentes</span> <span class='ocrx_word' id='word_1_630' title='bbox 1402 5288 1474 5348; x_wconf 92' lang='lat' dir='ltr'>rete</span> <span class='ocrx_word' id='word_1_631' title='bbox 1507 5302 1610 5364; x_wconf 88' lang='lat' dir='ltr'>super</span> <span class='ocrx_word' id='word_1_632' title='bbox 1633 5287 1751 5349; x_wconf 89' lang='lat' dir='ltr'>iaciem</span> 
     </span>
    </p>
   </div>
   <div class='ocr_carea' id='block_1_13' title="bbox 97 5376 899 5663">
    <p class='ocr_par' dir='ltr' id='par_1_14' title="bbox 97 5376 899 5663">
     <span class='ocr_line' id='line_1_68' title="bbox 97 5376 399 5443; baseline 0.02 -7"><span class='ocrx_word' id='word_1_633' title='bbox 97 5376 248 5441; x_wconf 88' lang='lat' dir='ltr'>ulterius</span> <span class='ocrx_word' id='word_1_634' title='bbox 256 5381 399 5443; x_wconf 87' lang='lat' dir='ltr'>tentare.</span> 
     </span>
     <span class='ocr_line' id='line_1_69' title="bbox 142 5478 899 5558; baseline 0.012 -20"><span class='ocrx_word' id='word_1_635' title='bbox 142 5478 323 5555; x_wconf 82' lang='lat' dir='ltr'>Sequitur:</span> <span class='ocrx_word' id='word_1_636' title='bbox 342 5482 390 5541; x_wconf 80' lang='lat' dir='ltr'>Pu</span> <span class='ocrx_word' id='word_1_637' title='bbox 414 5481 616 5558; x_wconf 71' lang='lat' dir='ltr'>corrsbcpistt</span> <span class='ocrx_word' id='word_1_638' title='bbox 634 5484 749 5558; x_wconf 83' lang='lat' dir='ltr'>cupito</span> <span class='ocrx_word' id='word_1_639' title='bbox 772 5486 899 5547; x_wconf 80' lang='lat' dir='ltr'>droce-</span> 
     </span>
     <span class='ocr_line' id='line_1_70' title="bbox 144 5589 468 5663; baseline 0.009 -16"><span class='ocrx_word' id='word_1_640' title='bbox 144 5589 185 5663; x_wconf 90' lang='grc'>(1)</span> <span class='ocrx_word' id='word_1_641' title='bbox 203 5591 290 5663; x_wconf 72' lang='lat' dir='ltr'>vulg.</span> <span class='ocrx_word' id='word_1_642' title='bbox 308 5607 316 5649; x_wconf 77' lang='grc' dir='ltr'><strong><em>ε</em></strong></span> <span class='ocrx_word' id='word_1_643' title='bbox 332 5592 468 5651; x_wconf 87' lang='lat' dir='ltr'>llumiuls.</span> 
     </span>
    </p>
   </div>
   <div class='ocr_carea' id='block_1_14' title="bbox 258 5726 532 5786">
    <p class='ocr_par' dir='ltr' id='par_1_15' title="bbox 258 5726 532 5786">
     <span class='ocr_line' id='line_1_71' title="bbox 258 5726 532 5786; baseline 0.011 -7"><span class='ocrx_word' id='word_1_644' title='bbox 258 5737 374 5782; x_wconf 76' lang='lat' dir='ltr'>resnou.</span> <span class='ocrx_word' id='word_1_645' title='bbox 394 5738 467 5783; x_wconf 76' lang='lat' dir='ltr'>roxa</span> <span class='ocrx_word' id='word_1_646' title='bbox 483 5726 532 5786; x_wconf 79' lang='lat' dir='ltr'>Vl.</span> 
     </span>
    </p>
   </div>
   <div class='ocr_carea' id='block_1_15' title="bbox 953 5368 1784 5555">
    <p class='ocr_par' dir='ltr' id='par_1_16' title="bbox 953 5368 1784 5555">
     <span class='ocr_line' id='line_1_72' title="bbox 954 5368 1784 5464; baseline 0.001 -17"><span class='ocrx_word' id='word_1_647' title='bbox 954 5402 1118 5464; x_wconf 87' lang='lat' dir='ltr'>aquarum</span> <span class='ocrx_word' id='word_1_648' title='bbox 1142 5385 1381 5446; x_wconf 88' lang='lat' dir='ltr'>emarcescent.</span> <span class='ocrx_word' id='word_1_649' title='bbox 1405 5401 1424 5444; x_wconf 71' lang='lat' dir='ltr'>r</span> <span class='ocrx_word' id='word_1_650' title='bbox 1444 5368 1583 5445; x_wconf 78' lang='lat' dir='ltr'>Arescet</span> <span class='ocrx_word' id='word_1_651' title='bbox 1604 5400 1694 5459; x_wconf 81' lang='lat' dir='ltr'>aquo</span> <span class='ocrx_word' id='word_1_652' title='bbox 1712 5389 1754 5448; x_wconf 85' lang='lat' dir='ltr'>de</span> <span class='ocrx_word' id='word_1_653' title='bbox 1782 5374 1784 5377; x_wconf 59' lang='grc'>’</span> 
     </span>
     <span class='ocr_line' id='line_1_73' title="bbox 953 5480 1753 5555; baseline 0 -10"><span class='ocrx_word' id='word_1_654' title='bbox 953 5485 1058 5555; x_wconf 76' lang='lat' dir='ltr'>mart,</span> <span class='ocrx_word' id='word_1_655' title='bbox 1084 5481 1171 5544; x_wconf 90' lang='lat' dir='ltr'>idest</span> <span class='ocrx_word' id='word_1_656' title='bbox 1191 5480 1338 5544; x_wconf 89' lang='lat' dir='ltr'>carnalis</span> <span class='ocrx_word' id='word_1_657' title='bbox 1363 5481 1475 5543; x_wconf 82' lang='lat' dir='ltr'>liunus</span> <span class='ocrx_word' id='word_1_658' title='bbox 1510 5482 1546 5541; x_wconf 91' lang='lat' dir='ltr'>in</span> <span class='ocrx_word' id='word_1_659' title='bbox 1570 5482 1753 5546; x_wconf 86' lang='lat' dir='ltr'>amaricato</span> 
     </span>
    </p>
   </div>
   <div class='ocr_carea' id='block_1_16' title="bbox 944 5594 1115 5666">
    <p class='ocr_par' dir='ltr' id='par_1_17' title="bbox 944 5594 1115 5666">
     <span class='ocr_line' id='line_1_74' title="bbox 944 5594 1115 5666; baseline -0.012 -12"><span class='ocrx_word' id='word_1_660' title='bbox 944 5594 948 5600; x_wconf 85' lang='lat'>&#39;</span> <span class='ocrx_word' id='word_1_661' title='bbox 996 5595 1038 5666; x_wconf 77' lang='grc'>(11</span> <span class='ocrx_word' id='word_1_662' title='bbox 1059 5596 1115 5654; x_wconf 89' lang='lat' dir='ltr'>Sic.</span> 
     </span>
    </p>
   </div>
   <div class='ocr_carea' id='block_1_17' title="bbox 1532 5729 1567 5785">
    <p class='ocr_par' dir='ltr' id='par_1_18' title="bbox 1532 5729 1567 5785">
     <span class='ocr_line' id='line_1_75' title="bbox 1532 5729 1567 5785; baseline 0.029 -1"><span class='ocrx_word' id='word_1_663' title='bbox 1532 5729 1567 5785; x_wconf 77' lang='lat'>30</span> 
     </span>
    </p>
   </div>
   <div class='ocr_carea' id='block_1_18' title="bbox 0 0 1994 6196">
    <p class='ocr_par' dir='ltr' id='par_1_19' title="bbox 0 0 1994 6196">
     <span class='ocr_line' id='line_1_76' title="bbox 0 0 1994 6196; baseline 0 0"><span class='ocrx_word' id='word_1_664' title='bbox 0 0 1994 6196; x_wconf 95' lang='lat' dir='ltr'> </span> 
     </span>
    </p>
   </div>
  </div>
 </body>
</html>
