3950 6200
29 315 115 379 'su
433 316 542 378 anns
570 271 1023 378 rarum-nxrosruo'
1044 315 1089 376 ru
1119 315 1322 376 rsnnuos.
1640 318 1701 384 osa

65 476 243 547 Arcturum,
254 475 287 537 et
301 474 481 548 Oriona,et
490 475 637 554 Hyadas,
647 476 680 538 et
690 475 852 537 interiora
947 474 1128 552 Sequitur:
1145 477 1298 537 Probent
1317 475 1456 549 tenpus
1476 489 1603 550 aquom
1615 490 1701 540 cen·

64 572 223 634 lustri.»
256 575 419 634 Arcturus
454 572 490 633 in
524 588 588 635 axe
619 573 694 634 coeli
725 573 850 649 septem
907 571 1136 635 trudtcttouts.
1172 575 1276 650 Aquae
1309 569 1595 646 contradictionis,
1624 576 1703 647 sunt

65 670 161 731 stellis
172 670 273 742 lucet,
290 685 422 748 semper
434 672 603 744 versatum
628 672 661 731 et
682 685 851 747 nunquam
906 685 1002 746 aquae
1030 671 1226 747 Scripturae3
1252 669 1341 731 unde
1367 671 1402 731 in
1424 670 1582 732 Matthaeo
1598 670 1642 750 (5,
1658 671 1702 733 25

64 767 224 843 mergitur.
243 768 298 828 Sic
315 767 476 839 Ecclesia,
497 768 568 828 sive
590 768 704 829 anima
729 767 762 827 in
786 781 852 827 axe
907 767 940 828 et
964 764 1018 845 26)
1037 787 1044 826 :
1069 768 1146 829 Esto
1169 767 1382 829 consentiens
1412 766 1607 829 adversario
1627 771 1697 840 tuo,

64 864 204 928 ueritatis
219 866 308 927 lucet
325 881 368 927 ex
384 863 570 941 septiformi
584 865 692 940 gratia
707 864 851 941 Spiritus
907 863 984 925 dum
999 880 1036 926 es
1048 865 1083 926 in
1099 864 1164 936 via,
1175 865 1289 927 saeculi
1300 863 1440 938 scilicet,
1449 863 1536 926 idest
1550 866 1699 926 sermoni

65 962 168 1024 Sancti
182 961 323 1038 repleta,
340 964 373 1024 et
388 961 465 1023 dum
485 961 758 1024 tribulationibus
773 976 852 1023 ver·
906 962 1032 1036 divino,
1053 962 1108 1038 qui
1131 963 1182 1023 est
1207 961 1395 1023 contrarius
1410 962 1574 1024 voluntati
1585 961 1699 1023 homi-

64 1065 158 1131 satur,
191 1074 258 1120 non
292 1059 422 1131 delicit,
450 1059 509 1120 sed
540 1060 694 1135 erigitur.
727 1059 851 1121 Oriona
906 1059 1009 1120 nisiu
1036 1059 1158 1121 saeculo
1181 1060 1410 1122 conversantis
1432 1074 1500 1120 :ne
1519 1058 1605 1122 rorte
1628 1060 1700 1121 tra-

64 1157 185 1233 signum
205 1159 256 1217 est
277 1157 483 1233 tempestatis
504 1156 671 1230 hiemalis,
688 1156 774 1235 quod
797 1173 853 1219 ex·
906 1157 963 1219 dat
974 1159 1007 1219 ῖθ
1013 1156 1131 1233 judici,
1148 1157 1297 1233 etjudex
1310 1156 1463 1218 tradatte
1474 1156 1622 1217 exactori
1639 1154 1699 1235 (1),

64 1254 134 1315 citat
156 1268 261 1328 mare,
283 1254 474 1331 terramque
488 1255 672 1332 perturbat.
690 1257 750 1317 Hae
774 1255 852 1316 sunt
906 1255 964 1331 qui
978 1255 1081 1332 ponat
1092 1255 1126 1315 te
1138 1255 1174 1314 in
1190 1269 1372 1325 carcerem,
1385 1252 1492 1315 donec
1512 1252 1633 1315 reddas
1647 1253 1702 1315 ul·

64 1351 255 1413 tentationes
274 1351 404 1423 cordis,
434 1352 506 1414 sive
537 1354 751 1429 tempestates
768 1374 776 1412 z
792 1351 850 1412 sed
905 1352 1024 1416 timum
1052 1350 1286 1428 quadrantem
1308 1350 1366 1428 qui
1389 1350 1591 1412 norissimus
1615 1366 1701 1428 qua-

63 1451 140 1509 bens
155 1448 235 1509 tacit
260 1448 407 1525 Hyadas,
440 1448 525 1510 idest
546 1448 712 1526 pluviales
734 1448 850 1511 stellas
905 1448 1006 1509 drans
1021 1448 1115 1510 reddi
1135 1464 1202 1511 uon
1228 1449 1346 1526 potest.
1363 1450 1433 1509 Hoc
1448 1448 1499 1509 est
1513 1446 1698 1524 peccatum,

63 1546 199 1608 orientes
220 1546 349 1618 vivere,
372 1545 458 1610 idest
483 1546 612 1610 confert
636 1546 794 1624 gratiam,
818 1548 851 1610 et
904 1545 940 1609 in
960 1561 1026 1622 quo
1055 1547 1198 1622 quatuor
1225 1547 1303 1608 sunt
1325 1545 1550 1622 quadraturae,
1572 1543 1702 1606 scilicet

63 1644 269 1706 serenitatem
290 1644 515 1717 conscientiae,
532 1644 612 1723 quia
642 1645 723 1707 tuuc
743 1660 849 1707 novus
904 1642 1284 1716 delectatio,cousensus
1294 1642 1448 1714 rationis,
1463 1642 1616 1703 executio
1625 1657 1702 1718 ope·

63 1742 104 1802 sol
127 1740 295 1803 mentibus
316 1740 488 1803 bominum
516 1742 641 1804 clarius
662 1742 760 1804 lucet.
778 1743 851 1804 «nt
905 1741 965 1815 ris,
981 1740 1094 1801 linaiis
1120 1740 1373 1817 impoenitentia.
1398 1739 1592 1814 Delectatio,
1619 1753 1702 1800 con-

62 1839 213 1901 interiora
234 1840 396 1902 Austri.»
414 1841 546 1912 Auster,
569 1839 683 1902 terror
706 1839 850 1917 Spiritus
905 1853 1025 1899 sensus
1035 1838 1189 1913 rationis,
1204 1837 1259 1899 vel
1274 1838 1427 1900 executio
1440 1837 1551 1914 operis
1559 1836 1701 1913 possunt

62 1938 178 2011 Sancti,
200 1938 258 2014 qui
272 1938 415 2013 glaciem
434 1937 556 1999 mentis
575 1936 740 2011 dissolvit,
764 1937 851 1999 sicut
905 1935 1043 1998 dissolri
1060 1953 1068 1996 :
1085 1935 1142 1997 sed
1158 1938 1289 2013 quarta,
1307 1935 1437 1997 scilicet
1455 1933 1567 1997 iinalis
1581 1934 1701 2010 impos·

61 2034 184 2109 Auster,
216 2034 274 2112 qui
306 2036 358 2097 est
382 2034 524 2106 calidus,
561 2036 595 2097 et
614 2050 738 2112 aquas,
767 2051 849 2112 quas
904 2033 1046 2095 nitentia
1061 2048 1231 2110 nunquam
1244 2032 1457 2094 dissolvetur.

60 2130 171 2207 Aquilo
192 2131 357 2208 congelat,
385 2131 555 2206 dissolrit;
582 2132 671 2193 unde
695 2132 852 2193 Cantico-

61 2243 127 2288 rum
148 2225 192 2305 (4,
217 2226 291 2307 lo):
310 2229 416 2304 Surge
428 2228 559 2307 Aquilo,
580 2230 612 2293 et
624 2229 702 2291 veni
715 2229 847 2302 Auster,
1260 2269 1262 2274 ,

59 2322 138 2386 idest
153 2325 298 2402 Spiritus
314 2327 445 2397 sancte,
462 2326 567 2403 perfla
582 2325 715 2388 bortum
726 2341 847 2399 meum,
1159 2317 1300 2378 SERMO
1322 2316 1445 2376 CLVII·

59 2422 208 2485 etfluant
228 2425 390 2485 ammata·
415 2425 521 2500 surge
541 2423 672 2502 Aquil⁰2
690 2423 747 2502 ‘ini
761 2439 850 2486 men·
904 2454 984 2524 Quod
1013 2463 1145 2529 peccator
1172 2470 1231 2513 non
1261 2455 1351 2514 credit
1366 2455 1501 2528 Domino,
1526 2451 1578 2515 sed
1604 2459 1698 2532 potius

59 2520 117 2580 um
142 2520 278 2596 3186ῧὲὶὲ
304 2542 312 2582 ³
335 2520 369 2582 θῖ
395 2520 473 2583 Vfflfi
507 2523 640 2593 Austffl's
678 2523 712 2583 θῑ
744 2522 848 2599 perfla
938 2543 1063 2602 diabolo.
1079 2544 1160 2614 Quod
1174 2559 1275 2602 sumus
1297 2543 1462 2603 coheredes
1479 2545 1604 2619 Cbristi;
1622 2547 1696 2605 etde

59 2616 182 2679 hortum
198 2633 320 2691 meum,
345 2617 433 2680 idest
452 2618 617 2681 interiora
637 2618 748 2681 cordis
770 2634 849 2694 gra-
939 2633 1058 2704 vilitate,
1078 2641 1106 2691 er
1125 2641 1216 2691 morte
1231 2633 1367 2691 leminis.

60 2714 98 2775 tia
118 2715 264 2792 Spiritus
280 2716 393 2778 Sancti
412 2714 569 2777 illustra:
590 2718 624 2778 et
637 2716 744 2778 fluant
765 2731 848 2778 aro·

60 2814 149 2880 mata,
173 2812 261 2873 idest
277 2812 474 2876 devotiones
488 2814 529 2875 de
544 2813 641 2875 horto
654 2813 776 2875 mentis
789 2813 849 2874 de-
902 2771 934 2830 Ε
933 2785 955 2845 9
956 2783 976 2830 ⁰
988 2771 1065 2831 dm
1078 2786 1090 2830 ³
1104 2771 1163 2830 litt
1175 2769 1269 2843 ems’
1281 2770 1316 2831 et
1331 2771 1395 2841 nm
1410 2773 1551 2832 mem
1567 2785 1697 2834 mm&

59 2907 204 2970 liciarum
230 2909 370 2972 tendant
395 2909 436 2971 ad
463 2912 579 2986 Deum,
606 2912 641 2973 et
667 2927 849 2989 compunc·
948 2866 1143 2928 Vosoutem
1165 2867 1255 2928 sicto
1268 2869 1425 2929 homines
1438 2871 1650 2943 mortemtnt,
1664 2869 1699 2929 et

58 3006 167 3070 tiones
185 3008 282 3069 unce
306 3008 341 3069 in
371 3008 517 3069 canticis
537 3006 586 3087 (a,
602 3007 636 3088 o)
662 3025 669 3070 :
696 3011 777 3081 ouae
798 3010 850 3070 ess
942 2964 1031 3024 “m
1045 2966 1421 3083 supereffluamus
1433 2966 1574 3027 mem·
1591 2963 1695 3046 (pm

58 3103 123 3178 ista,
138 3122 214 3182 quae
230 3105 383 3179 ascendit
396 3107 485 3168 sicut
498 3106 631 3182 virgula
653 3104 748 3179 fumi,
763 3106 850 3168 idest
942 3061 1024 3136 81’6
1039 3062 1073 3125 et
1090 3061 1131 3141 ”)

58 3198 258 3276 devotionis,
292 3216 337 3263 ex
370 3203 576 3265 aromatibus
611 3203 772 3280 myrrbae,
816 3204 850 3265 et
944 3202 1104 3267 Diabolus
1119 3203 1203 3266 dixit
1219 3221 1227 3260 z
1244 3204 1345 3266 Eritis
1364 3202 1452 3266 sicut
1479 3204 1531 3266 Dii
1553 3203 1649 3283 (Gen.
1666 3208 1697 3281 3,

59 3296 175 3361 thurist
190 3300 276 3372 Quia
287 3301 498 3379 compunctio
514 3300 613 3362 debet
626 3315 699 3363 esse
714 3316 757 3361 ex
778 3316 849 3362 car·
902 3297 957 3378 5);
981 3301 1014 3363 et
1030 3300 1194 3362 creditum
1216 3299 1280 3362 ruit
1298 3301 1341 3362 ei.
1360 3302 1449 3362 Deus
1463 3301 1544 3363 dicit
1559 3323 1568 3363 r
1581 3305 1697 3365 Eritis

57 3395 102 3456 nis
129 3397 392 3460 mortificatione
418 3419 426 3458 ι
448 3398 521 3461 haec
556 3401 607 3460 est
637 3398 790 3475 myrrba;
815 3399 848 3460 et
902 3398 1285 3470 vinclastrinxerant·
1315 3399 1349 3459 et
1377 3413 1444 3459 non
1464 3398 1612 3459 creditur
1632 3398 1696 3459 illi.

56 3492 144 3556 thure
164 3495 367 3569 devotionis,
395 3496 473 3573 quia
496 3495 608 3557 carnis
634 3495 847 3558 mortificatio
903 3495 972 3555 Imo
986 3509 1055 3555 non
1073 3495 1203 3555 tantum
1229 3494 1326 3569 dicit;
1342 3494 1400 3556 sed
1424 3495 1526 3558 etiam
1547 3495 1699 3558 extendit

56 3590 143 3654 debet
156 3592 352 3670 praecedere
366 3592 596 3669 devotionem
614 3593 701 3655 uude
713 3594 749 3654 iu
765 3595 847 3654 Gan·
902 3592 971 3654 tota
986 3590 1041 3653 die
1053 3607 1172 3653 manus
1195 3606 1286 3663 suas,
1302 3592 1340 3653 ut
1360 3591 1415 3654 det
1433 3592 1529 3653 nobis
1548 3594 1698 3670 promis·

54 3688 121 3749 ticis
142 3688 190 3768 (4,
202 3688 238 3767 6)
253 3690 400 3759 :Vadam
417 3690 458 3752 ad
480 3692 624 3752 montem
641 3690 798 3768 myrrtrae,
815 3692 848 3753 et
901 3705 986 3762 sum,
1004 3689 1134 3751 scilicet
1159 3704 1234 3751 esse
1258 3692 1360 3764 Deos;
1384 3690 1417 3751 et
1431 3689 1544 3751 nullus
1559 3690 1698 3767 respicit

54 3784 90 3845 ad
99 3786 218 3848 collem
233 3787 355 3860 thuris,
372 3787 460 3851 idest
474 3787 516 3850 ad
530 3788 758 3860 eminentiam,
775 3787 847 3849 sire
901 3786 944 3847 ad
971 3802 1092 3848 manns
1114 3789 1205 3864 ejus;
1234 3786 1322 3849 undo
1346 3788 1443 3849 Isaiae
1459 3785 1524 3865 (65,
1543 3788 1618 3849 2ad
1638 3787 1693 3868 4);
1723 3810 1725 3817 ’

54 3884 281 3946 excellentiam
296 3884 424 3948 devotae
436 3885 610 3947 orationis.
901 3886 1013 3946 «Tota
1024 3885 1078 3946 die
1089 3885 1234 3962 expandi
1247 3900 1368 3947 manus
1381 3900 1473 3946 meas
1484 3885 1524 3946 ad
1539 3885 1699 3964 populum

85 3984 127 4041 lu
139 3983 339 4044 abscondito
354 3983 569 4056 reinbernus
580 3987 725 4058 probant
746 3983 791 4046 te.
810 3982 856 4044 in
902 3997 969 4044 non
989 3982 1178 4045 credentem
1194 3981 1254 4062 (2),
1275 3982 1332 4043 sed
1351 3982 1632 4046 contradicentem
1649 3983 1698 4064 (3)

53 4075 243 4140 abscondita
267 4079 388 4141 mentis
408 4079 598 4142 turbatione
619 4080 737 4156 probat
759 4083 846 4142 Deus
901 4080 996 4149 mitri,
1020 4081 1076 4157 qui
1092 4080 1245 4156 graditur
1256 4080 1354 4143 invia
1369 4081 1533 4142 neubona
1548 4082 1623 4159 post
1633 4097 1694 4142 co-

53 4173 227 4248 bominem,
256 4177 345 4238 unde
371 4177 506 4238 Nahum
520 4175 565 4256 (1,
578 4176 612 4257 3)
627 4200 634 4237 :
654 4180 847 4241 «Dominus
900 4177 1080 4252 gitationes
1093 4193 1182 4266 suas.
1196 4177 1425 4255 Populus,.qui
1436 4177 1696 4239 adiracundiam

52 4271 82 4331 in
101 4274 310 4351 tempestate,
334 4276 367 4336 et
380 4274 513 4336 turbine
534 4273 599 4336 siae
620 4277 710 4351 ejus,
732 4277 765 4337 et
785 4291 847 4337 ne-
901 4276 1117 4350 provocatme
1132 4277 1209 4335 ante
1220 4273 1339 4336 taciem
1351 4289 1458 4335 meam
1473 4275 1697 4352 semper:qui
1781 4283 1793 4300 '

50 4367 131 4432 balae
154 4371 266 4448 pulvis
288 4372 408 4448 pedum
439 4375 559 4448 ejus.»
588 4372 726 4444 Quando
754 4374 845 4435 enim
901 4370 1075 4432 immolant
1088 4371 1122 4431 in
1133 4371 1251 4443 bortis,
1264 4372 1297 4432 et
1314 4371 1507 4432 sacrificant
1524 4386 1626 4447 super
1637 4372 1693 4433 la-

51 4468 266 4546 tempestatur
286 4484 356 4536 cor,
372 4471 404 4530 et
426 4472 477 4531 est
500 4468 536 4530 in
551 4469 696 4541 turbine,
713 4472 745 4533 et
760 4486 845 4532 con·
899 4469 989 4529 teres
1007 4490 1014 4528 :
1032 4468 1088 4545 qui
1113 4467 1266 4530 habitant
1286 4468 1321 4529 in
1343 4467 1518 4544 sepulcris,
1535 4471 1568 4530 et
1591 4470 1626 4530 in
1643 4470 1699 4531 de·

50 4564 153 4630 fundit
186 4582 225 4628 se
246 4565 421 4639 fluctibus,
453 4565 539 4628 idest
565 4566 845 4630 amaritudinibus
900 4564 1699 4645 lubrisidolorumdormiunt.»l‘otadieexpan·

49 4667 257 4738 peccatorum
290 4680 443 4738 suornm,
470 4665 503 4725 et
522 4663 613 4726 dolet
638 4664 845 4730 recordando
900 4663 949 4725 dit
975 4679 1094 4724 manus
1120 4678 1199 4724 sues
1220 4663 1256 4724 in
1282 4678 1382 4725 cruce
1410 4679 1472 4742 pro
1498 4666 1607 4741 nobis,
1634 4682 1697 4729 nec

48 4758 114 4835 itta,
129 4766 213 4824 tunc
235 4761 391 4824 suntsiae
417 4761 550 4822 Domini
575 4760 707 4823 adcor.
734 4764 781 4823 nt
807 4766 845 4827 tn
899 4759 1114 4837 erubuitpius
1127 4760 1297 4837 magister,
1307 4762 1343 4822 ut
1352 4777 1414 4823 uos
1427 4763 1696 4838 amplecteretnr;

49 4858 193 4931 turbine,
212 4859 291 4936 quia
307 4858 394 4921 sicut
408 4858 504 4924 turbo
525 4858 696 4935 puluerem
713 4859 755 4921 ab
777 4860 844 4923 imo
899 4858 932 4920 et
959 4873 1026 4923 non
1041 4858 1112 4921 vult
1132 4858 1164 4919 ei
1180 4858 1279 4920 homo
1294 4859 1441 4930 credere,
1465 4859 1523 4921 sed
1550 4859 1695 4923 diabolo.

47 4952 83 5015 ad
99 4970 267 5015 summum
286 4952 449 5027 subleuat,
467 4954 516 5013 sic
542 4953 689 5014 concitat
705 4954 844 5030 spiritus
899 4973 917 5016 c
939 4957 1002 5028 Qui
1024 4956 1198 5018 immolant
1216 4957 1252 5018 in
1266 4956 1384 5018 hortis.
1398 4958 1498 5017 »Hoc
1513 4958 1565 5018 est
1578 4959 1695 5019 contra

47 5050 198 5117 rnoeroris
237 5050 407 5128 pulverem
446 5050 659 5127 peccatorum
697 5049 739 5111 ab
777 5051 844 5113 imo
899 5053 1050 5115 clericos.
1076 5054 1286 5116 Hortussunt
1299 5053 1453 5115 carnales
1469 5053 1614 5128 deliciae3
1631 5054 1697 5115 im·

47 5148 157 5210 cordis
171 5147 211 5208 ad
229 5147 364 5208 oculum
386 5148 598 5225 cognitionis,
621 5148 655 5208 et
675 5147 724 5210 sic
739 5149 775 5211 ilt
789 5150 843 5211 ria
899 5150 1026 5213 molare
1040 5166 1121 5227 ergo
1143 5153 1306 5212 intortis
1320 5151 1372 5212 est
1395 5149 1505 5211 dicere
1520 5153 1639 5226 Horas,
1663 5152 1698 5214 et

47 5243 190 5303 Domini.
212 5246 259 5304 De
282 5243 344 5304 bac
360 5245 471 5305 autem
486 5243 683 5321 tempestate
697 5244 843 5307 dicitur:
898 5249 1085 5309 orationem
1113 5247 1148 5308 in
1177 5246 1370 5308 carnalibus
1391 5246 1533 5322 deliciis,
1546 5249 1581 5309 ut
1594 5250 1694 5325 juxta

45 5339 255 5407 ‹Mirabiles
280 5339 443 5402 elationes
471 5341 593 5413 maris,
618 5341 783 5404 mirabilis
808 5343 844 5405 in
898 5345 1107 5422 ignem,etin
1122 5344 1209 5407 lecto
1225 5358 1374 5414 sunnon
1384 5343 1578 5407 dimittendo
1593 5346 1695 5407 etiam

44 5436 118 5499 altis
133 5437 345 5505 Dominus»
360 5436 467 5518 (Psal.
481 5440 531 5511 92,
549 5438 595 5518 4.)
898 5443 985 5503 alias
1010 5440 1164 5503 carnales
1192 5441 1442 5505 delectationes.
1458 5444 1496 5505 In
1511 5442 1610 5505 tertio
1637 5458 1696 5506 re-

77 5571 118 5641 (Ι)
139 5569 252 5642 Vulg.:
269 5569 412 5627 ministro.
933 5573 972 5645 (3)
992 5574 1074 5632 Vera.
1090 5587 1186 5645 grnca
1200 5571 1286 5631 Lxx.

76 5641 118 5713 (²)
138 5641 228 5715 vulg.
244 5656 252 5697 ε
269 5642 406 5715 populum
421 5640 608 5701 incredulum.
