3950 6200
1777 259 1836 321 112

814 265 991 329 Hortatur
1003 267 1058 333 ,ΙΙΙ
1079 265 1227 333 OPERA.

199 265 254 327 1t1

197 441 234 487 se
257 423 424 497 astrinxit,
441 440 571 488 necnon
586 426 770 502 ingranam
787 427 989 503 apostolicae
1043 426 1183 488 latorem
1217 423 1430 502 praesentium
1463 422 1699 501 praesentatas,
1735 419 1834 482 solita

197 522 292 584 Sedis
308 522 465 598 injuriam
488 525 521 584 et
534 523 767 599 contemptum,
784 525 838 585 cui
850 540 988 599 regnum
1043 522 1247 599 benignitate
1270 522 1465 598 recepimus,
1493 531 1526 583 et
1544 535 1658 581 earum
1682 520 1834 579 tenorem

195 634 269 680 esse
285 619 490 694 dignoscitur
503 620 545 681 ad
561 620 716 696 specialis
738 620 873 682 ditionis
895 622 987 682 indi·
1042 621 1140 696 pleno
1162 620 1364 695 collegarum
1378 618 1559 689 intellectu,
1576 618 1706 692 gratmn
1729 615 1763 676 et
1776 630 1836 676 ac-

195 717 283 776 cium
298 717 466 787 censuale,
480 719 513 777 et
525 732 623 793 quam
639 718 746 778 eidem
764 718 837 793 regi
860 718 986 779 astrin·
1042 720 1171 793 ceptum
1184 718 1348 793 gerentes,
1369 714 1454 792 quod
1465 717 1563 791 juxta
1584 713 1730 774 debitum
1751 727 1833 788 pas·

194 813 244 889 git
268 816 341 889 ejus
365 813 495 875 devotio
520 814 685 890 specialis.
702 815 865 886 Quoniam
885 815 988 891 igitur
1042 814 1157 875 foralis
1174 814 1276 874 officii
1287 813 1465 890 prudenter
1480 811 1678 873 interdicitis
1692 809 1734 871 ad
1747 825 1833 870 con·

193 911 321 972 tautum
335 909 475 973 subsidii
495 913 606 973 Terrae
628 914 758 973 Sanctae
778 912 985 988 dispendium
1040 911 1216 973 vertendos
1235 910 1276 972 ad
1301 911 1528 988 poeniteutiam
1548 910 1750 986 peccatores.
1769 909 1835 967 Su-

192 1009 386 1084 tantumquo
410 1010 620 1070 nostramet
645 1008 802 1070 Ecclesiae
828 1011 985 1071 Romanae
1041 1022 1100 1084 per
1125 1024 1164 1070 eo
1193 1010 1314 1076 autem,
1342 1007 1438 1084 quod,
1461 1007 1546 1068 sicut
1568 1007 1688 1067 vestrm
1711 1004 1834 1065 litterae

192 1105 415 1181 contemptum
444 1104 505 1164 sub
540 1105 806 1167 dissimulatione
841 1106 985 1167 transire
1040 1105 1230 1177 continent,
1259 1105 1400 1178 Gacecli,
1426 1104 1602 1166 Almisiani
1628 1103 1762 1180 piratae,
1789 1101 1834 1161 ad

191 1201 985 1273 necrolumus,necdebemus,uobilitatemtuam
1039 1202 1159 1263 restrae
1175 1203 1421 1278 praedicationis
1440 1201 1634 1262 instantiam
1648 1215 1684 1260 se
1702 1198 1832 1275 promi-

191 1314 380 1370 monemus,
410 1314 568 1375 rogamus
603 1300 636 1361 et
670 1299 732 1360 sub
765 1299 985 1361 obtestatione
1040 1300 1154 1360 serunt
1183 1298 1357 1376 piraticam
1391 1297 1601 1376 tyrannidem
1636 1296 1677 1358 de
1709 1297 1832 1356 caetero

191 1394 296 1455 divini
317 1394 438 1470 iudicii
467 1393 690 1467 obsecramus,
713 1410 774 1472 per
793 1395 983 1472 apostolica
1039 1397 1238 1468 omissuros,
1273 1396 1449 1458 dummodo
1481 1395 1636 1456 Ecclesiae
1672 1395 1833 1455 Romanas

189 1491 250 1552 tibi
272 1491 395 1568 scripta
420 1491 570 1553 districte
594 1493 818 1568 praecipiendo
845 1491 985 1553 manda·
1038 1494 1180 1568 gratiam
1196 1494 1329 1555 valeant
1350 1493 1523 1561 rehabere,
1546 1508 1585 1553 ac
1603 1507 1662 1568 per
1681 1490 1831 1552 eamdem

188 1605 273 1659 mus,
291 1589 455 1665 quatenus
466 1587 597 1650 obsides
613 1590 646 1651 et
663 1589 836 1666 pecuniam
852 1604 983 1667 quama
1038 1591 1166 1666 possint
1178 1591 1273 1652 sedes
1283 1591 1556 1668 patrimoniorum
1568 1604 1704 1650 suorum
1719 1603 1833 1662 arege

189 1702 269 1760 rege
285 1685 442 1762 recepisti
458 1685 627 1762 praedicto,
647 1687 679 1747 ei
699 1686 771 1747 sine
788 1685 983 1748 difficultate
1038 1689 1198 1765 recipere,
1219 1688 1339 1765 quibus
1359 1688 1400 1749 ab
1418 1704 1457 1749 eo
1478 1703 1515 1748 se
1534 1686 1688 1748 asserunt
1706 1684 1835 1761 spolia·

190 1783 357 1854 restituae,
375 1785 438 1844 etc.
455 1785 573 1844 Datum
594 1784 763 1850 Laterani,
780 1786 822 1844 IV
837 1783 982 1861 idusju-
1038 1787 1100 1857 tos,
1130 1785 1223 1847 vobis
1254 1785 1477 1862 adpraesens,
1510 1783 1670 1845 fratribus
1704 1780 1832 1843 nostris

188 1880 248 1951 nii,
263 1881 475 1957 pontificatus
496 1882 602 1943 nostri
614 1897 702 1942 anno
717 1881 856 1942 decimo.
1038 1884 1172 1959 propter
1185 1883 1416 1959 intemperiem
1430 1882 1518 1943 aeris
1540 1879 1743 1950 absentibus,
1765 1893 1832 1938 ne-

1038 1981 1169 2056 quimus
1181 1980 1331 2055 plenarie
1343 1978 1545 2056 respondere
1555 1995 1563 2053 ;
1575 1980 1612 2039 ut
1623 1979 1735 2038 autem
1743 1975 1834 2037 inte·

1037 2078 1100 2139 rim
1119 2077 1169 2137 illi
1193 2077 1309 2152 gratiae
1335 2092 1371 2137 se
1396 2077 1562 2154 coaptent,
1588 2073 1831 2136 fraternitatem

1036 2175 1183 2236 vestram
1204 2189 1375 2234 menemus
1399 2174 1537 2243 attente,
1557 2187 1616 2248 per
1640 2169 1832 2248 Apostolica

1037 2272 1162 2346 scripta
1176 2270 1270 2331 vobis
1281 2270 1486 2341 mandantes,
1497 2271 1658 2346 quatenus
1668 2266 1832 2328 moneatis

1037 2367 1217 2445 prudenter
1235 2368 1366 2429 eosdem
1390 2368 1423 2428 et
1444 2367 1624 2428 efficaciter
1647 2364 1829 2429 inducatis.

519 2114 657 2201 CLXII

313 2266 366 2326 Ad
390 2266 577 2340 capitulum
595 2266 861 2327 Rosbtldensem.

474 2396 505 2451 rr
520 2393 593 2468 Junu
609 2394 688 2453 rrae.

311 2508 412 2574 [Subm,
426 2510 492 2560 llist.
508 2510 535 2559 af
547 2508 700 2566 Danemarlr,
711 2508 754 2567 ΙΙΙ,
771 2507 839 2572 lid]
884 2531 886 2536 .

188 2625 222 2683 Ei
238 2624 366 2698 indulget
377 2633 409 2682 ut
421 2624 456 2682 ad
472 2623 667 2698 recipiendum
681 2625 708 2681 in
723 2625 853 2682 ecclesiae
867 2622 978 2682 Roskil·

221 2713 319 2770 densis
341 2715 497 2770 canonicos
517 2727 655 2789 personas
678 2711 819 2770 defectum
844 2712 981 2769 naiadum

222 2802 362 2872 patientes
376 2815 461 2858 nemo
473 2815 524 2857 eos
537 2816 644 2873 cogere
655 2802 753 2874 possit.

227 2929 343 2987 Cuma
363 2927 458 2988 nobis
480 2929 603 3004 petitur
624 2928 710 3005 quod
731 2927 857 3003 justum
875 2928 926 2990 est
949 2928 982 2990 et

187 3024 375 3097 honestum,
398 3026 466 3087 tam
488 3026 584 3102 vigor
601 3025 767 3103 aequitatis
786 3041 884 3103 quam
900 3025 980 3087 ordo

188 3123 294 3198 exigit
308 3124 460 3196 rationis,
475 3126 512 3185 ut
531 3123 563 3184 id
580 3139 639 3200 per
653 3123 911 3184 sollicitudinem
925 3123 979 3185 of-

187 3220 255 3281 ficii
265 3221 371 3283 nostri
382 3221 422 3282 ad
432 3220 577 3282 debitum
586 3221 978 3298 perducamuseffectum.

185 3320 378 3395 Eapropter‚
408 3318 521 3380 dilecti
536 3318 570 3379 iu
595 3318 734 3380 Domino
755 3319 828 3390 dlii,
856 3320 979 3380 vestris

181 3416 283 3492 Justis
309 3415 587 3491 postulationibus
614 3418 709 3492 grato
743 3419 979 3479 concurrentes

185 3529 339 3587 assensn,
352 3514 549 3575 auctoritate
564 3516 680 3575 nostra
695 3515 908 3591 praesentium
923 3516 979 3576 in-

185 3611 371 3687 dulgemus,
397 3613 434 3672 ut
459 3611 501 3671 ad
526 3611 754 3687 recipiendum
769 3612 804 3672 iu
829 3613 979 3673 ecclesiae

183 3711 304 3771 vestrae
320 3709 500 3771 canonicos
513 3725 687 3786 personas,
704 3709 869 3772 defectum
884 3712 981 3772 nata-

183 3805 266 3866 lium
281 3807 455 3883 patientes,
473 3821 570 3866 nemo
585 3821 705 3882 cogere
726 3822 785 3867 vos
807 3807 912 3883 possit
926 3807 980 3867 in-

183 3903 281 3973 vitos,
292 3902 417 3979 absque
428 3903 772 3980 specialiApostolicae
782 3904 877 3964 Sedis
891 3920 980 3965 man·

183 4000 271 4070 dato,
308 3999 452 4061 faciente
480 4000 520 4061 de
549 4000 612 4061 bac
636 4003 750 4062 nostra
771 4001 978 4077 indulgentia

183 4098 395 4159 mentionem.
424 4097 516 4158 Nulli
538 4112 617 4172 ergo
644 4099 778 4158 omnino
808 4098 979 4160 bominum

183 4195 295 4264 liceat,
310 4198 372 4257 etc.
399 4196 517 4258 Datum
536 4195 705 4268 Laterani,
732 4198 777 4257 ΙΙΙ
794 4195 867 4256 idus
878 4197 977 4275 junii,

184 4309 273 4354 auno
289 4292 428 4355 deoim0.

502 4459 660 4549 CLXIII

271 4613 323 4671 Ad
345 4613 639 4686 crenieptscopum
657 4615 895 4686 spararemem

386 4707 421 4768 et
434 4709 676 4783 suffraganeos
692 4713 778 4780 ejas.

475 4837 507 4893 ll
519 4837 591 4909 Junii
603 4836 682 4895 laio.

329 4951 420 5016 [Fejcn
438 4951 499 5003 Cod.
522 4951 583 5016 dipl.
596 4952 689 5015 liung,
700 4952 742 5010 ΙΙΙ,
755 4965 783 5006 ιι,
796 4952 848 5015 BL]

185 5070 286 5128 Pisatis
298 5066 518 5126 dimisianisab
535 5065 649 5124 Andrea
662 5081 731 5140 rege
747 5069 903 5142 ilungariae
918 5069 979 5141 pul·

219 5159 268 5228 sis,
286 5157 321 5215 ad
337 5156 535 5229 penitentiam
552 5154 617 5212 lacti
640 5156 773 5226 reversis,
791 5171 873 5229 spem
888 5159 979 5215 veniae

219 5262 254 5304 ac
268 5245 378 5304 sedium
391 5242 650 5317 recuperandorum
666 5241 742 5302 fucit.

152 5441 158 5446 ,
227 5372 405 5444 Honorius,
431 5373 507 5443 eto,
523 5370 776 5447 archiepiscopo
792 5372 979 5448 Spalatensi

185 5474 216 5532 et
230 5469 451 5543 suffraganeis
467 5472 550 5546 ejus,
567 5469 629 5530 etc.

227 5565 458 5629 fraternitatis
470 5567 589 5629 vestrae
610 5566 740 5629 litteras
760 5565 854 5629 nobis
870 5583 930 5646 per
942 5570 978 5629 L.

1037 2466 1073 2528 ut
1087 2468 1256 2526 cessantes
1275 2480 1297 2525 a
1320 2465 1419 2536 malo,
1436 2463 1632 2525 benefacere
1654 2461 1829 2539 incipiant,

1036 2563 1070 2625 et
1098 2562 1311 2639 persistant:
1337 2561 1414 2638 quia
1440 2578 1515 2622 cum
1539 2562 1647 2622 mater
1680 2559 1832 2620 Ecclesia

1036 2675 1205 2736 uunquam
1221 2659 1262 2719 ad
1289 2674 1325 2718 se
1349 2657 1563 2720 redeuntibus
1590 2656 1724 2719 claudat
1747 2671 1830 2731 gre-

1037 2758 1138 2816 mium
1166 2756 1311 2832 pietatis,
1328 2756 1356 2815 si
1377 2772 1457 2817 vere
1476 2755 1702 2832 poenituerint,
1721 2753 1764 2813 ab
1789 2768 1831 2813 ea

1036 2853 1134 2914 facile
1146 2854 1301 2930 poterunt
1309 2853 1441 2914 veniam
1456 2853 1645 2929 impetrare.
1665 2852 1747 2911 Cum
1768 2865 1833 2910 au-

1035 2950 1101 3012 tem
1130 2949 1210 3010 dicti
1239 2949 1359 3011 fratres
1386 2949 1427 3009 ad
1455 2964 1516 3009 nos
1537 2948 1672 3018 fuerint,
1690 2946 1832 3007 Domino

1036 3046 1147 3119 dante,
1174 3046 1313 3119 reversi,
1331 3061 1391 3107 nos
1416 3061 1518 3122 super
1544 3044 1607 3106 boc
1630 3043 1833 3105 fiducialiter

1035 3144 1227 3221 requiratis,
1240 3145 1318 3220 quia
1329 3143 1511 3205 secundum
1520 3158 1636 3203 eorum
1651 3141 1830 3202 consilium

1036 3241 1178 3303 libenter
1192 3242 1362 3303 conversis
1382 3240 1424 3301 ad
1449 3239 1677 3317 poeniteutiam
1697 3238 1832 3299 veniam

1036 3339 1275 3416 impendemus.
1288 3340 1406 3401 Datum
1418 3335 1829 3413 Laterani,IIlidusJ‘unii,

1036 3453 1124 3498 anuo
1137 3436 1276 3498 decimo.

1356 3601 1510 3692 CLXIV

1142 3749 1195 3808 Ad
1208 3749 1405 3822 episcopum
1418 3749 1720 3809 cenomanensem.

1328 3869 1361 3925 ll
1373 3868 1446 3940 iunii
1459 3868 1536 3925 1226.

1066 3982 1186 4047 [Regest.,
1198 3983 1242 4033 lib.
1254 3983 1286 4041 X,
1301 3982 1376 4047 epist.
1388 3983 1442 4033 ala.
1454 3985 1512 4033 llss.
1525 3984 1561 4033 La
1572 3984 1648 4034 Porta
1658 3982 1693 4032 du
1703 3982 1799 4048 Theti]

1034 4099 1270 4160 constitutionem
1281 4099 1316 4155 ad
1328 4099 1533 4156 monasterium
1546 4099 1723 4156 sublacense
1731 4098 1767 4156 de
1778 4113 1832 4156 esu

1165 4239 1167 4243 .
1237 4188 1367 4243 carnium
1382 4187 1479 4243 datam
1491 4187 1623 4259 explicat.

1074 4304 1828 4381 Honoriusepiscopus,servusservorumDei,

1034 4401 1219 4464 venerabili
1242 4401 1375 4462 fratri...
1397 4402 1552 4479 episcopo
1574 4401 1828 4473 cenomanensi,

1035 4500 1174 4561 salutem
1187 4499 1220 4560 et
1233 4499 1456 4574 apostolicam
1470 4498 1746 4559 benedictionem.

1074 4598 1120 4657 lle
1149 4595 1321 4657 monacbis
1348 4594 1427 4666 illis,
1458 4596 1513 4671 qui
1546 4594 1649 4657 verba
1674 4595 1828 4673 quaedam

1034 4694 1281 4755 constitutionis
1301 4692 1404 4763 illius,
1420 4692 1576 4753 videlicet
1594 4709 1669 4754 cum
1687 4692 1730 4753 ad
1750 4709 1828 4753 mo-

1034 4791 1216 4852 nasterium
1241 4788 1444 4851 sublacense
1467 4804 1567 4865 super
1593 4804 1652 4849 esu
1676 4789 1831 4850 carnium

1034 4903 1094 4964 per
1114 4887 1253 4948 extorta
1272 4885 1558 4962 interpretationis
1580 4886 1739 4961 injuriam
1759 4887 1832 4948 suis

1034 4983 1209 5045 affectibus
1234 4981 1404 5059 applicare
1432 4982 1595 5054 nituntur,
1627 4981 1832 5046 fraternitati

1034 5083 1100 5143 tuae
1114 5079 1260 5142 breviter
1274 5080 1524 5155 respondemus,
1542 5078 1628 5155 quod
1648 5080 1755 5154 gratis
1770 5096 1832 5148 er-

1034 5178 1120 5248 rant,
1132 5177 1293 5253 gratoque
1306 5177 1371 5238 sibi
1383 5176 1600 5237 blandiuntur
1611 5191 1737 5248 errore,
1752 5178 1833 5240 dum

1034 5276 1069 5336 in
1084 5274 1206 5336 talibus
1225 5274 1391 5350 appetitus
1406 5273 1576 5334 licentiam
1592 5273 1679 5335 ultra
1699 5289 1833 5337 conan-

1034 5374 1090 5434 tur
1104 5371 1295 5442 extendere,
1313 5386 1411 5447 quam
1428 5369 1595 5444 regularis
1608 5369 1833 5435 observantie

1036 5468 1245 5546 providentia
1292 5468 1448 5543 patiatur.
1492 5468 1610 5528 Datum
1659 5471 1831 5542 Laterani,

1035 5569 1093 5628 XV
1106 5564 1268 5627 kalendas
1280 5564 1369 5642 Julii,
1387 5578 1475 5626 anno
1491 5563 1629 5625 decimo.
