3950 6200
115 286 155 348 iti
595 268 703 332 PARS
726 266 926 329 SECUNDA·
942 295 985 311 -
1002 266 1198 328 REGULAE.
1659 266 1723 328 282

116 445 139 506 et
147 437 195 515 tici
204 436 307 498 nebu.
330 433 533 507 Ubicumque
547 430 629 493 cunt
647 432 714 491 duo
733 432 787 490 vet
801 427 874 490 tres
931 424 1083 488 dilexisti
1096 441 1169 498 nos,
1190 426 1300 503 ipsum
1314 438 1431 488 verum
1444 427 1548 488 Deum
1563 424 1596 489 et
1613 441 1731 490 rerum

114 533 285 613 marcenti
307 535 345 593 tn
368 534 507 593 nomine
528 542 628 599 meo,
655 528 702 588 tbi
727 540 805 587 sum
837 527 875 586 tn
930 523 1158 585 hominemex
1179 523 1327 599 gloriosa
1346 539 1479 601 semper
1498 524 1636 601 Virgine
1650 524 1733 588 hea-

114 627 609 709 nmiommm(Matth.,xv1n‚
634 622 875 703 rothomago
930 621 1062 682 tissima
1082 622 1197 683 sancta
1221 622 1330 683 Maria
1354 622 1447 683 nasci
1475 621 1596 696 fecisti,
1620 624 1653 686 et
1672 639 1734 701 per

114 733 253 795 omnnem
265 741 346 788 sum
360 739 468 799 usquc
486 726 531 786 ad
546 722 877 785 cmmtmmettoncnt
931 734 1077 789 crucem,
1107 719 1141 780 et
1166 720 1375 795 sanguinem,
1402 720 1436 781 ct
1458 723 1599 782 mortem
1622 721 1731 799 ipsius

113 829 198 893 amant
216 822 496 903 (Matth.,xxvur,
520 838 551 882 v.
568 817 655 898 ult).
681 820 876 891 Verbaque
933 832 995 878 nos
1013 816 1162 894 captivos
1187 817 1352 878 redimere
1373 817 1522 879 voluisti.
1543 820 1583 880 Et
1603 820 1731 894 gratias

112 916 878 994 maturumvoonnpoonscantarunt.apo
934 914 1064 991 agimus
1085 914 1157 986 tibi,
1182 915 1261 991 quia
1282 915 1354 992 ipse
1378 915 1483 976 Filius
1508 917 1585 978 tuus
1608 917 1732 978 iterum

111 1023 238 1092 mmm,
252 1018 398 1088 ventus,
414 1017 532 1078 ctetta
547 1014 729 1095 (ioan.,v1,
743 1010 810 1092 ut).
933 1014 1095 1074 venturus
1131 1013 1183 1074 est
1223 1012 1258 1073 in
1295 1012 1403 1089 gloria
1437 1013 1621 1090 majestatis
1661 1030 1733 1076 suae

135 1108 879 1190 teneamusergoveramviammitam,et'doc·
933 1110 1064 1171 mittere
1091 1109 1298 1182 maledictos,
1321 1110 1378 1186 qui
1406 1111 1636 1187 poeniientiam
1662 1127 1731 1173 non

113 1218 211 1287 binam,
241 1219 276 1276 et
297 1213 448 1275 sanctum
471 1214 544 1289 ejus
564 1210 800 1285 evangelium,
818 1208 876 1284 qul
930 1209 1082 1284 egerunt,
1108 1207 1142 1269 et
1162 1208 1196 1269 te
1219 1223 1285 1269 non
1308 1210 1549 1283 cognoverunt,
1568 1208 1730 1285 inignem

110 1314 235 1390 dignatus
258 1312 313 1373 est
338 1326 398 1388 pro
424 1310 522 1371 nohis
547 1308 679 1371 Patrem
705 1322 821 1379 suum,
844 1306 877 1368 et
931 1308 1104 1376 aeternum,
1127 1306 1160 1367 et
1172 1305 1283 1367 dicere
1299 1304 1464 1376 omnibus,
1483 1306 1540 1383 qui
1554 1307 1588 1367 te
1603 1321 1732 1382 cogno-

109 1426 198 1474 mmen
212 1413 289 1488 ejus
299 1408 396 1470 nobis
407 1407 634 1478 manifestare,
649 1405 764 1468 dicens
781 1425 789 1463 r
805 1408 879 1466 Pu·
931 1405 1052 1465 verunt
1076 1405 1109 1465 et
1129 1403 1370 1472 adoraverunt,
1392 1405 1426 1466 et
1450 1402 1511 1465 tihi
1540 1404 1730 1469 servierunt

108 1507 396 1582 immanifestum
418 1505 655 1568 momentorum
672 1503 875 1573 nominatius,
931 1501 966 1563 in
977 1502 1330 1578 poenitentiancnitc,
1341 1502 1639 1564 benedicttPctris
1647 1506 1732 1578 mci,

107 1606 301 1682 condedisti
314 1607 411 1675 mibi,
427 1607 509 1678 quie
529 1605 645 1674 uerba,
664 1616 741 1676 calce
755 1599 877 1661 dedisti
929 1601 1100 1675 percipite
1134 1613 1293 1676 reginum,
1324 1602 1413 1675 cuod
1440 1603 1534 1662 vobis
1561 1602 1731 1674 paratum

58 1702 64 1781 l
104 1706 179 1775 nabi,
191 1705 272 1765 dedi
286 1705 355 1774 cis·
369 1703 404 1763 et
415 1703 483 1776 ipsi
491 1700 708 1775 acceperuut,
719 1698 880 1773 ciccano·
933 1697 985 1759 esi
1007 1701 1050 1760 ab
1075 1700 1210 1775 origine
1234 1701 1356 1759 mundi
1384 1696 1514 1776 (Matt,
1542 1714 1628 1771 xxv,
1655 1699 1696 1760 24
1706 1697 1732 1779 ).

57 1842 63 1883 ψ,
104 1801 204 1863 cauni
219 1801 433 1873 versantem
447 1799 597 1869 termini,
611 1795 878 1859 etcredtdcrmtl
933 1796 974 1857 Et
997 1794 1076 1872 quia
1101 1810 1216 1856 omues
1240 1795 1355 1856 miseri
1379 1797 1413 1857 et
1437 1796 1641 1872 peccatores,
1663 1811 1730 1857 non

56 1922 58 1967 3
104 1897 211 1975 puta
235 1912 293 1959 me
310 1896 786 1972 muuttbpoproelsrogc,
810 1906 879 1952 oon
934 1908 1048 1954 sumus
1064 1891 1156 1968 digni
1181 1892 1356 1954 nominare
1379 1895 1424 1965 te,
1440 1893 1635 1971 suppliciter
1649 1909 1734 1955 exo·

103 1997 367 2071 numerationem
389 2007 454 2069 pro
478 1997 532 2056 bis
551 2006 635 2066 eicos
648 1991 772 2053 dcdmtt
794 1991 881 2050 mibi
935 2006 1060 2063 ramus,
1091 1991 1128 2051 ut
1145 1991 1306 2052 Dominus
1324 1995 1439 2053 noster
1456 1994 1554 2054 iesus
1583 1990 1735 2053 Christus

104 2098 130 2155 ir
140 2096 274 2155 nomine
290 2094 360 2164 tuo,
375 2091 414 2152 ut
426 2091 498 2152 sint
512 2104 632 2162 unum,
652 2088 743 2151 sicta
756 2087 790 2148 et
804 2100 878 2148 nos.
935 2088 1041 2149 Filius
1055 2088 1133 2150 tuus
1148 2088 1301 2160 dilectus,
1325 2088 1360 2149 in
1378 2104 1442 2167 quo
1459 2088 1521 2151 tibi
1535 2088 1619 2150 bene
1637 2105 1734 2151 com-

103 2195 168 2254 lloec
178 2187 704 2265 mauortnmundomtbebeaot
716 2187 882 2262 goudium
935 2187 1061 2263 placuit
1091 2184 1313 2265 (Matt.,1v11,
1337 2184 1384 2265 ὅ),
1412 2203 1479 2247 una
1503 2203 1578 2249 cum
1607 2187 1735 2264 Spiritu

104 2293 131 2351 ln
156 2288 363 2361 mansu.
397 2290 471 2362 Ego
502 2287 580 2346 decit
605 2287 657 2346 ets
683 2296 882 2346 sennonem
937 2284 1236 2365 SanctoParaclito
1251 2284 1376 2359 gratias
1391 2283 1553 2359 agattibi,
1568 2284 1733 2346 sicuttibi

104 2388 191 2459 barn,
207 2385 244 2448 et
255 2386 407 2446 mundus
417 2396 476 2444 eos
489 2384 565 2444 odio
575 2381 703 2452 boecii,
719 2383 801 2454 qaia
813 2393 882 2440 nort
936 2381 1060 2459 stipsis
1074 2380 1184 2457 placet
1196 2397 1256 2458 pro
1272 2379 1438 2452 omnihus,
1455 2381 1512 2460 qui
1527 2382 1587 2442 tibi
1600 2396 1731 2458 semper
1767 2408 1773 2436 ι

102 2485 165 2544 sont
184 2486 230 2544 de
247 2483 389 2552 munda
408 2480 498 2541 sicut
510 2480 545 2541 ct
570 2493 632 2556 ego
649 2493 719 2541 oon
741 2491 821 2539 sum
840 2479 884 2537 dc
936 2478 1061 2541 sulucit
1072 2478 1113 2540 ad
1129 2478 1253 2549 omnia,
1275 2494 1445 2557 perquem
1459 2479 1552 2540 tanta
1569 2478 1665 2540 nobis
1679 2478 1731 2540 le-

102 2583 223 2643 mando.
242 2583 325 2645 Non
336 2592 422 2655 rego
438 2578 478 2638 ut
499 2577 597 2638 tollas
615 2590 673 2637 eos
687 2578 729 2636 cte
740 2576 879 2645 mizdo,
935 2577 1024 2639 cisti.
1039 2575 1194 2638 Alleluia.
1211 2578 1250 2638 Et
1264 2576 1445 2652 gloriosam
1458 2578 1597 2638 Matrem
1612 2576 1735 2639 beatis·

102 2681 147 2739 scd
164 2679 202 2738 ut
216 2691 339 2739 scices
350 2689 408 2738 cos
419 2690 441 2736 u
454 2679 556 2737 mete.
570 2673 754 2746 sanctifica
770 2686 827 2733 eos
844 2673 882 2732 tn
937 2676 1056 2736 simam
1071 2674 1212 2735 Mariam
1236 2688 1368 2750 semper
1390 2675 1575 2750 Virginem,
1600 2673 1734 2737 beatum

103 2776 243 2837 euticie
259 2776 383 2837 Sermo
404 2773 485 2834 tuus
508 2771 716 2833 actitarent.
737 2772 829 2832 Sicut
845 2769 883 2829 tm
937 2772 1147 2843 Michaelem,
1165 2771 1365 2844 Gabrielem,
1391 2771 1606 2848 Raphaelem,
1621 2774 1654 2834 et
1668 2788 1736 2835 om·

103 2887 145 2934 arc
156 2873 283 2934 minuti
300 2873 339 2931 tn
360 2869 663 2944 marcomerem
681 2869 883 2929 mancosos
937 2885 998 2931 nes
1009 2870 1130 2935 choros
1141 2869 1314 2931 beatorum
1334 2869 1528 2947 spirituum,
1545 2870 1733 2947 Seraphim,

102 2968 308 3039 manumet
321 2981 388 3043 pro
401 2965 830 3038 cusancttbcometpsum,
844 2964 884 3025 tot
937 2966 1126 3037 Cherubim,
1167 2966 1397 3039 Turonorum,
1442 2967 1733 3040 nominationum,

101 3068 158 3129 sint
170 3071 237 3143 ipsi
248 3065 455 3138 sanctificati
469 3068 508 3126 to
523 3063 682 3126 ueritate.
699 3064 778 3125 Non
789 3065 885 3125 cutm
937 3064 1201 3142 principatuum,
1231 3066 1265 3127 et
1297 3065 1514 3137 Potestatum‚
1553 3066 1732 3139 Virtutum,

98 3179 154 3239 pro
166 3168 215 3227 eis
229 3163 476 3241 roborantem,
490 3165 628 3235 sedpro
642 3164 692 3223 ets
707 3163 884 3234 quierem·-
936 3163 1152 3238 Angelorum,
1181 3162 1480 3238 Archangelorum
1507 3166 1543 3224 B.
1570 3166 1733 3226 ioannem

102 3262 164 3324 tert
181 3263 262 3324 aunt
278 3262 426 3336 propter
444 3261 550 3321 verba
569 3273 691 3321 eorum
708 3261 746 3319 tn
764 3271 830 3329 me,
845 3258 885 3318 ut
937 3259 1132 3337 Baptistam,
1147 3262 1309 3323 ioannem
1317 3260 1573 3335 Evangelistam,
1584 3262 1731 3334 Petrum,

101 3359 344 3433 dntccrvunctt
357 3360 528 3428 inunum,
542 3355 763 3433 etcogooscet
776 3369 882 3417 muu·
938 3357 1091 3430 Paulum,
1108 3357 1142 3418 et
1154 3356 1269 3421 beatos
1288 3357 1510 3435 patriarchas,
1530 3358 1564 3420 et
1585 3358 1734 3435 prophe·

41 3502 42 3505 ,
104 3460 168 3530 dos,
185 3460 266 3531 nuta
287 3457 325 3517 tu
349 3453 562 3526 meministi,
585 3453 790 3515 ctetica-isit
813 3466 882 3523 eos,
937 3455 1006 3527 tas,
1031 3454 1250 3525 innocentes,
1275 3454 1464 3530 Apostolos,
1493 3455 1734 3531 Evangelistas,

41 3592 42 3595 =
102 3555 179 3616 scor
195 3569 250 3616 mc
276 3553 442 3614 dbeetcti.
463 3551 593 3614 Notum
607 3551 735 3624 samam
756 3549 883 3610 eboc-

41 3656 42 3719 i
101 3665 172 3714 mco
185 3651 292 3718 tuum,
307 3650 347 3711 ut
360 3649 505 3719 ducatio,
518 3662 587 3722 que
600 3647 754 3708 amane
767 3660 833 3714 mc,
847 3649 885 3707 in

41 3744 42 3791 ἶ
102 3748 177 3822 ipris
187 3749 241 3819 stt,
257 3748 292 3811 et
310 3760 374 3824 ego
386 3748 425 3807 tn
438 3747 524 3821 ipsis
539 3742 571 3823 (J
574 3757 664 3815 can„
675 3757 762 3816 xvu,
776 3740 881 3821 0-25).

103 3844 192 3907 Pater
208 3857 292 3921 quos
316 3842 437 3905 dedisti
464 3841 558 3912 mihi,
581 3840 657 3902 volo
681 3841 718 3902 ut
741 3839 798 3900 uhi
822 3855 884 3916 ego

105 3955 178 4012 sum,
192 3941 287 4003 atilli
303 3940 371 4000 sint
385 3954 528 4010 mecum,
546 3939 579 4000 et
593 3936 729 4000 videant
749 3936 886 3999 clarita·

105 4038 163 4099 tam
169 4042 256 4101 tuam
271 4039 307 4099 in
320 4051 425 4113 regno
435 4039 505 4098 tuo.

347 4252 485 4313 CAPUT
506 4251 625 4310 XXIII.

138 4385 245 4448 brutio
258 4387 303 4447 ud
319 4387 442 4454 Deum,
459 4386 534 4444 sice
552 4380 750 4459 gratiarum
764 4379 852 4441 actio

213 4482 315 4556 atam
335 4484 380 4543 ad
399 4482 532 4555 fratres
555 4477 764 4540 embortctm·

144 4624 357 4700 Omnipotens,
394 4620 615 4693 sanctissime,
652 4618 888 4694 altissimaet

108 4714 220 4782 'summe
232 4724 332 4788 Deus,
344 4720 446 4780 Pater
456 4720 580 4788 sancte,
594 4719 627 4778 et
639 4718 725 4794 juste
736 4715 885 4787 Domine,

114 4816 248 4880 Rexcoeli
264 4821 298 4879 et
310 4820 422 4887 terrae,
437 4815 572 4892 propter
585 4814 796 4890 temetipsum
810 4827 890 4889 gra-

112 4913 165 4975 tias
176 4916 300 4992 agimus
314 4913 388 4981 tibi,
403 4910 490 4989 quod
506 4927 566 4988 per
576 4911 724 4972 sanctam
735 4911 890 4971 volunta·

114 5009 167 5072 tem
188 5015 289 5080 tuam,
309 5013 343 5073 et
357 5026 418 5087 per
431 5008 566 5070 unicum
582 5007 704 5069 Filium
723 5010 829 5078 tuum,
858 5007 891 5069 et

114 5108 259 5184 Spiritum
274 5109 444 5178 Sanctum,
461 5106 584 5168 creasti
599 5104 711 5166 omnia
726 5105 889 5181 spiritua·

113 5202 152 5264 lia
165 5207 194 5267 et
208 5204 410 5282 corporalia,
425 5205 458 5264 et
472 5219 532 5264 nos
548 5201 589 5263 ad
606 5201 785 5278 imaginem
798 5200 891 5263 tuam

115 5298 144 5360 in
156 5302 396 5364 similitudinem
408 5301 513 5361 lacios
523 5299 557 5361 in
568 5299 724 5377 paradiso
735 5299 888 5376 posuisti,

118 5397 145 5457 et
153 5414 207 5474 per
214 5400 341 5476 culpam
352 5399 500 5459 nostram
514 5397 706 5459 cecidimus.
715 5398 754 5458 Et
763 5396 891 5473 gratias

120 5495 232 5568 agimus
247 5494 315 5568 tihi,
331 5495 409 5573 qula
423 5496 508 5556 sicut
518 5511 578 5571 per
591 5494 713 5555 Filium
724 5497 817 5555 tuum
829 5508 891 5554 nos

121 5593 234 5665 measti,
249 5594 295 5655 sic
307 5608 367 5670 per
379 5594 477 5654 istam
489 5592 700 5655 dilectionem
710 5593 812 5665 tuam,
826 5607 891 5669 qua

938 3551 1138 3628 Discipulos,
1153 3552 1330 3628 Martyres,
1339 3549 1734 3628 confessoresvirgines,

938 3649 1053 3711 beatos
1068 3648 1175 3710 Ellam
1189 3650 1223 3710 et
1245 3648 1374 3723 Enoch3
1390 3650 1424 3710 et
1448 3664 1561 3711 omnes
1582 3650 1734 3722 sanctos,

939 3747 997 3825 qui
1022 3746 1167 3817 luerunt,
1188 3747 1297 3817 erunt,
1320 3746 1354 3807 et
1376 3746 1465 3817 sunt,
1490 3747 1626 3824 propter
1638 3749 1734 3809 tuum

939 3859 1086 3906 amorem
1113 3843 1285 3905 humiliter
1315 3842 1548 3920 deprecamur,
1576 3845 1613 3906 ut
1648 3845 1738 3907 sicut

939 3942 1000 4004 tibi
1024 3943 1143 4021 placet,
1171 3957 1231 4018 pro
1260 3940 1313 4001 his
1346 3940 1406 4001 tibi
1432 3941 1559 4017 gratias
1586 3941 1737 4005 referant

940 4055 1068 4101 summo
1079 4041 1157 4110 Deo,
1169 4053 1260 4110 vero,
1273 4039 1452 4107 aetern0,et
1462 4039 1549 4111 vivo,
1562 4054 1636 4100 cum
1647 4039 1734 4101 Filio

939 4137 997 4200 tuo
1024 4135 1217 4198 beatissimo
1251 4134 1390 4197 Domino
1415 4137 1496 4198 iesu
1524 4135 1670 4208 Christo,
1704 4140 1738 4199 et

941 4234 1067 4312 Spiritu
1082 4234 1203 4295 Sancto
1219 4232 1386 4294 Paraclito
1401 4231 1572 4294 insaecula
1586 4233 1733 4294 saeculo·

940 4348 1026 4393 rum.
1042 4334 1158 4392 Amen.
1174 4328 1329 4391 Alleluia.

981 4428 1021 4488 Et
1033 4426 1172 4488 Domino
1194 4428 1273 4496 Deo,
1287 4424 1461 4486 universos
1480 4424 1569 4487 intra
1584 4426 1734 4489 sanctam

941 4523 1123 4585 Ecclesiam
1149 4521 1347 4583 catholicam
1367 4523 1400 4583 et
1419 4522 1636 4597 apostolicam
1659 4540 1734 4586 ser·

941 4621 1014 4683 vire
1028 4619 1188 4688 volentes,
1201 4619 1233 4679 et
1248 4633 1362 4679 omnes
1386 4620 1562 4695 sequentes
1584 4621 1730 4696 ordines,

942 4714 1143 4788 sacerdotes,
1170 4715 1340 4788 diaconos,
1361 4715 1592 4790 subdiaconos,
1624 4720 1739 4797 acoly-

942 4811 1029 4885 thos,
1042 4815 1075 4877 et
1087 4812 1282 4884 exorcistas,
1300 4813 1452 4885 lectores,
1470 4815 1503 4876 et
1521 4817 1688 4888 ostiarios,
1705 4817 1738 4879 et

943 4926 1058 4972 omnes
1084 4909 1235 4982 clericos,
1257 4909 1431 4972 universos
1454 4911 1641 4988 religiosos,
1656 4914 1736 4974 uni-

943 5024 1059 5071 versas
1083 5007 1275 5084 religiosas3
1300 5022 1415 5068 omnes
1436 5009 1738 5086 puerosetparvu·

944 5107 1006 5179 los,
1022 5120 1186 5184 pauperes
1201 5106 1234 5166 et
1248 5119 1382 5180 egenos,
1395 5119 1490 5178 reges
1510 5106 1543 5166 et
1556 5105 1736 5182 principes,

944 5203 1152 5265 laboratores
1176 5202 1209 5262 et
1232 5200 1409 5276 agricolas,
1435 5215 1550 5261 servos
1574 5201 1607 5261 et
1630 5200 1740 5264 domi-

945 5316 1025 5376 nos3
1051 5315 1165 5361 omnes
1183 5298 1344 5373 virginee,
1361 5296 1567 5358 continentes
1582 5302 1615 5360 et
1634 5300 1740 5361 mari-

947 5399 1049 5467 tatus,
1079 5395 1183 5456 laicos
1212 5393 1377 5455 masculos
1406 5394 1439 5453 et
1469 5391 1625 5470 seminam
1660 5411 1737 5456 om·

946 5510 1006 5555 nes
1020 5491 1176 5563 Infantes,
1189 5490 1573 5565 adolescentesjmrenes
1584 5491 1616 5553 ei
1628 5507 1737 5566 senes,

947 5606 1047 5653 sanos
1060 5590 1093 5651 et
1102 5588 1264 5659 infirmos,
1273 5601 1387 5648 omnes
1398 5586 1536 5663 pusillos
1546 5590 1580 5651 et
1588 5604 1736 5667 magnos,
