3950 6200
91 234 137 298 etl
455 233 563 296 Palis
594 232 738 310 PRIMA.
752 222 800 276 *—
820 231 1040 291 Expostulo
1069 231 1113 292 IN
1142 231 1345 293 PSALMOS.
1657 235 1718 296 642

91 407 134 454 ne
146 389 350 466 :perforavit
372 390 501 453 lumbos
523 406 615 453 meos
629 390 769 452 lancea:
786 405 869 451 con·
923 388 1021 451 batur
1035 405 1095 467 per
1106 389 1378 466 imaginationem
1391 389 1621 453 delectationis
1636 407 1718 470 prae

92 489 160 551 cidit
178 503 232 549 me
257 489 399 550 vulnere
424 504 525 566 super
547 488 681 560 vulnus,
709 489 743 550 et
760 487 871 564 posuit
924 485 1032 546 teritae
1049 507 1057 547 :
1073 486 1195 547 Oculus
1206 487 1331 548 amoris
1342 502 1403 563 per
1412 487 1719 565 concupiscentiam
1812 549 1814 554 χ

91 586 174 664 quasi
194 585 329 660 signum
353 584 394 646 ad
421 587 575 662 sagittam
605 606 613 647 ε
642 586 741 648 irruit
760 585 795 646 in
818 599 870 646 me
924 581 1081 643 faciendi.
1102 584 1282 661 Sequitur:
1302 587 1641 659 Proeocctcpauemozt
1661 600 1718 649 me

91 683 174 759 quasi
188 683 296 758 gigas.
313 700 331 743 v
346 684 515 745 cervicem
530 698 638 744 meam
651 682 775 755 tenuit,
792 683 870 759 quia
924 683 1037 753 laquei
1049 682 1184 742 mortis.
1201 682 1369 756 Laqueum
1380 682 1461 743 dicit
1471 682 1636 758 originale
1646 698 1719 760 pec·

90 780 179 841 etiam
191 780 285 841 nasci
302 795 369 840 non
384 796 558 856 possumus
574 781 647 841 sine
661 780 770 856 culpa.
785 781 871 839 Gon·
925 777 1047 849 catum,
1063 776 1148 853 quod
1163 793 1224 838 nos
1246 780 1417 854 praevenit,
1441 780 1520 856 quia
1539 781 1717 857 antequam

89 875 180 950 tregit
202 875 375 946 me,‘idest
399 877 489 937 vires
510 892 612 947 meas,
641 876 719 952 quia
741 890 801 952 per
818 890 871 936 me
926 888 1114 946 nascamur,
1131 889 1299 935 cosumus
1322 874 1481 944 obvoluti,
1503 877 1536 939 et
1556 876 1715 938 damnati.

89 974 195 1034 contra
208 973 410 1034 tentationes
426 974 515 1035 stare
529 988 596 1035 non
615 974 751 1049 potero;
775 974 871 1050 cujus
927 966 1021 1030 Unde
1038 967 1100 1029 Job
1123 967 1166 1047 (9,
1189 967 1240 1046 17)
1261 990 1268 1029 ε
1291 969 1492 1046 Multiplicat
1513 969 1562 1050 (2)
1577 970 1717 1033 vulnera
1776 1000 1780 1007 .

90 1070 170 1130 enim
199 1068 347 1131 membra
378 1074 455 1132 sunt
487 1069 668 1141 confracta,
697 1068 738 1130 ad
772 1067 871 1130 sortia
927 1079 1000 1125 mea
1024 1064 1097 1126 sine
1121 1081 1235 1137 causa,
1261 1066 1339 1143 quia
1359 1067 1432 1128 sine
1449 1083 1550 1129 causa
1576 1068 1718 1129 actualis

89 1167 149 1226 non
159 1166 305 1241 resurgit
318 1182 419 1242 opera
436 1187 445 1227 z
465 1166 512 1227 ita
531 1166 587 1242 qui
608 1165 797 1227 contractus
821 1166 872 1227 est
927 1163 1065 1238 peccati,
1079 1162 1256 1240 multiplici
1271 1163 1409 1224 vulnere
1421 1179 1474 1225 me
1489 1164 1618 1240 affligit.
1630 1165 1719 1225 Mul·

89 1264 335 1340 perpeccatum,
351 1263 393 1324 ad
414 1263 501 1325 bona
521 1278 623 1340 opere
637 1277 704 1324 non
725 1262 874 1338 assurgit
926 1258 1031 1336 tiplex
1064 1258 1185 1322 vulnus
1210 1260 1272 1331 est,
1298 1259 1426 1323 scilicet
1451 1261 1536 1338 quod
1565 1261 1717 1326 carnales

88 1374 196 1435 perse.
211 1360 389 1436 Sequitur:
405 1377 425 1420 c
440 1358 627 1422 Perioravit
637 1359 766 1421 lumbos
781 1374 872 1420 meos
927 1353 1108 1428 nascimur,
1135 1355 1400 1433 contemptibiles
1446 1358 1617 1431 morimur,
1644 1359 1718 1420 sine

90 1457 197 1517 lancea
211 1473 242 1529 ›,
258 1454 389 1518 scilicet
406 1457 553 1519 carnalis
580 1457 869 1533 concupiscentiae.
927 1452 1050 1515 actuali
1065 1456 1201 1531 peccato
1216 1452 1478 1535 damnandnm).

86 1550 212 1613 Addens
226 1552 328 1613 etiam
344 1552 466 1614 vulnus
480 1568 582 1629 super
600 1552 734 1625 vulnus,
751 1555 788 1615 ut
802 1553 872 1614 sci·

86 1648 156 1709 licet
167 1647 339 1710 adhaereat
351 1651 523 1726 peccatum
534 1651 682 1725 peccato.
693 1651 823 1712 ‹Irruit
837 1651 870 1711 in

86 1759 131 1805 me
152 1745 249 1820 quasi
269 1745 410 1821 gigas.»
431 1746 533 1821 Gigas
557 1745 686 1840 dicitur
706 1746 870 1821 diabolus,
1165 1713 1306 1775 SERMO
1331 1714 1479 1775 XXVIII*

86 1840 279 1917 punientis,
295 1843 328 1903 et
343 1842 461 1904 nititur
475 1858 536 1904 nos
549 1842 741 1905 subvertere
756 1844 791 1904 in
802 1859 873 1904 cor·
1122 1852 1163 1908 lte
1182 1859 1303 1924 quatuor
1320 1851 1521 1913 tabernaculis.

87 1951 168 2013 pore,
185 1937 220 1999 et
233 1937 269 1999 in
284 1939 396 2000 anima
420 1954 481 2017 per
504 1940 663 2002 aeternam
685 1940 872 2002 damnatio·
1553 2000 1559 2013 .

86 2048 162 2094 nem.
187 2033 252 2095 Sed
277 2034 440 2110 Christus,
465 2036 522 2114 qui
537 2036 700 2100 exultavit
723 2039 759 2100 ut
776 2037 872 2113 gigas
951 1995 995 2053 [η
1007 1994 1156 2056 “mnu
1170 1996 1691 2094 fflaetabemmumems’9tc'

86 2130 120 2191 ad
130 2130 332 2193 currendam
345 2133 433 2194 viam
443 2131 504 2212 (l),
520 2133 641 2196 invitat
657 2149 719 2197 nos
734 2133 775 2194 ad
794 2149 872 2194 cur·
1194 2091 1299 2184 (Μ
1314 2095 1363 2164 17,
1381 2091 1446 2172 ¹2⁸)
1568 2182 1575 2200 .

85 2227 213 2290 rendam
227 2228 319 2289 viam
333 2229 565 2292 mendatorum
587 2231 657 2291 Dei.
681 2231 755 2291 Eris
770 2231 872 2306 igitur
966 2230 1294 2294 Pertabernaculum
1316 2233 1466 2296 Ecclesia
1489 2235 1636 2296 militans
1660 2237 1717 2296 in·

84 2324 169 2399 gigas
184 2324 328 2400 geminae
343 2324 549 2399 substantiae,
566 2329 599 2390 et
617 2327 825 2404 praevalebis,
842 2328 871 2388 si
925 2326 1099 2403 telligitur,
1114 2329 1150 2389 in
1165 2345 1230 2407 qua
1249 2330 1443 2403 militantes,
1460 2346 1520 2393 suo
1534 2332 1606 2408 regi
1623 2333 1718 2408 quasi

83 2421 114 2481 in
127 2436 227 2483 carne
242 2422 465 2498 spiritualiter
476 2425 582 2486 vivas.
610 2424 768 2501 sequitur
783 2441 791 2486 :
805 2427 873 2487 Po-
926 2423 961 2483 in
974 2424 1191 2486 tabernaculo
1211 2419 1374 2489 'assistere
1389 2427 1519 2498 debent,
1540 2436 1574 2490 et
1593 2443 1667 2489 esse
1682 2428 1716 2488 in

86 2519 323 2596 suitmequasi
338 2520 524 2597 signumad
544 2522 711 2596 sagittam.
733 2521 870 2596 Signum
926 2521 1069 2583 circuitu
1083 2522 1201 2598 ipsius.
1226 2524 1348 2585 Eodem
1367 2524 1464 2586 modo
1485 2540 1546 2586 nos
1560 2524 1719 2587 debemus

86 2616 129 2676 est
152 2615 187 2675 in
206 2616 330 2688 medio,
347 2616 500 2679 omnibus
515 2619 703 2694 expositum
724 2619 871 2696 undique
926 2617 1085 2680 assistere
1099 2619 1172 2696 regi
1186 2622 1312 2692 nostro,
1326 2620 1412 2682 idest
1422 2620 1565 2691 Christo,
1581 2637 1642 2684 nec
1660 2621 1720 2683 de-

85 2712 212 2786 jaculis.
240 2713 360 2775 Jacula
390 2716 478 2775 enim
501 2716 723 2778 tentationum
748 2716 870 2777 diaboli
925 2711 1041 2775 bernus
1057 2715 1168 2777 lacere
1187 2716 1274 2778 sicut
1288 2717 1422 2794 quidam
1438 2718 1588 2794 perversi
1610 2721 1628 2782 J
1633 2718 1719 2780 udaei

86 2808 236 2886 undique,
252 2812 285 2872 et
298 2809 335 2870 in
347 2810 500 2873 omnibus
514 2812 679 2888 operibus,
697 2812 730 2874 et
750 2812 784 2873 in
800 2828 872 2873 om·
926 2811 1087 2881 iecerunt,
1099 2813 1186 2874 sicut
1196 2813 1363 2889 legiturin
1373 2814 1480 2891 primo
1492 2818 1619 2891 Regum
1627 2814 1718 2895 (13‚7
1755 2805 1758 2812 ’

35 2910 36 2913 ’
83 2904 172 2966 nibus
198 2905 290 2968 locis'
312 2909 437 2985 patent.
463 2908 615 2985 Undique
651 2909 781 2985 oportet
810 2925 871 2971 nos
925 2909 1016 2981 et14,
1029 2908 1275 2988 22),quodcum
1284 2910 1364 2972 Saul
1374 2915 1613 2988 congregasset
1625 2929 1719 2975 exer·

83 3002 348 3080 circumspicere,
392 3005 538 3083 undique
563 2991 660 3067 nobis
699 3021 784 3083 opus
821 3009 872 3069 est
925 3006 1133 3068 citnmsuum
1142 3010 1257 3070 contra
1267 3007 1490 3080 Philisthaeos,
1503 3009 1637 3087 quidam
1647 3026 1719 3088 per·

82 3112 193 3177 magne
208 3102 356 3172 cautela,
367 3105 402 3165 et
412 3103 720 3182 circumspectione,
738 3120 780 3166 ne
794 3120 872 3167 suc-
924 3105 1015 3165 versi
1028 3106 1242 3167 recesserunt
1252 3104 1293 3166 ab
1308 3121 1348 3167 eo
1359 3103 1420 3186 (l),
1432 3108 1465 3168 et
1476 3106 1721 3170 transtulerunt

83 3198 288 3260 cumbamus.
925 3215 962 3261 se
987 3201 1031 3261 ad
1059 3203 1169 3263 castra
1190 3201 1480 3273 Philisthinorum,
1506 3203 1719 3265 transeuntes

116 3296 276 3373 sequitur
297 3317 305 3356 ε
332 3298 378 3359 Et
391 3298 771 3374 serenissimumque
784 3314 870 3361 corc-
924 3296 1103 3360 Jordanem
1118 3298 1290 3360 interram
1306 3298 1580 3371 Gadettialaad.
1595 3300 1718 3362 Eodem

83 3390 308 3455 roraverunt
319 3408 385 3456 mc.
400 3394 590 3456 Primorum
600 3398 775 3473 parentum
790 3396 869 3457 ino·
924 3393 1022 3455 modo
1037 3393 1133 3456 multi
1156 3393 1256 3456 bodie
1280 3394 1357 3456 salsi
1379 3395 1556 3458 christiani
1578 3396 1734 3469 iaciunt*

81 3483 242 3551 bedismia
266 3490 532 3554 antonomastice
553 3492 649 3569 quasi
673 3508 733 3569 per
758 3493 871 3554 excel·
925 3506 1008 3569 quos
1023 3492 1182 3552 Dominus
1194 3491 1310 3553 eduxit
1329 3490 1370 3552 de
1383 3494 1530 3569 AEgypto
1552 3508 1717 3570 permane

80 3582 222 3655 lentiam,
240 3587 320 3662 quia
335 3590 471 3664 superat
488 3588 575 3650 alias
589 3589 794 3665 iniquitates,
818 3588 871 3650 di·
925 3587 1073 3660 rubrum,
1099 3587 1186 3649 idest
1206 3587 1246 3649 de
1259 3587 1408 3649 tenebris
1423 3592 1634 3667 peccatorum
1660 3606 1718 3667 per
1786 3656 1794 3669 ‚

80 3681 160 3742 citur
181 3683 358 3760 iniquitas,
388 3685 467 3762 quia
491 3685 532 3746 de
559 3700 600 3746 ea
629 3686 786 3747 exierunt
804 3686 870 3748 duo
924 3684 1136 3761 baptismum.
1153 3684 1211 3746 Isti
1226 3687 1400 3747 transeunt
1414 3686 1455 3746 ad
1468 3688 1579 3749 castra
1594 3687 1719 3748 Philis-

80 3778 139 3838 rivi
162 3779 351 3853 turbantes,
377 3783 411 3842 et
430 3781 501 3844 iere
524 3784 733 3845 excaecantes
755 3783 870 3847 oculos
923 3781 1106 3843 thinorum.
1127 3781 1344 3843 Philistlraeus
1366 3784 1455 3843 enim
1479 3787 1577 3845 sonat
1593 3784 1718 3860 duplex

79 3871 218 3937 bominis
234 3877 421 3939 interioris.
438 3879 515 3942 Rivi
537 3881 615 3940 sunt
629 3880 870 3955 concupiscen-
924 3878 1035 3950 ruina,
1051 3877 1181 3940 scilicet
1200 3878 1337 3940 invidiae
1358 3881 1475 3941 contra
1490 3880 1669 3954 hominem,
1686 3882 1719 3943 et

77 3971 130 4040 tia,
142 3973 380 4050 etimaginatio
393 3975 624 4037 mundialium.
634 3979 679 4037 De
692 3976 869 4053 iniquitate
923 3973 1089 4050 superbiae
1102 3976 1217 4037 contre
1232 3977 1347 4036 Deum.
1367 3978 1426 4039 lsti
1440 3977 1526 4039 tales
1542 3981 1724 4041 transeunt·

77 4068 258 4141 primorum
272 4072 449 4147 parentum
464 4075 698 4149 processerunt
717 4072 781 4135 duo
794 4075 868 4135 tor·
923 4070 1115 4144 Jordanem,
1128 4073 1184 4149 qui
1198 4072 1437 4148 interpretatur
1449 4073 1640 4146 descensus,
1657 4090 1719 4151 per

75 4166 182 4227 rentes
196 4166 437 4230 conturbantes
452 4168 564 4230 lumen
576 4172 699 4231 nostrae
708 4169 866 4231 'rationis
924 4183 1021 4245 quem
1043 4167 1215 4229 humilitas
1237 4169 1398 4245 signatur,
1424 4186 1489 4247 qua
1511 4171 1628 4234 relicta
1647 4170 1715 4251 (5),

76 4260 168 4324 Ratio
183 4264 276 4325 enirn
291 4264 375 4325 duos
397 4263 498 4327 habet
518 4264 644 4336 oculos,
669 4266 869 4341 cognitionis
922 4265 1099 4326 transeunt
1121 4263 1202 4336 Gad,
1224 4265 1311 4341 quod
1326 4265 1564 4343 interpretatur
1583 4268 1718 4329 accinc-

76 4359 213 4431 scilicet,
230 4360 266 4423 et
278 4360 416 4422 amoris.
443 4361 565 4423 Oculus
581 4362 781 4439 cognitionis
791 4364 867 4426 tur·
922 4361 994 4437 tus3
1018 4360 1140 4423 debent
1154 4361 1242 4421 enirn
1253 4375 1326 4421 esse
1340 4359 1483 4423 accincti
1498 4361 1539 4423 ad
1558 4379 1716 4441 pugnan-

75 4530 241 4590 melanceis
257 4534 328 4605 suis,
343 4536 560 4594 convulneravit
577 4536 689 4594 lumbos
704 4551 793 4604 meos,
810 4553 868 4594 non
923 4536 1094 4609 placentiam
1116 4542 1292 4606 nasceretur,
1310 4535 1436 4594 traheret
1451 4538 1594 4612 originale
1613 4554 1716 4612 pecca·

76 4604 209 4671 pepercit,
232 4609 262 4661 et
280 4605 380 4663 effudit
393 4607 422 4663 in
437 4614 511 4664 terra
523 4607 633 4664 viscera
652 4622 726 4664 mea.
741 4607 869 4667 Concidit
922 4614 1029 4675 catum,
1043 4622 1100 4679 quo
1115 4605 1272 4663 traheretur
1285 4606 1320 4664 ad
1335 4606 1402 4664 illud
1416 4614 1575 4667 extremum
1590 4625 1655 4668 cum
1668 4611 1718 4669 de·

75 4681 118 4751 nie
138 4673 262 4730 vulnere
285 4690 372 4748 super
394 4676 518 4746 vulnus,
551 4678 632 4735 irruit
658 4677 687 4734 in
715 4693 762 4735 me
786 4676 868 4750 quasi
922 4676 1080 4735 sartoribus
1095 4678 1206 4749 angelis
1220 4678 1283 4734 sine
1296 4676 1352 4735 line
1362 4678 1544 4805 supplicium.
1564 4702 1575 4730 ι

159 4784 167 4798 .
958 4747 998 4817 (l)
1018 4748 1198 4804 Recesscront
1217 4748 1252 4804 oo
1270 4762 1310 4814 co,
1324 4755 1379 4805 etc.
1400 4750 1500 4807 dossa
1522 4750 1665 4807 ordinaria
1687 4752 1717 4807 in

120 4813 146 4880 l)
167 4812 248 4870 Psal.
263 4814 307 4882 le,
321 4815 349 4872 8.
922 4818 934 4873 Ι
943 4818 1028 4889 lteg„
1043 4831 1107 4945 ⁰⁸¹}
1124 4818 1167 4885 le,
1180 4817 1234 4875 eit:
1245 4838 1257 4868 ι
1269 4818 1425 4875 fiacensis
1439 4820 1608 4892 quibusdam
1624 4823 1714 4878 lsrae-

106 4880 134 4951 (2
167 4882 501 4956 Parapbr.Cbald.,Vul
527 4887 777 4961 .:liultiplicabit.
921 4886 989 4957 litis,
1008 4888 1056 4959 qui
1100 4889 1195 4945 aulem
1224 4895 1253 4945 et
1287 4890 1434 4961 populum,
1465 4890 1592 4961 quicum
1608 4898 1718 4947 ecerat

88 4951 133 5030 ,d
160 4953 229 5034 Sine
245 4956 355 5011 munti
418 4962 479 5014 ceto
529 4973 674 5025 mnomur,
697 4957 868 5017 decedentes
922 4956 1106 5029 reliquerant,
1122 4928 1252 5031 quaedam
1265 4973 1330 5031 pars
1344 4959 1467 5027 illorum,
1483 4958 1652 5030 quilleoraei
1668 4974 1716 5016 vo·

73 5022 309 5150 unebafusmm
327 5040 385 5093 ve,
400 5025 577 5109 damnationi
597 5034 741 5100 perpetue
754 5037 867 5113 propter
921 5035 1032 5110 cantur,
1045 5028 1148 5111 timore
1163 5029 1304 5100 perterriti
1326 5028 1491 5085 desecemut
1513 5042 1529 5083 a
1547 5029 1623 5105 Saul,
1643 5036 1673 5084 et
1700 5043 1716 5085 a

72 5092 596 5235 tiilltatllittllllatii⁰
618 5102 867 5227 {illisillillt
920 5097 1716 5226 lillalillffl.itt‘lli.⁰¹.tlttll⁶-'l'tiltii?

74 5202 235 5297 peccatum*
246 5234 310 5289 exul
328 5233 447 5291 eftectus
466 5210 608 5308 (Adamt’
619 5184 867 5320 stifpcm'quoque
920 5238 1001 5305 braei,
1018 5239 1066 5310 qui
1080 5211 1271 5295 iu’eruntcum
1284 5183 1455 5318 Pqulistliiim
1474 5211 1535 5293 lieri
1556 5245 1584 5319 et
1602 5236 1716 5295 nudius-

73 5313 276 5380 enumquam
299 5305 445 5374 peccando
465 5306 545 5364 inse
568 5316 705 5379 tanquam
727 5308 867 5366 inradrce
920 5309 1031 5375 tertius,
1050 5307 1225 5364 ascenderan
1278 5308 1595 5374 ecumeisrncestrrs,
1610 5310 1716 5364 reversi

73 5372 233 5440 vitiaverat,
294 5387 330 5429 na
347 5375 456 5443 mortis,
467 5383 496 5432 et
503 5375 687 5434 damnatione
699 5378 866 5447 obstrinxit3
920 5385 998 5444 sunt,
1013 5385 1043 5434 ut
1057 5385 1154 5434 essent
1168 5392 1233 5435 curu
1262 5376 1345 5433 srael.
1529 5445 1535 5457 ,

73 5442 231 5513 utquidqui
262 5443 350 5513 prolis
364 5459 400 5501 ex
416 5445 486 5524 ipso,
502 5455 531 5504 et
550 5448 634 5505 simul
653 5446 799 5518 damnate,
817 5464 867 5520 per
957 5448 1000 5519 (o)
1023 5448 1295 5516 decretionem,
1312 5446 1394 5515 idest,
1407 5460 1463 5518 qua
1479 5460 1595 5517 amissa,
1611 5461 1662 5505 seu
1678 5462 1719 5505 re·

74 5520 154 5577 mam
166 5521 352 5584 peccaverat,
374 5528 508 5588 conjuge,
528 5532 579 5589 per
600 5517 744 5575 carnalem
757 5533 864 5576 concu-
921 5518 1046 5591 pudiata.

216 5646 334 5693 raison.
352 5649 427 5694 roua
443 5638 492 5696 Vl.
1490 5640 1522 5697 ²¹
