3950 6200
95 227 146 288 319
344 213 453 278 PARS
475 210 654 286 QUARTA.
669 239 711 255 -
725 206 926 270 OFFICIUM
947 208 1168 271 PASSIONIS
1189 207 1423 273 DolllltldAE.
1643 217 1725 283 350.

120 379 219 445 omnis
238 378 322 440 terra
347 374 465 438 adoret
490 372 535 445 16,
559 369 594 434 61
618 368 740 447 psallat
763 368 850 431 tihi:
908 368 1088 434 aeternum:
1105 367 1288 448 injustitia
1301 370 1361 437 tua
1371 370 1479 435 libera
1488 387 1552 448 me,
1568 376 1602 438 et
1613 375 1707 457 ertpe

90 479 226 560 psalmum
240 474 324 536 dicat
344 471 473 537 nomini
492 470 560 532 tuo.
584 466 688 548 (Psal.
704 467 755 541 65,
771 465 852 546 64.)
907 480 972 527 me.
990 463 1094 544 (Psal.
1106 470 1155 540 70,
1168 464 1215 548 2.)

119 576 229 645 Venite,
245 573 277 633 61
297 570 424 642 audite,
439 571 473 632 et
485 566 640 638 narrabo,
667 580 781 627 omnes
796 564 853 641 qui
947 563 1076 625 inclina
1092 565 1134 625 ad
1149 581 1201 627 me
1216 581 1332 629 aurem
1345 567 1438 631 tuam
1454 588 1462 629 z
1478 570 1512 631 et
1526 570 1620 633 salva
1635 588 1699 636 me.

90 673 188 736 timetis
209 673 307 731 Deum
324 690 332 728 :
349 667 474 745 quanta
495 663 576 726 facit
602 662 721 725 animae
758 677 850 722 meae.
949 661 1028 723 Esto
1048 661 1130 723 mihi
1142 662 1176 723 in
1193 665 1296 725 Deum
1309 666 1542 740 protectorem,
1556 667 1590 729 et
1604 668 1640 729 in
1652 669 1706 731 lo-

92 769 214 850 (Didem,
231 764 293 844 16.)
909 772 984 819 cum
999 758 1164 823 munitum
1182 777 1189 822 ε
1207 762 1243 822 ut
1256 761 1386 825 salvum
1401 778 1455 825 me
1471 762 1591 828 166166.

117 867 268 942 adipsum
286 878 346 924 ore
368 877 441 922 meo
468 857 611 921 clamavi
630 859 683 919 :et
705 854 853 919 exaltavi
947 856 1110 928 Quoniam
1133 859 1171 920 tu
1194 874 1230 919 es
1250 859 1411 936 patientia
1436 877 1510 925 mea
1538 866 1702 928 Domine:

91 962 249 1036 sublingua
263 975 348 1022 mea.
366 955 518 1038 (Ibidem,
535 953 600 1034 17.)
907 953 1047 1015 Domine
1062 970 1218 1032 spesmea
1232 957 1432 1033 ajuventute
1442 976 1528 1021 mea.
1538 959 1704 1045 (lhid.‚5.)

117 1062 150 1122 sl
160 1058 322 1120 exaudivit
335 1057 376 1118 de
390 1055 514 1132 templo
529 1053 646 1115 sancto
660 1066 721 1113 suo
736 1066 852 1113 vocem
948 1054 985 1112 ln
1000 1053 1033 1114 te
1049 1053 1265 1117 confirmatus
1278 1071 1351 1117 sum
1361 1071 1404 1117 ex
1414 1059 1520 1130 utero,
1532 1059 1704 1126 daventre

90 1173 171 1220 num
183 1177 191 1216 ε
203 1158 234 1218 61
252 1155 381 1217 clamor
408 1168 502 1215 meus
521 1151 558 1227 in
573 1151 753 1226 conspectu
767 1151 851 1225 ejus.
907 1149 1024 1211 matris
1036 1166 1118 1213 meae
1133 1151 1169 1213 tu
1184 1168 1220 1213 66
1230 1153 1498 1229 protectormeus
1513 1177 1521 1217 ε
1536 1156 1573 1218 in
1583 1158 1703 1222 tecam

91 1254 168 1329 (Psal.
183 1256 228 1323 17,
242 1250 291 1331 7.)
907 1246 989 1308 tatio
1004 1263 1079 1309 mea
1094 1264 1236 1326 semper.
1255 1248 1365 1329 (inid,
1378 1249 1424 1331 6.)

117 1350 287 1412 Benedicite
302 1348 418 1425 gentes
436 1344 613 1408 Dominum
632 1344 783 1405 nostrum
797 1363 805 1403 r
820 1343 853 1404 et
948 1345 1129 1422 Repleatur
1140 1363 1178 1409 os
1192 1363 1302 1409 meum
1317 1348 1427 1421 laude,
1440 1349 1477 1413 ut
1486 1354 1616 1414 cantem
1631 1353 1705 1430 glo-

91 1437 851 1520 summracitevocemlandiejus.(psalmom)
905 1441 992 1503 riam
1010 1445 1102 1506 tuam
1119 1466 1127 1507 r
1143 1446 1214 1508 tota
1235 1444 1289 1508 die
1313 1447 1577 1523 magnitudinem
1598 1449 1702 1514 tuam.

118 1544 390 1609 Dtieuedicentur
402 1544 437 1605 in
449 1543 522 1620 ipso
537 1555 652 1602 omnes
663 1538 771 1601 tribus
783 1539 852 1600 ter·
907 1538 1059 1618 (Ibidem,
1074 1541 1121 1622 8.)

90 1658 124 1704 re
146 1663 153 1703 ε
174 1657 285 1704 omnes
316 1641 434 1717 gentes
469 1636 730 1715 magnificabunt
763 1650 851 1699 eum.
945 1639 1076 1707 Exaudi
1090 1655 1144 1703 me
1155 1641 1307 1715 Domine,
1324 1642 1482 1720 quoniam
1494 1644 1640 1722 benigna
1655 1642 1706 1713 661

91 1738 227 1819 (166171,
244 1738 313 1819 17.)

117 1837 360 1899 litbenediotum
374 1850 496 1898 nomen
525 1832 710 1911 majestatis
730 1833 803 1909 eJ'us
817 1830 853 1892 iu

89 1939 226 2009 aternum,
249 1936 287 2001 61
309 1932 495 2015 replebitur
506 1932 680 2009 majestate
693 1932 768 2009 ejus
781 1944 854 1991 om-

89 2033 226 2096 niura:
246 2033 317 2106 aar,
332 2031 401 2094 flat.
416 2029 569 2112 (uidem,
585 2026 651 2109 19.)

326 2241 382 2301 AD
404 2236 584 2299 SEXTAM.

114 2376 177 2437 161.
197 2376 325 2436 Sancta
338 2370 445 2433 Maria
455 2370 571 2446 Virgo.

371 2501 543 2559 Paruimus.

114 2622 265 2685 Exaudiat
275 2624 310 2685 16
324 2621 483 2697 Dominus
496 2619 531 2679 in
542 2618 596 2680 die
604 2614 851 2683 tribulationis:

90 2722 209 2799 protegat
223 2722 259 2783 16
273 2734 396 2782 nomen
410 2718 470 2781 Dei
483 2714 577 2781 Jcob.
589 2712 693 2795 (Psal.
709 2715 758 2784 19,
771 2711 819 2792 2.)

114 2820 203 2881 1111161
233 2817 295 2880 tibi
321 2816 485 2878 auxilium
504 2815 546 2876 de
574 2814 723 2875 sancto:
756 2811 790 2874 et
812 2810 854 2873 de

89 2915 145 2977 Sion
156 2918 287 2978 1666161
301 2915 344 2978 16.
358 2912 509 2994 (Ibidem,
521 2908 569 2990 3.)

114 3013 235 3076 llibuat
249 3012 310 3075 tibi
325 3010 506 3072 secundum
520 3024 577 3075 cor
591 3007 700 3069 tuum:
714 3005 854 3070 etomno

86 3114 235 3175 consilium
249 3113 343 3174 tuum
358 3108 542 3172 confirmet.
553 3105 692 3186 (Ibidem
706 3103 753 3185 5.)

113 3212 268 3274 Laetantur
287 3209 324 3270 in
348 3205 490 3270 salutari
510 3207 568 3267 tuo
585 3225 592 3264 :
612 3203 645 3265 et
666 3201 853 3266 innomine

43 3306 45 3387 j
85 3309 189 3372 Domini
204 3307 266 3370 Dei
278 3305 385 3368 nostri
399 3301 712 3381 magnificabuntur.
722 3297 852 3381 (11.6.)

43 3472 44 3475 ,
112 3407 236 3484 inpleat
263 3404 424 3467 Dominus
448 3416 564 3463 omnes
586 3398 764 3477 petitiones
777 3399 854 3460 tuas

86 3500 208 3578 (itidem,
231 3503 264 3581 6)
282 3524 290 3563 :
307 3517 396 3562 nunc
417 3498 558 3576 cognovi
582 3497 737 3574 quoniam
763 3494 854 3557 misit

87 3600 219 3664 Dominus
229 3604 344 3664 Jesum
359 3597 527 3661 Christum
537 3595 654 3668 lilium,
668 3596 702 3657 et
709 3592 812 3674 (Psal.
820 3594 852 3670 9,

88 3696 112 3776 1)
119 3698 271 3776 judicabit
285 3696 426 3776 populos
440 3695 476 3756 in
488 3692 633 3774 justitia.

43 3851 45 3873 ,
113 3798 144 3858 Et
155 3797 257 3860 lactus
273 3797 325 3859 est
335 3794 494 3856 Dominus
505 3790 671 3868 refugium
684 3787 851 3866 pauperis,

43 3876 44 3895 ¹
86 3889 559 3971 adjutorinopportunitatibus,
574 3889 608 3950 in
619 3886 851 3952 tribulatione:

87 3991 111 4050 et
121 3995 239 4069 sperent
249 3993 286 4053 in
300 3992 334 4052 16
355 3989 413 4068 qui
427 3986 594 4051 noverunt
605 4000 728 4048 nomen
741 3985 848 4048 tuum.

87 4085 210 4163 (Ibidem,
226 4092 266 4152 10
277 4089 310 4150 61
326 4085 392 4166 11.)

116 4188 296 4250 Benedictus
317 4183 477 4248 Dominus
510 4184 599 4243 Deus
627 4195 747 4244 meus:
775 4179 855 4259 quia

86 4279 172 4345 iactus
183 4289 229 4347 est
240 4284 515 4361 susceptormeus
527 4278 732 4355 otrelngium
742 4293 854 4342 meum

87 4377 114 4439 iu
128 4379 172 4444 die
191 4378 418 4444 uibumtionis
438 4392 531 4440 meae.
555 4373 659 4454 (Psal.
675 4375 725 4447 58,
740 4371 793 4454 17)

117 4477 237 4557 adjutor
261 4494 356 4542 meus
382 4475 444 4540 tibi
471 4474 639 4556 psallam:
661 4471 739 4551 quia
765 4474 852 4536 Deus

69 4579 72 4588 '
88 4586 170 4648 nens,
182 4573 408 4640 misericordia
422 4587 508 4640 mea.
523 4570 664 4653 (Ibidem
680 4566 745 4647 18.)

119 4673 215 4736 (116116
229 4674 332 4746 Patri,
345 4674 409 4735 616.

118 4771 183 4831 Ant.
205 4773 324 4836 sancta
338 4768 447 4832 Maria
458 4768 572 4844 Virgo,
589 4780 657 4830 non
670 4760 797 4827 esttibi
809 4762 853 4826 si·

89 4863 162 4926 milis
173 4871 245 4931 nata
258 4869 293 4930 in
305 4866 440 4938 mundo,
456 4865 519 4932 616.

120 4963 216 5028 Gloria
229 4965 333 5038 Patri,
347 4967 411 5032 616.

333 5171 389 5232 ΑΙ)
410 5167 572 5231 NONAM.

122 5303 185 5362 dat.
205 5305 324 5367 Sancta
336 5300 445 5364 Maria
459 5300 574 5375 Virgo.

371 5429 542 5488 Psolmns.

126 5542 336 5611 luteDomine
356 5545 500 5623 speravi,
516 5559 583 5606 non
610 5540 795 5608 confundar
817 5541 852 5602 in

906 1736 1139 1801 misericordia
1152 1739 1210 1801 tua
1226 1761 1234 1799 ε
1259 1740 1442 1803 secundum
1456 1743 1704 1809 multitudinem

906 1834 1160 1898 miserationum
1204 1838 1337 1901 tuarum
1381 1840 1512 1921 respice
1559 1840 1596 1905 iu
1638 1859 1706 1906 me.

907 1930 1012 2012 (Psal.
1024 1935 1075 2006 68,
1089 1932 1157 2013 17.)

946 2033 986 2093 Et
1001 2047 1043 2093 ne
1058 2035 1192 2094 avertas
1207 2031 1432 2096 sapientiam
1451 2051 1472 2096 6
1494 2052 1597 2115 puero
1620 2038 1700 2102 tuot

907 2128 1066 2206 quoniam
1106 2129 1273 2205 tribulor,
1303 2132 1464 2196 velociter
1491 2136 1703 2199 exaudime.

908 2223 1061 2305 (Ibidem,
1078 2226 1144 2308 18.)

945 2324 1147 2387 Benedictus
1159 2326 1532 2401 DominusDeusmeus‚
1543 2331 1621 2409 quia
1631 2331 1703 2397 166-

907 2421 961 2482 tus
974 2422 1026 2481 est
1038 2422 1212 2498 susceptor
1226 2438 1337 2485 meus:
1354 2421 1389 2485 et
1411 2422 1576 2501 retugium
1591 2442 1702 2493 meum

907 2517 943 2578 in
961 2517 1015 2579 die
1029 2517 1256 2581 tribulationis
1266 2535 1364 2582 meae.
1379 2520 1483 2600 (Psal.
1505 2524 1555 2595 58,
1574 2525 1612 2586 17
1617 2524 1643 2606 .)

947 2615 1089 2693 adjutor
1111 2633 1205 2678 meus
1233 2617 1294 2680 tihi
1320 2618 1480 2695 psallam,
1510 2621 1589 2701 quia
1614 2625 1705 2686 Deus

908 2713 1084 2791 susceptor
1106 2730 1201 2776 meus
1215 2730 1252 2777 66
1270 2736 1277 2775 :
1300 2717 1388 2779 Deus
1403 2733 1497 2781 meus
1511 2719 1705 2785 misericor-

908 2810 962 2873 dia
978 2826 1065 2874 mea.
1081 2809 1233 2891 (Ibidem,
1251 2811 1315 2892 18.)

948 2907 1063 2973 Gloria
1077 2909 1180 2983 Patri,
1196 2911 1260 2973 etc.

946 3008 1026 3069 Ant.
1051 3009 1172 3071 Sancta
1182 3008 1290 3071 Maria
1305 3008 1419 3086 Virgo,
1434 3012 1564 3074 nonest
1575 3013 1637 3076 tibi
1648 3013 1702 3076 si-

907 3103 998 3166 milis
1012 3107 1092 3170 nata
1106 3106 1142 3168 in
1155 3107 1289 3180 mundo,
1303 3107 1368 3169 616.

1150 3294 1207 3356 ΑΙ)
1227 3295 1455 3357 VESPERAS.

947 3426 1028 3487 Ant.
1053 3425 1177 3487 Sancta
1191 3426 1300 3488 Maria
1312 3427 1427 3504 Virgo.

946 3527 1040 3586 Psoi.
1052 3524 1296 3600 Omnesgentes
1303 3524 1448 3601 plaudite
1454 3526 1699 3605 manibusetc„

907 3627 1016 3696 supra
1028 3623 1073 3683 ad
1090 3624 1309 3697 vespernam
1321 3624 1439 3697 061616
1453 3626 1579 3698 ratolt

947 3713 1107 3780 Robrica.
1121 3719 1208 3780 Ordo
1223 3720 1387 3782 recitandi
1399 3718 1582 3785 0111616166
1593 3724 1701 3802 prima

907 3815 1080 3879 Dominica
1094 3817 1264 3880 Adventus
1278 3818 1440 3896 usquead
1455 3820 1614 3898 vigiliam
1631 3825 1705 3887 Na·

907 3912 1048 3976 tivitatis
1062 3915 1206 3977 Domini.

1092 4094 1148 4154 al>
1170 4094 1512 4158 COMPLETORIUM.
1629 4112 1633 4120 ’

946 4224 1027 4287 Ant.
1052 4226 1173 4288 Sancta
1193 4226 1302 4288 Maria
1324 4227 1439 4304 Virgo.

1216 4354 1390 4412 Ρ666666.

948 4473 1124 4550 Usqueqno
1144 4473 1282 4535 Domine
1301 4472 1510 4537 oblivisceris
1524 4476 1590 4542 mei
1604 4478 1640 4542 in
1654 4479 1699 4544 d-

906 4584 981 4630 nem
997 4590 1004 4629 :
1020 4585 1191 4647 usquequo
1206 4571 1331 4632 avertis
1342 4570 1463 4634 faciem
1477 4574 1570 4636 tuam
1587 4592 1608 4638 a
1627 4581 1701 4641 met

907 4665 1011 4747 (Psal.
1029 4664 1096 4745 12.)

947 4764 1110 4836 Quamdiu
1130 4780 1251 4842 ponam
1265 4765 1408 4829 consilia
1421 4766 1455 4829 in
1471 4770 1590 4834 anima
1602 4789 1676 4837 mea
1692 4796 1701 4834 ε

906 4861 1054 4923 dolorem
1064 4861 1099 4922 in
1113 4862 1213 4924 corde
1225 4878 1299 4924 meo
1314 4880 1375 4941 per
1389 4864 1498 4927 diemt

947 4961 1125 5036 usquequo
1139 4947 1343 5023 exaltabitur
1362 4961 1521 5026 inimicus
1536 4977 1702 5028 1666666-

906 5056 1199 5134 permetresplce,
1214 5056 1247 5121 et
1261 5058 1383 5120 exaudi
1397 5061 1601 5123 nonomine
1612 5065 1701 5126 Deus

906 5168 1012 5214 meus.

946 5249 1100 5312 lllumina
1115 5251 1230 5313 oculos
1242 5266 1344 5324 meos,
1360 5266 1404 5313 ne
1417 5267 1562 5329 unquam
1577 5254 1702 5319 ohdor-

906 5347 1061 5410 miamin
1088 5348 1195 5410 morte
1211 5369 1219 5408 ε
1236 5348 1411 5427 nequando
1433 5348 1525 5412 dicat
1544 5351 1701 5420 inimicus

906 5460 1001 5508 meus
1014 5464 1022 5505 ε
1037 5444 1205 5507 Praevalui
1220 5444 1381 5508 adversus
1394 5461 1482 5510 eum.

948 5542 1011 5615 Qui
1034 5540 1197 5604 tribulant
1217 5557 1286 5615 me,
1310 5542 1508 5607 exultabunt
1534 5548 1563 5608 si
1592 5551 1702 5613 motus
1741 5597 1751 5606 .
