3950 6200
233 292 252 350 7
466 365 469 371 1
845 291 1020 353 HONORII
1043 293 1087 351 111
1109 294 1256 353 OPERA.

232 447 391 524 Aquensi,
408 450 440 510 et
462 449 637 509 vasatensi
656 448 831 525 episcopis,
848 451 882 510 et
902 448 1023 511 dilecto

233 544 303 605 nito
337 544 572 606 arcbidIacono
603 547 788 618 vasatensi,
820 547 960 607 salutem
991 547 1025 608 et

231 643 454 717 Apostolicam
470 642 743 703 benedictionem.

274 739 357 808 Quia
372 738 498 814 quaeda
513 755 598 799 noro
614 742 787 814 emergunt
805 741 944 801 consilio
964 742 1021 801 in·

232 833 344 909 digent
372 836 506 910 propter
533 835 697 911 quaedam,
729 853 801 912 quae
837 837 1020 909 imminent,

231 933 444 1007 praesentium
466 931 560 992 vobis
589 934 786 994 auctoritate
812 934 1019 1025 ¹mandamus,

231 1030 394 1105 quatenus
407 1028 526 1089 litteris
541 1029 582 1089 ad
596 1046 654 1090 vos
668 1033 781 1091 contra
795 1030 937 1092 barones
952 1032 1020 1090 irn-

229 1126 367 1201 petratis
384 1125 514 1186 anobis
530 1128 747 1202 supersedere
762 1129 895 1199 curetis,
915 1129 1021 1188 donec

228 1221 351 1280 nostrae
366 1221 558 1296 receperitis
574 1221 816 1298 beneplacitum
825 1223 1017 1284 voluntatis.

229 1318 347 1378 Datum
363 1315 452 1395 (stc).

534 1486 712 1575 LXXXII

275 1638 326 1697 Ad
340 1637 476 1697 abbates
490 1638 523 1698 et
537 1639 743 1699 conuentum
760 1640 965 1701 monasterti

462 1737 502 1795 cle
521 1738 779 1809 Dirrzscmnelpu.

488 1865 520 1922 13
535 1865 658 1938 januarii
675 1867 754 1923 1226.

303 1977 430 2040 [Tbeinen
442 1979 553 2030 bionum.
567 1979 744 2038 Hibernorum,
760 1996 784 2045 p.
798 1981 837 2039 23,
849 1995 874 2031 6.
886 1982 937 2046 66]
955 1968 957 1974 “

223 2094 272 2152 liis
294 2101 449 2166 proventus
466 2094 651 2151 ecclesiarum
675 2094 710 2151 de
730 2082 816 2152 Hales
836 2105 864 2152 el
883 2096 919 2153 de
944 2098 1014 2154 ltin·

258 2182 367 2255 glassin
387 2184 414 2239 S.
429 2182 550 2239 Andreae
572 2183 704 2240 dioeoesis
726 2192 924 2243 secuturarum
944 2202 1013 2243 con·

258 2269 406 2327 ceduntur.

261 2387 429 2448 Honorius
438 2389 751 2465 episcopusservus
761 2406 932 2451 servorum
941 2392 1011 2463 Dei,

222 2483 352 2545 dilectis
373 2484 488 2545 tiliis...
507 2485 617 2547 abbati
633 2490 666 2547 et
685 2487 863 2549 conventui
880 2504 1015 2549 monas-

220 2581 299 2642 terii
318 2580 358 2641 de
380 2581 628 2659 Dunlermelyn,
653 2583 792 2643 salutem
813 2585 846 2644 et
867 2588 1012 2661 Aposto-

220 2677 319 2739 licam
340 2677 614 2739 benedictionem.

260 2778 309 2836 Ex
324 2775 487 2836 relatione
500 2779 613 2837 vestra
627 2776 758 2852 plenius
774 2778 1011 2851 intelleximus,

220 2873 396 2949 quodcum
414 2872 456 2933 ad
473 2871 578 2933 divini
594 2874 702 2935 cultus
720 2878 932 2950 augmentum
947 2893 1014 2938 mo·

219 2969 404 3030 naslerium
425 2972 570 3031 vestrum
594 2972 661 3032 tam
686 2987 825 3033 numero
851 2989 1015 3048 persona-

219 3083 305 3138 rum,
322 3083 421 3145 quam
444 3069 478 3130 et
502 3066 657 3129 nobiliori
684 3068 850 3131 structura
877 3070 1012 3132 fabricae

219 3165 382 3226 duxeritis
394 3165 684 3240 augmentandum,
695 3182 754 3242 pro
770 3169 1012 3230 sustentatione

219 3262 359 3324 fratrum
379 3263 412 3323 et
437 3261 604 3339 hospitum
628 3262 722 3324 vobis
749 3280 816 3324 non
842 3265 1012 3327 sufficiunt

218 3359 405 3432 facultates,
418 3358 497 3434 quin
510 3358 703 3436 plerumque
714 3363 848 3437 propter
857 3362 920 3422 boc
933 3362 1012 3423 sub·

217 3457 269 3517 ire
279 3472 339 3517 vos
350 3457 610 3532 oporteatonera
621 3456 818 3518 debitorum.
832 3459 925 3519 Unde
936 3475 1010 3520 cum

219 3554 324 3615 multa
348 3569 483 3630 precum
507 3553 665 3615 instantia
689 3556 892 3631 postulastis,
909 3558 945 3618 ut
959 3557 1012 3616 di-

218 3667 400 3728 gnaremur
411 3650 505 3712 robis
520 3650 560 3711 ad
573 3652 830 3728 hospitalitatem
844 3654 1010 3730 praecipue

218 3748 491 3815 conservandam,
508 3748 594 3826 quod
609 3748 644 3809 in
660 3749 700 3810 de
714 3749 815 3810 Hales
827 3752 859 3811 et
871 3750 911 3810 de
925 3751 1010 3811 Kin-

218 3846 345 3923 glassin
357 3845 508 3906 ecclesiis
521 3846 641 3907 restris
655 3847 766 3906 Sancti
777 3847 917 3909 Andreae
925 3848 1011 3908 6166-

218 3944 316 4015 cesis,
332 3958 415 4020 quas
429 3958 448 4002 a
463 3942 552 4003 reris
565 3943 713 4019 patronis
725 3943 819 4004 vobis
833 3960 1009 4005 concessas

217 4045 251 4103 et
265 4040 477 4102 confirmatas
498 4055 558 4116 per
576 4039 640 4100 loci
656 4039 881 4101 dioecesanum
897 4042 937 4102 de
952 4058 1010 4103 ca-

217 4138 314 4216 pituli
330 4138 382 4197 sui
397 4152 536 4198 assensu
552 4136 688 4212 pacifice
703 4136 870 4210 obtinetis,
888 4138 1010 4199 ceden-

216 4236 306 4297 tibus
317 4236 369 4297 661
383 4233 617 4296 decedentibus
630 4249 744 4295 eorum
758 4236 918 4311 personis,
931 4252 1011 4312 pro-

216 4336 335 4395 ventus
364 4332 513 4408 ipsarum
542 4331 677 4407 possitis
707 4332 743 4392 in
771 4348 851 4393 usus
879 4335 1008 4394 vestros

217 4431 421 4501 convertere,
450 4429 590 4494 liberum
615 4431 694 4491 tunc
720 4429 761 4490 de
784 4431 897 4491 nostra
926 4446 1008 4506 pro-

217 4527 375 4589 missione
401 4525 553 4588 babendo
574 4526 761 4602 ingressum
788 4527 823 4586 in
849 4527 1008 4588 ecclesias

217 4626 426 4686 memoratas.
453 4625 523 4684 Nos
550 4640 630 4685 vero
658 4623 825 4686 laudabile
851 4625 885 4685 in
913 4624 1008 4686 vobis

216 4721 453 4799 hospitalitatis
475 4721 619 4782 studium
640 4721 869 4783 favorabiliter
892 4737 1009 4797 prose-

216 4822 366 4899 quentes,
383 4818 550 4879 devotioni
565 4819 696 4889 restrae,
713 4819 909 4880 auctoritate
921 4834 1008 4893 prae-

216 4917 371 4986 sentium,
392 4915 603 4976 concedimus
622 4916 788 4991 postulata
805 4938 812 4973 :
828 4916 877 4974 sic
895 4916 1006 4976 tamen

214 5019 251 5077 ut
270 5015 442 5074 honestam
460 5013 604 5074 habeant
622 5013 897 5074 sustentationem
915 5013 1008 5089 ipsa-

215 5109 1006 5187 rumvicariiquosdioecesanoepiscopo,uteide

215 5206 457 5288 spiritualibus,
471 5207 565 5269 vobis
580 5209 690 5269 autem
710 5207 750 5268 de
768 5207 1005 5283 temporalibus

213 5306 446 5382 respondeant,
468 5305 686 5382 presentetis.
709 5304 801 5365 Nulli
819 5319 910 5380 ergo,
927 5307 1004 5373 etc„

214 5406 337 5468 nostrae
350 5401 586 5474 concessionis,
598 5405 661 5464 etc.
671 5401 706 5463 Si
717 5401 792 5480 quis
804 5404 926 5474 autem,
941 5404 1003 5464 etc.

214 5503 333 5565 Datum
354 5500 468 5571 Reate,
495 5499 571 5560 idus
599 5499 764 5578 januarii,
794 5498 1005 5576 pontificatus

215 5598 320 5661 nostri
335 5612 422 5658 anno
438 5596 576 5658 decimo.

1373 456 1571 544 LXXXIII

1077 610 1129 667 Ad
1144 610 1338 681 episcopum
1354 611 1597 684 Glusquensern
1612 609 1644 667 el
1659 610 1811 669 abbatem
1826 625 1868 669 oc

1116 706 1320 765 corruendum
1330 708 1533 766 ratenuslcrli
1543 706 1678 766 Sorrctoe
1687 707 1867 767 trinitatis

1115 804 1156 862 (le
1170 805 1429 876 Demfcrmclpn.

1340 933 1373 989 13
1385 934 1507 1004 januarii
1523 934 1601 991 1226.

1181 1053 1334 1118 [nagistrum
1343 1056 1374 1105 de
1388 1056 1576 1120 Duniermclyn,
1590 1058 1642 1115 166,
1655 1072 1681 1107 u.
1692 1058 1759 1123 266]

1073 1176 1206 1249 Indulget
1220 1185 1296 1235 6166
1315 1180 1465 1236 occasione
1480 1180 1555 1253 quod
1572 1183 1708 1254 magister
1722 1183 1865 1241 Acuncius

1059 1341 1062 1345 ⁴
1109 1266 1269 1322 molendina
1286 1267 1415 1339 quaedam
1433 1269 1510 1324 etilli
1528 1268 1666 1326 redditum
1684 1272 1776 1341 ipsum
1794 1286 1862 1328 con·

1108 1363 1254 1411 cesserunt
1265 1356 1292 1410 in
1308 1356 1350 1412 cis
1362 1356 1506 1427 Stephano
1516 1358 1630 1428 clerico,
1644 1373 1700 1414 non
1716 1366 1864 1416 teneantur

1107 1451 1172 1514 post
1181 1443 1329 1500 decessum
1340 1443 1468 1516 ejusdem
1482 1445 1643 1502 molendina
1658 1447 1718 1519 ipsa
1732 1447 1761 1503 in
1773 1447 1860 1505 bene·

1109 1531 1203 1588 ficium
1218 1547 1343 1604 unquam
1355 1532 1523 1590 concedere.

1111 1658 1859 1735 Honoriusepiseopus,servusserrorumbei,

1071 1754 1257 1815 venerabili
1269 1754 1364 1815 fratri
1378 1756 1532 1833 episcopo
1548 1758 1755 1832 Glasguensi,
1770 1761 1803 1819 et
1814 1759 1863 1818 di·

1071 1850 1165 1912 lectis
1181 1853 1259 1911 tiliis
1279 1852 1452 1913 abbatibus
1477 1856 1509 1914 et
1530 1856 1707 1915 conventui
1728 1871 1862 1915 monas-

1069 1949 1145 2009 terii
1160 1952 1289 2011 Sanctae
1302 1950 1474 2011 Trinitatis
1487 1951 1527 2010 de
1543 1952 1789 2028 Dunsermelyn,
1805 1968 1861 2012 sa-

1071 2048 1170 2106 lutem
1187 2048 1218 2108 et
1232 2048 1453 2124 Apostolicam
1469 2047 1745 2109 benedictionem.

1111 2147 1189 2204 Cum
1207 2146 1240 2205 in
1262 2145 1461 2205 molendinis
1481 2162 1553 2221 quae
1574 2146 1607 2205 in
1629 2145 1823 2206 beneticium
1839 2148 1866 2206 a

1068 2242 1161 2302 robis
1178 2243 1283 2303 tenuit
1297 2242 1391 2303 bonae
1403 2244 1570 2303 memoriae
1582 2244 1738 2318 magister
1748 2248 1860 2304 Acun-

1068 2339 1149 2408 cius,
1167 2340 1387 2400 subdiaconus
1405 2342 1438 2401 et
1452 2340 1643 2416 capellanus
1661 2341 1784 2411 noster,
1807 2339 1860 2400 di-

1069 2437 1154 2498 tecto
1172 2436 1240 2497 filio
1260 2437 1427 2512 Stephano
1444 2437 1565 2498 clerico
1584 2436 1704 2497 nobilis
1719 2438 1782 2496 viri
1797 2439 1858 2498 Jo-

1068 2533 1188 2595 hannis
1211 2534 1358 2594 Mancini
1378 2533 1459 2594 cinis
1480 2535 1622 2595 Romani
1642 2534 1855 2618 reddituma..

1067 2631 1108 2691 ad
1129 2647 1244 2707 preces
1271 2634 1402 2693 nostras
1429 2631 1613 2692 liberaliter
1638 2631 1855 2703 contuleritis

1067 2745 1163 2805 quem
1192 2729 1297 2789 eidem
1327 2726 1449 2789 clerico
1474 2729 1629 2788 duximus
1652 2729 1857 2789 conflrman-

1067 2826 1143 2886 dum
1159 2847 1166 2887 :
1184 2841 1255 2898 666,
1273 2841 1314 2886 66
1334 2825 1410 2886 1666
1431 2825 1613 2885 incurratis
1635 2825 1855 2901 dispendium,

1066 2923 1154 2984 unde
1188 2923 1314 2984 debetis
1349 2922 1491 2998 gratiam
1522 2923 1720 2998 promereri,
1750 2922 1856 2984 dero-

1065 3019 1148 3080 tioni
1185 3021 1303 3081 vestrae
1335 3018 1533 3079 auctoritate
1562 3019 1775 3096 praesentium
1803 3019 1858 3079 in-

1066 3116 1249 3193 dulgemus,
1267 3118 1303 3178 ut
1317 3132 1357 3177 ea
1372 3116 1547 3177 occasione
1562 3117 1648 3194 quod
1664 3115 1771 3177 dictus
1791 3133 1858 3177 ma·

1065 3215 1169 3290 gister
1195 3214 1302 3275 tenuit
1330 3213 1519 3273 molendina
1550 3213 1708 3290 praedicta
1735 3214 1768 3274 et
1796 3229 1857 3274 ros

1065 3311 1229 3373 redditum
1250 3311 1359 3387 ipsum
1384 3309 1593 3371 concessistis
1612 3309 1648 3369 in
1667 3312 1716 3370 eis
1734 3309 1856 3371 clerico

1064 3408 1256 3479 memorato,
1285 3423 1351 3466 non
1379 3407 1561 3467 teneamini
1586 3407 1660 3483 post
1683 3406 1856 3467 decessum

1065 3505 1224 3582 ejusdem,
1237 3503 1426 3564 molendina
1440 3503 1514 3580 ipsa
1528 3504 1562 3564 in
1577 3503 1773 3563 beneficium
1787 3520 1854 3563 un-

1064 3619 1162 3679 quam
1178 3601 1371 3670 concedere,
1385 3601 1439 3662 661
1458 3601 1494 3660 16
1510 3601 1580 3661 illis
1592 3602 1784 3676 pensionem
1798 3603 1857 3663 aut

1063 3699 1227 3761 redditum
1253 3699 1440 3773 assignare.
1468 3701 1514 3759 Ea
1539 3714 1617 3773 ergo
1647 3695 1726 3758 cum'
1747 3698 1855 3760 dictus

1064 3798 1250 3874 Stephanus
1268 3796 1413 3856 debitum
1432 3797 1559 3857 naturae
1582 3796 1790 3872 persolverit,
1812 3797 1854 3857 ad

1063 3911 1142 3955 usus
1164 3895 1292 3954 vestros
1318 3892 1422 3953 libere
1453 3892 1638 3953 desolvant.
1674 3891 1767 3952 Nulli
1794 3908 1853 3953 er-

1062 4008 1114 4066 ge,
1139 3993 1200 4052 etc.
1223 3991 1258 4050 si
1278 3991 1352 4067 quis
1371 3992 1494 4061 autem,
1517 3992 1578 4051 etc.
1600 3990 1718 4050 Datum
1738 3990 1852 4061 Reate,

1062 4089 1137 4149 idus
1171 4088 1332 4164 januarii,
1375 4088 1585 4164 pontificatus
1624 4087 1730 4148 nostri
1763 4103 1854 4148 anno

1063 4185 1200 4247 decimo.

1360 4370 1554 4457 LXXXIV

1061 4525 1113 4583 Ad
1126 4523 1281 4582 abbatem
1294 4522 1564 4594 collocatamque
1579 4523 1620 4581 de
1641 4522 1852 4593 1166161666-

1100 4625 1157 4693 lqn
1174 4620 1207 4680 el
1226 4619 1391 4687 abbatem,
1418 4622 1664 4692 curzontcosque
1681 4621 1721 4678 de
1742 4619 1854 4679 Scene

1100 4720 1134 4777 S.
1151 4719 1300 4777 Altareoe
1313 4717 1479 4775 dioeccsts.

1322 4843 1355 4900 13
1368 4843 1491 4914 januarii
1508 4844 1586 4901 1226.

1162 4966 1314 5031 [Registrum
1327 4965 1357 5016 de
1371 4966 1559 5030 Duatermelyn,
1574 4965 1626 5023 167,
1639 4979 1666 5015 6.
1683 4965 1749 5029 266]

1060 5092 1299 5166 Conrposilionem
1323 5092 1396 5147 inter
1417 5090 1549 5147 abbatem
1568 5098 1797 5161 conventumque
1816 5089 1853 5149 de

1095 5179 1297 5253 Duulermelyn
1307 5185 1336 5237 et
1348 5178 1478 5236 abbatem
1490 5179 1700 5264 canonicosque
1712 5177 1748 5234 de
1758 5180 1853 5237 scona

1094 5285 1180 5343 super
1193 5268 1362 5342 quibusdem
1374 5267 1493 5324 decimis
1507 5268 1605 5323 initam
1620 5267 1779 5325 coufirmat.

1098 5396 1266 5459 Honorius
1281 5395 1469 5471 episcopus,
1485 5393 1547 5454 etc.

1099 5496 1207 5555 Cuma
1217 5492 1312 5553 nobis
1323 5490 1447 5566 petitur
1457 5488 1542 5565 quod
1552 5488 1678 5566 justum
1689 5490 1853 5552 estetho-

1059 5592 1201 5662 nestum,
1215 5592 1283 5651 tam
1293 5587 1389 5662 vigor
1400 5585 1567 5662 aequitatis
1578 5600 1676 5662 quam
1689 5586 1770 5648 ordo
1782 5588 1853 5649 exi·
