3950 6200
236 208 257 267 3
789 203 988 266 MONITUM
1011 203 1065 265 ab
1094 202 1326 267 LECTOREM.
1850 213 1866 270 t

236 369 311 445 post
327 364 449 427 librum
463 368 513 427 De
529 365 659 426 natura
673 363 706 426 el
725 365 843 441 pratia
862 379 1031 441 reponen-
1085 364 1175 441 poris
1189 363 1359 427 licentiam
1367 361 1392 444 l)
1405 362 1539 442 quidam
1554 359 1642 426 male
1655 377 1748 427 sanae
1757 369 1866 430 mentis

234 463 326 536 dum,
365 461 541 525 dummodo
582 462 723 532 extaret,
767 460 1031 523 admonuerunt?
1085 477 1153 538 prae
1179 462 1297 523 rostris
1321 464 1355 524 et
1376 477 1420 523 ex
1442 462 1608 538 suggestis
1627 466 1864 539 expresserunt

235 561 404 639 Septimus
426 560 527 622 etiam
546 558 631 620 liber
651 557 800 636 ejusdem
811 556 944 621 ‘contra
966 562 1031 620 Ju-
1084 561 1170 621 Vere
1184 559 1296 620 nullus
1311 560 1421 637 seipso
1436 558 1613 638 demissius
1636 555 1679 621 de
1701 575 1740 621 eo
1760 562 1863 634 sensit,

231 653 368 721 lienum
383 657 514 719 noviter
528 658 642 718 erutus
655 641 679 718 ‘e
692 654 851 728 tenebris,
868 654 910 717 ob
932 671 1028 718 eam-
1084 656 1205 734 quippe
1226 672 1262 718 se
1281 658 1314 718 et
1328 673 1407 718 suos
1422 654 1463 717 ad
1485 659 1671 718 extremum
1687 658 1768 730 viter,
1784 657 1865 720 bali-

232 756 310 818 dem
325 756 489 817 rationem
508 753 685 831 Augustini
705 768 778 814 esse
793 753 1030 830 denegabiturl
1084 755 1152 814 lum
1169 753 1290 816 idiotas
1305 753 1400 815 dixit
1418 754 1488 814 Hoc
1502 755 1612 814 autem
1632 769 1696 829 ego
1712 756 1784 829 ejus
1798 771 1867 831 pro-

231 852 480 915 Gommenlaria
504 851 563 912 illa
584 852 619 911 in
639 850 805 928 Epistolas
825 851 933 922 Pauli,
955 865 1029 930 quae
1085 848 1195 913 iundae
1222 851 1395 913 tribuerim
1420 849 1601 912 humilitati
1628 872 1637 910 ε
1668 866 1746 911 nam
1767 852 1866 928 reipsa

231 950 391 1011 Anselmo
413 949 646 1010 Cantuariensi
665 948 859 1010 tribuuntur
871 946 934 1026 (1),
952 963 1030 1024 pro-
1084 948 1172 1008 inler
1199 950 1318 1019 socios,
1342 965 1425 1025 quos
1450 963 1562 1009 secum
1586 947 1711 1009 idiotas
1736 950 1865 1021 vocarit,

232 1047 370 1110 dierunt
383 1047 418 1107 in
429 1047 536 1107 lucem
550 1047 654 1107 ferme
668 1045 920 1122 quadringentis
936 1045 1030 1122 quin·
1084 1046 1217 1121 quidam
1238 1046 1326 1107 docti
1346 1047 1452 1118 erant,
1478 1061 1539 1106 nec
1560 1044 1776 1107 mediocriter
1794 1061 1866 1107 eru-

232 1144 395 1221 quaginta
422 1144 520 1205 annis
547 1142 588 1205 ab
612 1141 704 1203 obitu
731 1143 892 1214 anselmi,
920 1143 975 1204 ”vel
1000 1143 1028 1203 si
1084 1143 1155 1204 diti.
1171 1143 1232 1204 Vel
1247 1143 1276 1204 si
1291 1142 1400 1204 adbuc
1415 1140 1551 1204 idiotam
1564 1143 1660 1214 velis,
1676 1142 1709 1203 id
1722 1143 1781 1204 tibi
1797 1159 1867 1204 con·

235 1241 342 1303 mavis
368 1257 408 1301 ea
443 1244 584 1303 Herraeo
613 1240 813 1313 adscribere,
845 1240 1028 1301 adnumera
1084 1241 1252 1312 cesserim,
1269 1240 1366 1302 modo
1380 1240 1422 1302 de
1435 1239 1603 1301 mundana
1618 1242 1652 1302 et
1665 1239 1760 1300 inani
1772 1240 1865 1301 scien·

233 1340 314 1416 quot
340 1338 427 1400 inter
450 1338 549 1416 hujus
573 1339 705 1400 aeiatem
730 1339 764 1400 et
784 1354 908 1399 annum
937 1339 1027 1410 1533,
1083 1339 1131 1399 tia
1146 1339 1189 1400 sit
1208 1354 1328 1399 sermo.
1344 1337 1393 1399 Ab
1412 1337 1476 1399 bac
1491 1338 1613 1399 etenim
1636 1337 1769 1414 penitus
1788 1338 1865 1398 alie-

234 1452 300 1513 quo
316 1436 459 1512 primum
476 1435 889 1507 editasunt,intercedunt.
899 1434 982 1496 Vide
994 1435 1028 1495 in
1084 1451 1174 1507 num,
1202 1451 1341 1512 eamque
1367 1436 1402 1495 in
1427 1435 1496 1495 suis
1520 1434 1732 1507 abboruisse,
1760 1434 1867 1496 docent

234 1532 477 1595 recentioribus
490 1532 690 1594 editionibus
699 1549 840 1610 operum
851 1532 1026 1603 Bernardi,
1083 1536 1156 1610 ejus
1172 1533 1373 1594 collationes
1387 1534 1457 1604 XV,
1473 1533 1547 1593 XVl
1562 1533 1595 1593 et
1609 1534 1713 1593 xvii.

235 1632 315 1707 quot
328 1633 547 1692 accreverunt
561 1630 727 1706 Epistulae,
744 1646 827 1707 quas
842 1629 882 1690 ab
898 1646 938 1691 eo
953 1645 1029 1690 con·
1123 1631 1202 1691 Erat
1220 1629 1385 1706 sapientia
1407 1632 1480 1707 eJ'us
1504 1630 1634 1701 coelica,
1659 1629 1768 1706 inquit
1791 1631 1865 1690 Ber·

234 1728 377 1804 scriptas
401 1742 475 1789 esse
494 1727 622 1788 nullum
644 1726 756 1805 probis
776 1727 859 1789 viris
878 1726 1026 1787 dubium.
1083 1728 1245 1789 nardinus
1276 1727 1434 1789 Senensis
1456 1726 1504 1806 (2)
1531 1726 1711 1788 desursum
1735 1725 1865 1788 descen-

233 1824 388 1886 Omnium
412 1824 515 1886 terme
546 1827 737 1886 sanctorum
762 1826 900 1885 Patrem
927 1839 1028 1900 opera
1066 1826 1176 1904 dens,
1194 1824 1325 1902 pudica,
1342 1824 1492 1901 pacifica,
1511 1823 1675 1893 modesta,
1692 1824 1864 1894 suadibilis,

233 1922 473 2001 posterioribus
485 1921 538 1982 bis
549 1922 681 1983 saeculis
697 1921 850 1999 prodiere
863 1920 1026 1992 auctiora,
1083 1922 1179 1984 bonis
1206 1922 1431 1993 consentiens,
1460 1921 1558 1999 plena
1591 1921 1819 1983 misericordia
1839 1922 1868 1982 et

233 2022 267 2084 et
285 2020 436 2097 quaedam
460 2018 560 2095 duplo
584 2019 705 2095 seipsis
724 2022 864 2096 majora.
887 2021 938 2079 An
954 2033 1028 2094 quae
1085 2019 1248 2082 fructibus
1267 2019 1375 2081 bonis.
1392 2020 1537 2081 Proinde
1557 2018 1772 2081 asalomone
1788 2018 1865 2079 dici-

231 2118 397 2182 Hsuricus
413 2117 579 2188 canisius,
596 2116 777 2178 mulierum
791 2116 1028 2193 antiquitatum
1083 2118 1191 2180 turin
1204 2131 1347 2194 persona
1372 2116 1542 2179 Francisci
1557 2139 1565 2178 :
1580 2118 1812 2179 stultissimas
1824 2113 1864 2193 (3)

231 2215 368 2287 vindex,
408 2216 600 2276 sanctorum
626 2215 841 2290 veterumque
878 2212 1028 2274 virorum
1081 2231 1161 2276 stim
1174 2219 1344 2287 virorum,
1366 2216 1402 2277 el
1420 2216 1596 2289 sapientia
1610 2217 1790 2276 bominum
1806 2227 1868 2274 non

231 2313 326 2375 Vitas
349 2314 383 2374 et
405 2312 530 2387 scripta
553 2312 589 2372 iu
613 2326 676 2373 sua
696 2313 931 2385 Antiquarum
955 2316 1027 2373 lec·
1082 2313 1134 2374 esi
1145 2328 1298 2385 clamem
1312 2328 1383 2374 non
1394 2315 1497 2373 didici
1510 2313 1736 2387 sapientium,
1751 2312 1867 2373 amvi

233 2412 367 2473 tionum
380 2403 551 2472 'volumina
571 2409 749 2486 congessit,
772 2409 851 2486 quia
871 2408 1025 2480 infirmis,
1081 2413 1265 2472 scientium
1279 2410 1499 2473 salemum.
1514 2411 1540 2470 Ο
1554 2408 1679 2470 bonam
1691 2408 1864 2478 scientam,

231 2510 306 2586 post
320 2508 439 2583 longas
450 2507 631 2568 multorum
645 2506 845 2568 soculorum
857 2505 1026 2577 tenebras,
1082 2523 1148 2584 qua
1170 2508 1279 2569 sancti
1296 2507 1362 2568 riri
1387 2507 1516 2568 occulta
1536 2506 1794 2568 Proverbiorum
1812 2519 1866 2565 ex-

232 2604 339 2667 ocuiis
351 2619 472 2665 noram
488 2603 568 2665 solis
587 2604 694 2664 aciem
709 2602 798 2664 serre
814 2601 1026 2674 videbantur,
1082 2604 1230 2680 quirunt,
1242 2610 1276 2665 el
1286 2603 1323 2664 in
1333 2602 1536 2664 absconditis
1546 2602 1788 2664 Parabolarum
1799 2615 1866 2662 con·

234 2717 298 2764 nec
322 2716 416 2774 vera,
443 2716 506 2762 nec
528 2700 689 2776 legitima,
715 2698 773 2760 sed
795 2714 814 2760 a
836 2701 929 2762 tauto
953 2698 1028 2760 viro
1082 2702 1275 2776 versantem
1299 2702 1412 2777 etqua
1432 2701 1551 2777 plenus
1566 2699 1864 2762 bicheodidactns

236 2798 379 2861 conficta
398 2797 564 2860 dicemusl
584 2796 700 2858 Simile
715 2796 846 2858 demum
867 2811 955 2858 anne
971 2795 1025 2857 ie-
1082 2799 1282 2862 Franciscus
1297 2797 1464 2860 enodabat
1477 2797 1579 2858 dubia
1592 2797 1821 2874 questionum,
1835 2794 1864 2855 et

233 2912 348 2958 remus
359 2895 525 2972 judicium
545 2893 587 2954 de
605 2894 654 2956 tot
672 2893 839 2970 tantisque
857 2892 1026 2970 operibus,
1083 2895 1277 2957 abscondita
1301 2893 1504 2973 producebat
1529 2895 1564 2956 in
1586 2895 1696 2957 lucem
1720 2893 1779 2974 (4).
1804 2893 1864 2953 Nec

233 3010 308 3071 quae
322 2991 521 3054 successivis
533 2989 736 3052 editionibus
751 2989 841 3052 iacta
854 2991 933 3052 sunt
940 2991 1029 3068 juris
1083 2993 1215 3065 mirum,
1232 3009 1307 3055 cum
1322 2993 1510 3070 persancti
1527 2992 1672 3069 Spiritus
1687 2991 1865 3053 unctionem

233 3089 420 3163 communis
441 3111 450 3151 ε
469 3088 506 3151 in
526 3089 735 3151 Bibliotheca
762 3088 922 3151 ceterum
951 3092 1027 3152 Pa·
1083 3090 1268 3169 plenariam
1284 3090 1532 3168 scripturarum
1549 3089 1721 3152 doctorem
1739 3085 1821 3166 apud
1834 3100 1865 3146 se

234 3191 341 3261 trum,
359 3188 395 3250 ut
413 3187 543 3248 nulium
561 3186 744 3262 genuinum
762 3184 922 3263 adscripti
940 3202 1026 3248 auc·
1083 3188 1221 3251 baberet
1233 3190 1270 3249 in
1284 3187 1429 3249 corde.»
1450 3190 1555 3249 Porro
1570 3188 1746 3249 scientiam
1762 3180 1865 3246 saeculi

232 3287 409 3350 wrisesse
430 3284 578 3347 dicaturl
595 3288 646 3346 An
666 3283 800 3355 taudem
824 3299 939 3345 omnes
957 3284 1030 3346 ool-
1083 3287 1235 3358 calcarit,
1248 3286 1305 3347 sed
1316 3286 1394 3348 coeli
1403 3286 1602 3364 sapientiam
1613 3285 1865 3360 obtinuit2prop

233 3385 395 3447 lectiones
420 3382 643 3444 conciliorum
666 3380 771 3443 lactas
793 3381 868 3458 post
887 3381 1028 3458 primam
1083 3386 1176 3447 terea
1195 3384 1236 3447 de
1259 3399 1299 3445 eo
1321 3384 1501 3459 Gregorius
1520 3385 1566 3443 IX
1588 3381 1648 3462 (5),
1672 3382 1767 3453 dixit,
1789 3376 1865 3457 quod

233 3481 327 3543 illam
340 3479 444 3542 nostri
460 3478 575 3541 saeculi
590 3477 907 3555 compilationem‚a
929 3480 1028 3540 Petro
1084 3480 1265 3557 Gregorius
1288 3480 1420 3541 Primus
1442 3479 1483 3541 de
1503 3478 1685 3541 Benedicto
1705 3476 1763 3558 (6),
1787 3471 1864 3553 quod

235 3578 319 3642 Crob
338 3577 497 3640 Minorita
518 3564 735 3648 elaboratam,
759 3592 824 3654 quo
848 3575 1027 3647 auctiores,
1084 3580 1205 3641 multos
1223 3579 1424 3656 praevenerit
1438 3578 1586 3639 scienter
1605 3578 1749 3648 nescius,
1770 3573 1801 3636 et
1817 3585 1866 3631 sa-

235 3693 275 3740 eo
290 3675 445 3738 falsiores
458 3674 492 3735 et
506 3672 652 3736 fictiones
666 3672 954 3737 asseverabimusl
968 3674 1031 3734 lm·
1084 3677 1215 3755 pienter
1228 3675 1391 3737 indoctus.
1410 3676 1479 3737 Etsi
1492 3674 1578 3735 idem
1592 3676 1733 3751 Magnus
1750 3675 1866 3745 Grego-

235 3772 382 3854 prudens
406 3771 439 3833 et
465 3768 639 3847 impudens
665 3771 755 3833 certe
779 3770 956 3832 sententia.
979 3769 1030 3831 nd
1084 3775 1157 3836 rius
1174 3774 1264 3835 dicat
1282 3773 1496 3835 Benedictum
1517 3772 1678 3835 doctrlnae
1693 3770 1792 3833 verbo
1805 3779 1864 3827 non

233 3874 302 3934 tam
328 3868 505 3931 manifesta
529 3867 682 3944 exempla
706 3867 830 3928 nimius
853 3868 943 3929 certe
964 3867 1031 3928 erit
1085 3872 1298 3934 mediocriter
1318 3870 1463 3943 fulsisse,
1490 3871 1568 3947 quia
1598 3871 1734 3947 scripsit
1752 3870 1865 3930 Mou-

236 3967 413 4044 scrupulus
428 3965 468 4027 de
483 3965 538 4026 bis
554 3963 767 4025 admittendis
781 3963 948 4041 operibus,
972 3965 1029 4025 in·
1084 3975 1227 4032 cnorum
1249 3973 1417 4045 Regulum
1440 3968 1641 4029 discretione
1662 3967 1862 4045 praecipuam,

235 4065 336 4143 digna
360 4078 497 4142 prorsus
517 4060 671 4138 prudenti
694 4060 767 4121 riro
787 4061 965 4124 admiratio
987 4062 1029 4123 ad
1085 4081 1238 4129 sermone
1253 4065 1476 4127 luculentam:
1493 4080 1537 4125 an
1554 4081 1621 4126 non
1638 4065 1753 4127 doctus
1769 4063 1866 4122 Pran-

235 4163 356 4226 borum
369 4176 504 4239 operum
517 4158 744 4230 excuslonem,
757 4158 942 4235 praesertim
955 4175 1031 4221 cum
1085 4165 1206 4235 ciscus,
1223 4164 1278 4240 qui
1292 4162 1435 4240 quatuor
1453 4178 1497 4223 ex
1517 4163 1591 4239 ipsa
1606 4161 1751 4223 medulla
1767 4161 1866 4220 Eran-

236 4259 408 4324 Francisci
433 4259 588 4335 spiritum
612 4255 715 4318 verba
745 4257 818 4333 ipsa
845 4256 1029 4329 redoleant,
1085 4262 1165 4338 gelii
1180 4260 1394 4323 concinnavit
1408 4259 1567 4335 Regulus,
1584 4259 1646 4320 sub
1662 4257 1780 4337 quibus
1791 4252 1866 4314 adeo

237 4361 346 4437 ipsum
370 4371 443 4419 esse
470 4355 687 4418 Franciscum
714 4355 897 4427 auctorem,
924 4354 1031 4432 stylus
1086 4360 1268 4437 propagata
1282 4359 1332 4419 est
1351 4357 1517 4434 regularis
1536 4357 1653 4434 pietas,
1671 4358 1708 4418 ut
1728 4352 1787 4415 sub
1806 4347 1865 4410 alia

236 4455 364 4526 doceat,
395 4454 591 4529 argumenta
615 4452 852 4524 demonstrent,
878 4452 911 4514 et
941 4452 1032 4514 omni
1086 4457 1337 4534 nunqnamiAn
1355 4470 1422 4516 non
1436 4454 1563 4526 doctus,
1581 4455 1638 4531 qui
1652 4449 1865 4515 intricatiores

236 4552 433 4628 exceptione
446 4553 591 4627 majores
607 4550 804 4613 confirment
817 4550 930 4612 testes.
1085 4552 1262 4630 tbeoiogiae
1286 4552 1509 4614 dubitationes
1535 4550 1782 4628 expeditissime
1805 4540 1866 4604 sol·

278 4649 374 4710 Illinc
392 4646 454 4710 tibi
474 4646 589 4707 forsan
603 4647 792 4723 scrupulus,
816 4647 902 4723 quod
922 4647 1032 4708 bomi·
1085 4651 1183 4714 vebat
1195 4648 1255 4730 (7),
1269 4650 1303 4712 et
1315 4648 1519 4727 praedicabat
1532 4665 1608 4710 cum
1622 4651 1714 4711 tanta
1728 4641 1865 4707 admira·

238 4762 314 4810 nem
332 4744 514 4814 rudiorem,
539 4742 573 4805 et
595 4743 697 4804 totius
721 4744 876 4805 humanae
899 4744 1032 4806 littera·
1085 4749 1175 4810 tione
1191 4749 1279 4809 inter
1293 4747 1496 4808 christianos
1512 4747 1545 4808 et
1558 4745 1722 4813 infideles,
1740 4742 1776 4803 ut
1794 4738 1866 4799 doo-

237 4850 323 4909 turre
349 4845 504 4920 ignarum
526 4840 707 4918 putareris.
730 4841 887 4917 vulgaris
911 4842 966 4904 bic
990 4842 1031 4904 de
1085 4848 1175 4907 tores
1190 4845 1231 4906 ad
1254 4860 1341 4914 eum,
1363 4844 1458 4921 quasi
1481 4843 1522 4905 ad
1544 4843 1717 4905 oraculum
1733 4834 1865 4901 ventita-

236 4946 330 5008 tanto
355 4940 430 5004 viro
458 4941 649 5015 conceptus,
675 4953 772 5015 quem
799 4939 1033 5016 contemptibi-
1086 4943 1170 5014 rent,
1183 4943 1224 5003 ad
1239 4940 1452 5019 percipienda
1463 4940 1665 5012 difficiliora,
1677 4954 1749 5017 quae
1760 4926 1864 5013 pervia

237 5042 315 5103 liter
328 5040 362 5102 et
375 5036 542 5098 malitiose
563 5034 605 5096 ad
625 5035 885 5096 Franciscanum
904 5052 1030 5113 expro-
1086 5041 1119 5101 et
1133 5037 1310 5105 manifesta
1326 5036 1428 5101 menti
1443 5054 1509 5099 non
1523 5039 1641 5100 oranti

103 5139 108 5153 '
238 5136 403 5201 brandum
418 5133 609 5197 institutum
624 5131 659 5211 (o
671 5132 808 5193 nimiam
828 5133 928 5211 hujus
942 5135 1031 5196 tem·
1126 5138 1196 5198 Nec
1220 5135 1345 5212 absque
1371 5136 1461 5196 omni
1482 5150 1620 5211 prorsus
1639 5132 1746 5196 studio
1770 5125 1864 5189 totum

274 5308 1030 5387 (l)Vid.Possevinitppar.verbenaselmdantucr.
1122 5313 1153 5384 (5
1180 5313 1266 5383 Greg.
1283 5312 1333 5379 lx,
1346 5311 1375 5367 in
1390 5311 1457 5366 lini.
1474 5310 1604 5367 mannis.
1617 5326 1626 5365 :
1641 5310 1710 5367 llira
1723 5307 1795 5364 circa
1807 5310 1862 5357 noe

274 5386 303 5457 (t
331 5385 447 5450 Senon,
463 5388 532 5438 tom.
549 5382 586 5450 ll,
603 5382 695 5439 Serm.
712 5395 758 5448 ιιι,
772 5388 825 5438 art.
844 5381 870 5450 l,
886 5395 911 5438 c.
927 5381 954 5443 2,
1123 5383 1151 5454 (6
1179 5383 1234 5439 dre
1259 5425 1277 5447 .,
1294 5381 1342 5438 lib.
1359 5383 1396 5451 ll,
1411 5382 1503 5450 nial,
1520 5380 1602 5439 Prael.
1822 5437 1828 5449 ,
1855 5432 1860 5442 .

288 5456 304 5512 3
331 5454 427 5519 Prot,
441 5464 508 5508 xxx.
524 5450 613 5520 Eccl,
626 5465 725 5507 xxxix.
751 5520 757 5532 .
1122 5454 1163 5523 (7)
1176 5396 1273 5510 laclfil.
1286 5453 1400 5519 suarez,
1412 5453 1502 5509 serm.
1515 5464 1553 5514 ιι.
1563 5453 1676 5508 Octavae
1683 5439 1862 5517 comedint

274 5465 305 5599 tl
333 5525 450 5590 bonav,
465 5535 489 5578 c.
506 5536 536 5590 ιι,
550 5523 658 5594 began.
672 5521 701 5578 in
716 5534 806 5593 princ.
822 5519 961 5581 indidem.
1087 5523 1121 5580 sd
1138 5525 1185 5579 tin.
