3950 6200
280 234 339 297 119
893 234 1070 298 HONORII
1091 236 1137 297 111
1157 236 1304 299 OPERA.
1859 247 1914 308 iao

274 392 476 469 emptorium
502 393 726 470 praefigentes,
755 409 819 472 quo
848 410 909 471 per
934 411 989 468 se,
1017 396 1070 459 rel
1125 396 1209 469 sent,
1225 396 1261 459 in
1280 395 1551 473 contradictores,
1567 402 1601 463 et
1620 400 1914 468 rebellesexoom·

274 492 508 567 procuratores
533 491 670 555 idoneos
691 508 764 553 cuin
780 493 932 554 omnibus
954 495 1068 555 muni·
1126 494 1362 556 manicationis
1378 498 1575 559 sententiam
1591 500 1802 575 proferendo.

273 588 396 650 mentis
418 590 452 649 et
469 588 655 655 rationibus
675 591 744 650 suis
768 593 983 666 compareant
1009 607 1068 652 co·
1164 591 1277 652 Dictus
1296 594 1407 655 111111
1422 595 1597 670 episcopus
1612 597 1782 672 sagiensis
1801 584 1922 659 eorum¹

275 700 348 753 ram
373 685 479 758 nobis,
502 686 639 763 justam,
665 673 800 749 auctore
824 690 902 759 Deo,
929 691 1068 750 senten·
1122 689 1286 751 sententia
1315 705 1434 764 parere
1463 694 1688 765 contemnens,
1713 696 1757 765 et,
1788 700 1915 757 armata

274 782 355 843 tiam
368 784 561 858 recepturae.
581 784 672 855 Quod
688 785 717 844 si
741 800 808 847 non
821 798 935 846 omnes
949 785 1002 847 his
1012 801 1069 846 ex·
1122 798 1223 849 manu
1237 785 1396 861 quosdam
1409 787 1473 847 sibi
1488 787 1529 847 ab
1552 789 1636 865 ipsis
1646 789 1817 865 judicibus
1831 809 1913 853 exe-

274 879 452 956 sequendis
474 880 636 942 interesse
657 882 819 957 poteritis,
840 882 905 942 duo
921 884 1068 944 vestrum
1122 883 1253 943 catores
1263 882 1435 959 deputatos
1445 885 1914 964 expellens,ad...episcopnm

274 992 316 1039 ea
330 977 549 1039 nihilominus
572 980 808 1056 exsequantur.
829 979 950 1041 Datum
964 982 1066 1041 Lete·
1122 979 1373 1051 Lexoviensem,
1395 982 1428 1042 et
1452 981 1613 1057 collegam
1641 999 1739 1044 suum
1754 986 1914 1061 quasdam

271 1074 359 1145 rani,
376 1076 540 1137 ivnonas
555 1075 645 1151 julii,
669 1090 758 1139 anno
773 1075 912 1137 decimo.
1122 1076 1237 1137 contra
1252 1076 1359 1151 ipsum
1367 1076 1433 1139 sub
1446 1080 1535 1139 certa
1550 1078 1668 1151 forma,
1681 1080 1832 1157 licet'per
1844 1083 1913 1143 veri

1122 1173 1389 1247 suppressionem
1405 1176 1439 1236 et
1457 1174 1533 1236 lalsi
1547 1177 1805 1251 suggestionem,
1823 1179 1915 1240 litte-

1121 1283 1177 1328 ras
1203 1269 1402 1345 impetravit,
1419 1286 1531 1332 coram
1551 1273 1672 1348 quibus
1692 1272 1773 1335 licet
1795 1273 1913 1336 inisset

584 1368 756 1454 CLXXII
1121 1364 1315 1440 aliquandiu
1330 1382 1349 1426 a
1363 1367 1512 1443 partibus
1522 1368 1688 1444 litigatum
1702 1370 1743 1431 ad
1756 1370 1910 1431 ulsinum

635 1530 641 1541 Ι
809 1528 816 1542 ,
1120 1463 1230 1522 tamen
1245 1462 1333 1523 idem
1359 1465 1399 1524 Η.
1423 1465 1563 1527 consilio
1591 1465 1671 1527 dicti
1695 1467 1913 1528 lexoviensis

274 1526 327 1585 Art
348 1524 503 1587 abbatem
522 1528 641 1587 sancta
662 1531 826 1599 Aaronem,
846 1530 1013 1588 decertum
1033 1529 1068 1588 et
1121 1558 1280 1635 episcopi,
1297 1560 1330 1620 e,
1342 1559 1484 1621 aliorum
1499 1562 1681 1623 amicorum
1694 1562 1801 1638 ipsius
1819 1564 1914 1639 epis,

309 1622 519 1697 magistrum
539 1626 764 1698 1101111111111)
788 1627 1065 1686 11111111001111111
1120 1655 1194 1730 copi
1219 1656 1388 1730 sagiensis
1412 1657 1576 1730 inductus,
1602 1660 1636 1721 et
1661 1658 1799 1720 credens
1823 1660 1912 1736 quod

312 1721 629 1795 R⁰m⁰ma937²⁸⁶³m
1119 1752 1254 1827 propter
1266 1751 1340 1824 boc,
1353 1753 1440 1815 sicut
1453 1755 1643 1826 silebatur,
1656 1756 1799 1831 intelligi
1813 1755 1914 1817 debe-

571 1858 664 1933 911111
685 1859 763 1919 1226.
1118 1850 1170 1909 ret
1183 1848 1247 1913 sibi
1262 1865 1341 1910 suus
1363 1850 1495 1911 restitui
1510 1851 1687 1927 prioratus,
1704 1868 1740 1914 se
1761 1854 1913 1928 praestito

315 1987 1034 2057 [1111111111.Χ,1ρίε1.111.1111.111111111111111,]
1115 1947 1680 2057 1Ἦᾶωθῃ10’ῃοῃ1ἃωῗῃᾶᾶῂῶῃᾶ
1699 1949 1912 2061 mlemqitate

1118 2043 1383 2118 evangeliorum,
1399 2046 1456 2106 sed
1471 2058 1520 2106 sic
1534 2048 1621 2107 Deus
1643 2063 1751 2122 ipsum
1767 2046 1910 2123 adjuva-

270 2122 324 2179 Dat
338 2122 381 2178 eis
392 2123 568 2193 provinciam
584 2122 716 2181 audiendi
728 2124 848 2183 denovo
862 2139 992 2194 causam,
1001 2140 1064 2197 pue
1118 2142 1180 2207 ret,
1196 2139 1349 2203 submisjp
1363 2140 1501 2203 arbitrio
1516 2142 1595 2203 dicii
1606 2143 1754 2219 episcopi
1768 2145 1913 2219 sagien.

303 2209 377 2266 inter
392 2210 559 2305 episcopum
571 2212 739 2285 sagiensem
755 2212 790 2270 ab
803 2227 870 2282 une,
884 2220 912 2270 ct
927 2215 974 2283 ll,
985 2216 1061 2284 prio·
1118 2236 1165 2296 sis
1179 2237 1347 2315 tamquam
1362 2254 1456 2315 ωηο
1480 2239 1619 2301 arbitrio
1646 2239 1726 2302 boni
1751 2240 1828 2308 viri,
1853 2242 1912 2316 qui

302 2311 363 2353 rem
379 2299 560 2370 sagiensem,
580 2299 615 2356 ab
635 2301 722 2357 altera
739 2307 827 2371 parte,
847 2301 1018 2372 vertebatur,
1035 2310 1064 2363 et
1117 2348 1193 2395 cum
1217 2333 1351 2397 deberet
1377 2335 1500 2397 bonum
1525 2338 1559 2397 et
1632 2353 1711 2397 uum
1732 2336 1913 2397 arbitrium

302 2384 378 2456 quod
392 2388 562 2444 canonicum
578 2387 671 2444 visum
687 2386 769 2445 luerit
781 2388 995 2461 pronuntiandi.
1117 2432 1327 2507 promulgare
1354 2448 1394 2492 ac
1408 2433 1517 2509 ipsum
1532 2353 1708 2495 reffiuere
1723 2433 1766 2494 ad
1776 2434 1914 2510 priora-

620 2494 623 2497 .
1330 2476 1338 2503 1

308 2530 476 2591 Honorius
485 2531 670 2607 episcopus,
682 2547 798 2595 servus
808 2548 981 2595 serrorum
988 2533 1062 2606 Deis
1116 2529 1307 2600 1111111111,
1326 2528 1413 2589 Sicut
1432 2527 1541 2590 11111111
1555 2529 1747 2602 indicatum,
1773 2530 1911 2592 11111111

269 2624 400 2688 dilectis
432 2627 549 2689 liliis...
585 2628 696 2690 abbati
730 2631 845 2691 sancti
872 2630 1060 2693 audoeni...
1116 2625 1308 2701 priusquam
1323 2640 1384 2685 suo
1401 2624 1540 2686 arbitrio
1555 2625 1760 2688 submitteret
1774 2626 1912 2703 publice

268 2720 396 2787 decano
420 2725 626 2799 etmagistro
652 2725 804 2796 Rodulto,
825 2726 1063 2788 archidiacono
1116 2720 1297 2792 dicebatur,
1326 2721 1435 2798 ipsum
1461 2722 1501 2782 do
1531 2721 1635 2795 iacto,
1661 2739 1736 2784 cum
1763 2724 1806 2784 de
1828 2726 1911 2800 jnre

270 2819 541 2895 Rotlromagensi,
558 2819 746 2883 salutemet
760 2822 982 2898 Apostolicam
998 2824 1061 2885 be·
1115 2819 1321 2893 1011108391,
1340 2818 1489 2894 1111011111
1517 2818 1552 2880 et
1580 2835 1662 2880 V⁰00
1690 2821 1827 2897 capituli
1857 2823 1913 2882 sui

268 2915 501 2977 sedictionem.
1115 2913 1252 2989 privans
1266 2912 1331 2974 sibi
1346 2913 1497 2977 ecclmiae
1521 2930 1562 2977 ac
1577 2915 1722 2977 civitatis
1738 2916 1912 2992 sagiensis

309 3012 503 3074 constitutis
521 3013 607 3089 apua
623 3014 741 3075 sedem
762 3016 1060 3092 1111111111-
1114 3009 1288 3072 interdixit
1299 3011 1497 3085 inmersum·

270 3109 367 3170 lectis
383 3111 461 3171 filiis
481 3112 534 3182 ll„
555 3111 612 3187 qui
635 3127 695 3189 pro
711 3114 862 3188 sagiensi
889 3115 1001 3191 priore
1025 3130 1060 3176 se
1154 3107 1246 3178 Quod
1258 3108 1409 3185 iniquum
1425 3109 1611 3182 arbitrium,
1627 3126 1702 3172 cum
1717 3110 1913 3188 idemepis·

266 3206 363 3281 gerit,
391 3208 460 3268 et...
485 3209 694 3285 procuratori
719 3209 922 3271 venerahilis
946 3210 1060 3274 fratris
1114 3219 1216 3280 oopus
1229 3204 1590 3283 humiliter'roquisituo
1603 3208 1768 3269 noluisset
1781 3209 1913 3286 aliqua·

266 3303 411 3386 nostri...v
433 3305 578 3381 episcopi
595 3306 764 3381 sagiensis
781 3307 937 3370 dilectum
953 3308 1060 3370 fliium
1114 3302 1212 3361 tenus
1227 3317 1396 3375 revocare,
1411 3303 1468 3363 sed
1480 3303 1598 3365 suisset
1612 3304 1645 3365 ei
1659 3305 1743 3364 alias
1757 3307 1914 3380 grauiter

267 3400 462 3474 magistrum
483 3402 678 3475 Rolandum,
696 3402 935 3465 subdiaconum
952 3405 985 3466 et
999 3421 1059 3467 ca·
1114 3400 1343 3472 0011ῐῦ1111ῒῦ8,
1364 3401 1451 3462 idom
1473 3401 1514 3462 ad
1540 3401 1658 3462 Sedem
1682 3402 1912 3478 Apolelicam

267 3497 436 3572 pellanum
450 3500 610 3571 nostrum,
622 3500 849 3562 concessimus
860 3502 1057 3574 auditorem,
1113 3496 1304 3572 appellavit.
1323 3497 1415 3558 Unde
1424 3497 1556 3574 petebat
1570 3500 1682 3560 uttam
1694 3499 1810 3575 iniquo
1821 3500 1913 3560 arbi-

265 3608 378 3656 coram
391 3611 457 3672 qno
471 3596 559 3658 idem
573 3598 614 3660 Η,
628 3597 801 3673 proposuit
812 3599 1056 3675 conquerendo,
1112 3593 1178 3656 trio
1197 3594 1329 3670 penitus
1357 3596 1523 3668 revocato,
1551 3596 1604 3657 111
1630 3596 1725 3657 111110
1751 3597 1909 3659 1111111110

264 3691 350 3768 quod
363 3707 438 3752 cum
454 3693 533 3753 olim
546 3694 661 3754 contra
673 3694 781 3769 ipsum
797 3694 989 3771 episcopum
1001 3712 1061 3756 su·
1114 3690 1314 3752 sententiam
1337 3690 1416 3753 dicti
1445 3692 1562 3753 decani
1585 3694 1859 3766 cenomanensis,
1875 3695 1912 3756 et

265 3803 326 3864 per
351 3788 549 3864 quibusdam
575 3791 726 3851 articulis
761 3791 803 3851 ad
833 3790 1058 3853 uenerabilem
1113 3785 1323 3862 conjudicum
1343 3803 1478 3849 suorum
1494 3788 1678 3850 taceremus
1693 3790 1912 3853 firmiterob-

265 3883 404 3946 fratrem
436 3887 623 3945 nostrum...
652 3886 936 3950 constantiensem
963 3889 1057 3964 epis·
1112 3884 1250 3955 servari,
1267 3885 1423 3947 atemoto
1439 3885 1480 3947 de
1498 3886 1648 3963 prioratu
1674 3902 1735 3947 suo
1758 3886 1912 3964 quolibet

264 3994 395 4056 oopum,
411 3997 556 4059 suosque
570 3983 715 4059 collegas
727 3984 768 4044 de
779 3999 920 4046 assensu
935 4002 1057 4062 procu·
1112 3980 1292 4053 detentore,
1314 3982 1498 4044 laceremus
1526 3999 1599 4044 eam
1614 3984 1747 4044 effectui
1777 3985 1912 4046 manci-

263 4078 386 4138 ratoris
400 4080 549 4154 ejusdem
559 4080 706 4157 episcopi
722 4081 891 4156 sagiensis
899 4083 1058 4158 quasdam
1112 4078 1196 4154 pari,
1214 4078 1471 4139 condemnantes
1497 4080 1560 4139 sibi
1574 4080 1696 4141 dictum
1711 4080 1911 4157 episcopum

264 4175 391 4236 anobis
402 4176 530 4238 litteras
543 4176 762 4252 impetrasset,
779 4177 867 4238 idem
884 4180 1055 4255 sagiensis
1113 4173 1155 4234 ad
1176 4175 1426 4236 resarciendum
1439 4175 1504 4236 sibi
1518 4191 1683 4253 expensas
1710 4179 1745 4238 et
1768 4177 1909 4249 damna,

264 4289 340 4334 euin
351 4289 413 4334 nec
426 4274 624 4344 convictum,
641 4289 703 4335 nec
717 4275 915 4346 consessum,
926 4277 959 4338 et
972 4276 1058 4338 alias
1112 4285 1184 4348 quae
1203 4272 1393 4333 incurrerat
1406 4273 1469 4333 hac
1491 4274 1531 4332 de
1559 4288 1673 4342 causa,
1690 4289 1765 4349 quea
1789 4277 1913 4336 omnia

260 4370 350 4447 iuris
366 4372 483 4434 ordine
503 4374 724 4444 nouservato,
741 4373 891 4450 prioratu
904 4374 1056 4436 ecelesiae
1110 4369 1202 4429 mille
1221 4369 1324 4429 libras
1348 4370 1617 4445 proveniensium
1639 4370 1836 4431 aestimabat.
1856 4373 1911 4432 Ad

267 4466 448 4542 sagiensis,
464 4483 561 4543 quem
577 4468 736 4529 canonice
750 4469 857 4530 iuerat
872 4471 1054 4541 assecutus
1111 4465 1197 4542 quod
1210 4464 1272 4528 luit
1286 4482 1329 4527 ex
1343 4466 1483 4528 adverso
1498 4467 1704 4544 responsum,
1725 4467 1813 4543 quod
1829 4483 1911 4529 cum

261 4566 296 4625 et
321 4563 379 4623 diu
405 4564 515 4640 quiete
533 4564 727 4641 possederat
755 4568 870 4628 contra
888 4566 1056 4642 justitiam
1110 4562 1197 4624 idern
1225 4563 1400 4640 episcopus
1428 4564 1597 4639 sagiensis
1617 4563 1741 4626 dictum
1768 4567 1810 4625 Η.
1837 4581 1912 4627 non

261 4660 427 4737 spoliavit,
443 4662 677 4738 propterquod
693 4661 786 4722 idem·
803 4662 844 4721 ad
868 4679 929 4723 nos
942 4664 1058 4739 appel·
1110 4658 1296 4735 spoliasset,
1313 4660 1371 4720 sed
1386 4663 1521 4737 propter
1547 4661 1757 4721 manifestam
1778 4661 1908 4723 inobe-

260 4758 335 4818 lans
346 4758 387 4818 ad
400 4758 562 4819 decanum
578 4761 858 4820 cenomanensem
876 4759 909 4820 et
934 4762 1055 4836 conju·
1110 4756 1279 4828 dientiam,
1289 4758 1322 4817 et
1331 4773 1522 4831 gravamen,
1533 4760 1742 4819 etenormem
1752 4757 1914 4822 diffama-

261 4855 351 4917 dices
369 4871 447 4917 suos
463 4871 562 4932 super
576 4856 640 4917 boc
655 4856 695 4917 de
710 4856 816 4930 ipsius
831 4856 978 4931 episcopi
995 4860 1057 4917 sa·
1109 4852 1233 4915 tionem
1256 4854 1445 4923 criminum,
1469 4869 1542 4930 quae
1557 4855 1598 4915 ad
1620 4855 1728 4931 ipsum
1744 4857 1911 4931 tanquam

261 4953 389 5030 giensis
418 4953 644 5029 procuratoris
668 4967 820 5021 assensu,
846 4953 1055 5028 apostolicas
1109 4950 1150 5010 ad
1166 4966 1261 5009 suum
1278 4950 1480 5026 episcopum,
1498 4953 1531 5012 et
1544 4950 1707 5020 abbatem,
1722 4951 1755 5011 et
1768 4966 1913 5014 correc-

260 5050 390 5113 litteras
402 5049 603 5125 impetravit,
612 5049 680 5125 qui,
690 5048 778 5117 licet,
790 5048 933 5123 cognitis
945 5066 1054 5112 causae
1109 5049 1215 5108 torem
1229 5047 1331 5108 totius
1345 5048 1427 5109 cleri
1444 5048 1613 5123 sagiensis
1629 5047 1742 5109 datum
1768 5064 1790 5108 a
1804 5049 1911 5112 nobis

259 5148 400 5221 meritis,
411 5145 534 5208 dictum
548 5144 739 5221 episcopum
747 5145 939 5220 sagiensem
950 5146 992 5206 ed
1006 5146 1054 5207 in·
1108 5149 1330 5220 pervenerant
1345 5145 1385 5206 de
1400 5145 1514 5205 eodem
1530 5145 1710 5206 amovisset
1723 5144 1766 5206 ab
1790 5146 1911 5210 officio

258 5246 387 5319 tagram
400 5242 644 5303 restitutionem
659 5242 827 5318 prioratus
851 5258 926 5303 cum
946 5245 1056 5305 omni·
1108 5241 1286 5317 prioratus,
1299 5257 1364 5302 non
1376 5244 1443 5303 tam
1450 5242 1539 5318 juris
1551 5241 1724 5316 angustias
1740 5258 1842 5318 quam
1855 5261 1913 5307 re·

258 5340 320 5401 bus
333 5339 506 5412 fructibus
522 5341 555 5400 et
569 5339 609 5400 ad
624 5339 789 5400 interesse
804 5340 836 5399 et
848 5339 969 5400 damna
981 5357 1054 5417 quae
1107 5338 1241 5412 gulares
1256 5338 1486 5400 observantias
1509 5339 1542 5398 in
1558 5338 1621 5399 hac
1642 5339 1737 5413 parte
1753 5344 1908 5415 secutus,

258 5437 449 5498 incurrerat
463 5430 638 5498 occasione
659 5437 836 5498 amotionis
851 5437 956 5513 ipsius
972 5453 1053 5498 seu·
1107 5435 1194 5495 idem
1207 5438 1248 5496 H.
1264 5436 1305 5496 ad
1319 5436 1551 5512 appellationis
1573 5435 1748 5511 diffugium
1768 5452 1806 5497 se
1821 5454 1912 5500 con-

258 5533 452 5612 tentialiter,
479 5534 645 5598 mediante
663 5534 806 5613 Justitia,
835 5534 1056 5597 condemnas·
1108 5534 1251 5606 verisne,
1264 5535 1296 5595 et
1309 5548 1462 5595 asserens
1473 5547 1510 5594 se
1524 5533 1638 5594 contre
1649 5532 1818 5608 justitiam
1830 5552 1911 5613 spo-
