3950 6200
127 295 177 364 769
257 371 260 376 ,
472 294 580 363 PARS
610 294 754 358 PRIMA.
769 324 811 343 -·
828 294 1047 357 uxrosrrio
1078 295 1124 357 IN
1155 295 1357 357 PSALMOS.
1673 294 1734 354 tto

125 455 272 521 biturnisi
294 455 402 531 astus,
427 456 459 517 et
473 454 585 516 fervor
597 452 767 516 desiderii.
779 458 885 516 Acca·
939 450 1088 515 Elevatio
1114 454 1165 516 est
1184 454 1405 526 tormentum,
1427 451 1513 529 quod
1541 465 1659 528 passus
1682 452 1734 515 est

124 570 174 618 ron
192 548 418 629 interpretatur
445 551 615 614 sterilitas.
643 555 722 614 Haec
736 552 787 613 est
797 566 885 612 rana
939 549 1115 636 Dominus,
1143 553 1178 614 ut
1211 566 1271 628 per
1302 550 1409 627 ipsam
1437 549 1632 627 temporalis
1669 549 1732 612 de-

123 650 225 713 nands
236 647 383 717 solitudo,
399 649 434 709 ln
450 664 513 726 qua
527 649 620 710 nulla
630 648 885 712 utilitasArdor
940 645 1076 709 lectatio
1119 645 1364 719 confusibiliter
1397 645 1615 722 deprimatur.
1661 648 1733 707 Ex-

123 764 188 824 erpo
201 746 379 824 voluptatis,
397 748 431 808 et
441 747 586 809 solitudo
601 747 723 808 mentis
738 746 884 825 ejiciunt·
939 744 1034 805 tensa
1075 745 1125 804 est
1152 759 1271 804 manns
1305 742 1447 815 Christi,
1486 745 1519 804 et
1542 742 1732 820 perforata,

122 848 174 915 tur,
186 846 215 906 et
227 843 434 905 eradicantur
448 844 483 904 in
495 843 646 916 meridie,
660 843 748 905 idest
766 844 801 904 in
813 842 885 905 reri
940 840 1019 917 quia
1044 839 1149 913 Adam
1173 856 1308 901 manum
1345 839 1494 902 extendit
1524 840 1564 901 ad
1598 857 1732 918 pomum

121 941 237 1001 luminis
268 940 474 1016 cognitione,
503 942 537 1002 et
568 942 719 1003 caritatis
751 938 882 1001 ardore.
939 934 1096 998 vetitum.
1111 939 1191 997 Cum
1215 936 1305 998 enirn
1322 938 1414 999 tanto
1429 936 1535 1014 pretio
1558 938 1626 998 tarn
1648 954 1732 1015 par-

121 1038 191 1099 ilinc
202 1036 295 1098 etiam
308 1041 408 1098 Amos
423 1031 467 1115 (i,
481 1036 515 1116 8)
531 1058 539 1097 τ
555 1055 574 1098 e
589 1038 784 1115 Disperdam
794 1030 886 1098 babi-
939 1049 1016 1094 vam
1055 1033 1308 1096 delectationem
1342 1033 1463 1101 redimi
1498 1035 1654 1111 oportuit,
1682 1036 1732 1097 ti-

120 1136 239 1197 tatorem
252 1133 291 1195 de
304 1136 415 1205 Azoto,
432 1136 466 1195 et
479 1136 645 1196 tenentem
663 1136 831 1212 sceptrum
844 1133 886 1194 de
939 1145 1031 1192 mere
1049 1129 1148 1192 debet
1169 1131 1309 1207 quilibet
1329 1131 1370 1192 ad
1387 1130 1641 1195 delectationem
1660 1149 1734 1194 ma·

120 1231 269 1293 Ascalone.
280 1231 449 1293 »Ascalon
469 1231 709 1308 interpretatur
721 1230 810 1307 ignis
821 1230 885 1291 ho·
940 1243 1019 1288 uum
1032 1228 1228 1302 extendere3
1243 1231 1279 1293 ut
1288 1229 1337 1290 sic
1345 1244 1459 1290 omnes
1468 1229 1669 1305 temporales
1677 1230 1735 1291 de-

120 1327 231 1389 micida.
245 1329 304 1389 Hic
318 1327 406 1403 ignis
425 1331 478 1390 est
491 1328 592 1391 ardor
611 1329 791 1406 voluptatis
806 1344 885 1389 car·
940 1325 1135 1386 lactationes
1162 1326 1298 1397 odiosae,
1331 1327 1365 1388 et
1387 1324 1629 1388 abominabiles
1656 1328 1733 1388 eili-

119 1426 200 1496 nalls‚
228 1441 297 1502 quae
322 1425 444 1487 multos
474 1426 606 1488 occidit.
649 1425 885 1488 Habitantibns
939 1423 1083 1495 ciantur,
1108 1423 1145 1484 ut
1165 1423 1211 1483 ita
1230 1424 1469 1484 convertantur
1488 1438 1582 1499 aquae
1598 1423 1632 1483 in
1648 1440 1731 1485 san-

119 1522 226 1598 ergcin
240 1524 351 1594 Arcto,
371 1523 453 1585 etin
477 1514 641 1585 Ascalone
665 1523 887 1584 comminatur
939 1519 1085 1595 guinem.
1098 1518 1207 1583 Piscis
1230 1534 1298 1580 non
1312 1520 1396 1580 vivit
1418 1519 1453 1580 in
1477 1521 1651 1596 sangnine,
1673 1523 1733 1583 sed

119 1619 265 1690 Dominus,
289 1618 358 1680 illis
379 1619 553 1697 siquidem,
577 1620 633 1697 qui
660 1634 792 1697 semper
809 1622 884 1682 tra·
938 1617 974 1677 in
995 1631 1093 1693 aqua.
1119 1605 1226 1678 Piscis
1248 1618 1300 1678 est
1325 1615 1465 1693 quilibet
1486 1617 1521 1678 in
1542 1612 1629 1695 equa
1649 1617 1733 1695 bap·

118 1714 187 1775 hunt
206 1716 357 1792 pulvillos
380 1716 511 1792 mundi;
538 1718 572 1778 et
591 1717 668 1779 ideo
683 1733 820 1779 necesse
834 1719 886 1779 est
938 1714 1030 1776 tismi
1044 1715 1192 1787 renatus,
1208 1714 1264 1791 qni
1280 1713 1421 1775 moritur
1435 1715 1469 1774 in
1483 1715 1659 1791 temporali
1672 1731 1734 1777 ro·

118 1811 205 1885 nobis,
227 1812 262 1875 ut
284 1813 515 1891 confugiamus
538 1814 579 1875 ad
602 1815 741 1891 petram,
767 1815 884 1893 deque
939 1812 1081 1889 luptete;
1116 1812 1150 1873 et
1167 1812 1243 1872 ideo
1268 1811 1499 1888 unusquisque
1518 1812 1613 1873 sitire
1636 1812 1735 1876 debet

119 1908 329 1985 innutrivuli,
344 1911 464 1987 quibus
486 1912 682 1988 refrigerari
697 1926 884 1989 possumus.
939 1912 984 1970 od
1009 1913 1119 1972 Deum
1138 1909 1272 1983 sonitem
1295 1911 1424 1978 otonem,
1448 1908 1488 1969 de
1512 1926 1577 1986 qno
1601 1909 1636 1971 in
1667 1910 1733 1971 tine

147 2008 186 2066 De
204 2021 264 2082 qua
284 2008 391 2084 petra,
417 2010 451 2070 et
465 2007 505 2070 de
520 2008 640 2085 quibus
654 2006 775 2071 ritulis
800 2007 885 2069 sub-
939 2007 1044 2068 Joelis
1066 2007 1111 2084 (3,
1133 2006 1185 2086 18)
1202 2006 1454 2082 :sligredietur
1473 2007 1546 2068 fons
1572 2008 1612 2069 de
1636 2009 1733 2070 domo

114 2100 207 2179 iungit
218 2104 358 2180 Moyses,
372 2103 488 2165 dicens
503 2123 510 2165 :
528 2104 590 2177 Qui
603 2106 721 2168 eduxit
739 2105 830 2167 rivos
845 2106 886 2166 de
940 2104 1083 2175 Domini,
1097 2105 1131 2165 et
1144 2103 1301 2180 irrigabit
1315 2105 1499 2166 torrentem
1516 2105 1731 2181 spinarum.»

118 2202 192 2273 petra
205 2198 324 2277 (Dent,
342 2203 372 2273 8,
390 2198 454 2279 15).
472 2204 571 2264 Petra
586 2202 886 2279 obsistentisque
939 2202 1083 2262 Torrens
1095 2202 1267 2277 spinarum
1283 2202 1333 2263 est
1351 2216 1445 2262 mens
1462 2202 1621 2276 bominis;
1643 2218 1731 2279 qno-

117 2294 168 2356 duc
178 2296 282 2369 rivuli,
297 2313 385 2375 aqua
400 2299 540 2371 scilicet,
566 2292 599 2361 et
613 2301 751 2375 sanguis
777 2299 887 2359 fluxe-
940 2298 1042 2371 niam,
1065 2298 1152 2360 sicut
1167 2299 1203 2357 in
1217 2300 1366 2360 torrente
1380 2313 1476 2358 novae
1492 2312 1587 2375 aquae
1601 2305 1733 2376 semper

117 2393 187 2453 runt.
210 2393 281 2455 Non
311 2394 403 2455 enim
438 2397 575 2471 sanguis
612 2395 784 2458 sufficeret
812 2397 887 2458 sine
940 2391 1133 2463 succedunt,
1159 2394 1193 2453 et
1215 2392 1396 2463 confluunt,
1417 2392 1464 2453 ita
1486 2391 1521 2452 in
1546 2394 1656 2455 mente
1670 2393 1734 2454 ho-

117 2490 357 2568 squamisque
372 2491 444 2552 sine
456 2484 630 2568 sanguine.
647 2497 741 2571 Aqua
760 2493 883 2570 abluit3
939 2488 1040 2549 minis
1055 2504 1151 2550 novae
1166 2488 1272 2565 spinae
1296 2504 1391 2549 novae
1406 2489 1595 2565 pungituree
1610 2504 1731 2551 succe·

117 2587 884 2667 sangnistingit.Necesseergofuittamaquam,
940 2585 1022 2647 dunt
1042 2585 1106 2646 sibi
1129 2585 1285 2647 invicem.
1301 2588 1403 2647 Hunc
1425 2587 1619 2660 torrentem,
1644 2587 1733 2648 idest

115 2685 433 2761 quamsangninema
449 2685 580 2748 Christo
604 2688 696 2763 petra
717 2687 832 2758 fluere,
849 2688 886 2748 ut
941 2684 1083 2744 mentem
1105 2682 1249 2744 bominis
1275 2684 1474 2761 quandoque
1508 2684 1619 2745 reiicit
1645 2686 1734 2746 Deus
1772 2704 1778 2713 ’

117 2793 317 2859 quoscumque
338 2797 425 2858 aqua
453 2781 648 2859 baptismis
673 2788 885 2860 peccatorum
940 2779 1070 2841 deliciis
1095 2780 1176 2852 suis,
1193 2781 1227 2842 et
1248 2780 1368 2857 irrigat
1388 2796 1466 2842 rore
1486 2781 1624 2842 coelesti.
1648 2782 1735 2842 Hinc

116 2875 244 2938 sordibus
261 2878 426 2951 ablueret,
453 2880 506 2939 vel
533 2880 682 2955 sanguis,
705 2881 792 2942 idest
808 2881 887 2941 imi·
940 2876 1039 2939 etiam
1066 2875 1209 2939 babetur
1232 2877 1457 2938 Ecclesiastici
1475 2875 1546 2956 (24,
1571 2877 1648 2957 36);
1670 2878 1735 2957 Qui

114 2971 180 3032 tatic
202 2975 381 3036 Dominicis
399 2976 566 3052 passionis
580 2977 734 3052 tingeret,
762 2979 796 3040 et
816 2978 887 3040 for·
939 2973 1139 3050 multiplicat
1162 2974 1197 3035 in
1221 2976 1370 3050 tempore
1388 2975 1518 3042 messis,
1541 2975 1637 3051 quasi
1652 2977 1734 3036 Jor-

115 3070 210 3131 naret
229 3072 289 3134 iiic
302 3072 358 3135 est
375 3072 511 3149 sanguis
524 3073 763 3151 redemptionis
788 3094 796 3136 ε
826 3074 885 3137 Hae
940 3069 1048 3132 danis.
1060 3069 1218 3133 iordanis
1233 3085 1276 3132 ex
1288 3070 1416 3133 duobus
1438 3071 1551 3132 fluviis
1564 3070 1612 3151 (4)
1634 3072 1736 3133 inun-

114 3168 274 3245 suntaquae
297 3169 493 3242 ablutionis,
517 3170 559 3232 ad
583 3186 666 3247 quas
679 3165 751 3234 sitit
764 3171 883 3234 tidelis.
939 3166 1009 3240 dat,
1023 3171 1057 3230 et
1067 3183 1172 3245 aquas
1187 3156 1397 3245 multiplicat,
1412 3168 1544 3244 quando
1559 3168 1619 3228 alii
1638 3169 1734 3231 fluvii

114 3260 161 3322 iia
172 3269 322 3329 nonsnnt
346 3282 442 3343 aquae
464 3268 696 3340 Samaritanae,
721 3267 807 3330 idest
821 3285 883 3346 pe·
939 3263 1107 3326 deficiunt
1123 3265 1178 3326 Sic
1192 3264 1257 3326 erit
1271 3265 1310 3326 in
1319 3268 1446 3326 aeterna
1467 3263 1637 3326 felicitate.
1654 3267 1733 3327 Ma·

114 3359 212 3437 cunia,
230 3355 303 3439 quas
329 3362 552 3426 extrahantur
569 3363 611 3426 de
633 3363 796 3441 profundo
817 3366 887 3426 ini·
940 3361 1049 3423 lorum
1066 3363 1069 3368 ’
1086 3360 1177 3422 enim
1203 3360 1424 3423 delectatione
1452 3360 1518 3423 cito
1546 3361 1733 3437 deficiente,

114 3453 886 3538 mitads:‹Qulbiberitexbacaqua‚sitietlte-
940 3458 1026 3520 stola
1071 3471 1173 3534 super
1207 3456 1327 3518 stolam
1375 3455 1650 3534 multiplicabitur
1698 3459 1734 3522 in

113 3563 172 3611 rum
185 3569 191 3612 :
206 3556 266 3616 Sed
282 3557 342 3633 qui
354 3554 477 3618 biberit
490 3573 534 3620 ex
549 3573 648 3635 aqua,
665 3573 765 3636 quarn
787 3560 883 3632 dabo,
939 3553 1063 3617 Beatis.

115 3658 166 3708 non
178 3650 307 3714 sitietin
322 3653 485 3714 aeternum
498 3653 607 3733 (ioan.
624 3659 654 3723 4,
672 3654 737 3735 13).
754 3658 886 3719 Necest
978 3653 1069 3713 Bene
1081 3667 1161 3728 ergo
1176 3651 1308 3715 dicebat
1321 3652 1663 3721 Psalmistaztlucndo
1675 3670 1735 3718 oc-

114 3746 306 3822 contrarium,
333 3749 421 3826 qnod
444 3749 525 3811 alibi
547 3751 670 3813 dicitur
686 3773 694 3812 ε
711 3753 769 3830 qui
784 3754 886 3817 edunt
939 3751 1047 3823 atara,
1073 3749 1108 3809 ei
1127 3752 1301 3825 apparebo
1319 3751 1540 3824 ante'ractem
1552 3755 1637 3813 Det?
1661 3753 1736 3813 Ma-

113 3851 163 3910 ne,
186 3842 289 3907 adbuc
320 3846 474 3908 esurient
499 3846 614 3926 (Deci,
647 3851 702 3922 24,
732 3848 798 3927 29).
822 3851 884 3923 Qui
939 3860 1042 3920 gnum
1068 3846 1232 3924 siquidem
1255 3849 1308 3908 est
1321 3851 1496 3923 apparere,
1511 3849 1545 3909 et
1556 3848 1732 3925 splendere

112 3932 212 3999 lterum
234 3940 330 4015 bibit,
355 3943 542 4006 satietatem
567 3946 805 4023 interrumpit:
822 3947 885 4019 Qui
940 3942 975 4004 in
987 3945 1169 4019 conspectu
1180 3943 1265 4005 tanti
1281 3943 1379 4017 Solis,
1396 3943 1437 4004 ad
1453 3947 1548 4021 cujus
1563 3948 1734 4022 aspectum

112 4044 176 4094 lero
208 4036 315 4100 adbuc
352 4039 440 4114 sitit,
476 4042 761 4104 continuationem
795 4043 887 4105 refec
940 4038 1173 4102 obscurabitur
1193 4040 1254 4112 sol,
1280 4041 1313 4102 et
1327 4040 1566 4103 stellaecadent
1580 4041 1730 4115 decocto,
1804 4113 1812 4124 ι

112 4126 196 4192 tionis
205 4137 342 4211 appetit.
358 4137 421 4208 Qui
432 4152 513 4213 ergo
532 4139 714 4201 carnaliter
732 4140 812 4213 sitit,
830 4155 886 4201 sa·
939 4137 972 4199 et
999 4136 1079 4198 iuna
1105 4153 1172 4198 non
1197 4136 1289 4198 dabit
1316 4137 1527 4214 splendorem
1551 4137 1598 4216 (5)
1635 4155 1732 4201 suum

110 4221 237 4290 tietatem
258 4232 484 4310 interrumpit,
517 4236 551 4296 et
579 4236 628 4297 sic
652 4236 775 4297 iterum
802 4238 888 4300 sitit.
940 4230 1085 4311 (diatim,
1121 4230 1249 4313 24‚29).
1273 4234 1431 4308 Magnum
1458 4237 1509 4295 est
1523 4249 1603 4308 ergo
1624 4249 1733 4311 appa-

110 4320 242 4389 trivero
256 4328 481 4406 spiritualiter
494 4333 612 4405 esurit,
627 4333 735 4394 adbuc
755 4335 887 4396 esurire
939 4344 1015 4390 rere
1029 4330 1065 4390 in
1077 4331 1257 4405 conspectu
1279 4329 1364 4390 tanti
1383 4328 1585 4405 splendoris,
1608 4333 1643 4392 et
1665 4347 1731 4392 non

110 4413 222 4493 dicitur,
252 4426 411 4502 quoniam
452 4427 735 4491 continuationem
776 4429 885 4491 refec·
939 4425 1123 4498 obscurari,
1137 4429 1234 4502 cujus
1247 4426 1508 4501 comparatione,
1524 4429 1557 4488 et
1577 4431 1731 4504 respectu

109 4511 194 4577 tionis
204 4521 338 4584 asternae
354 4524 498 4600 appetit;
510 4524 545 4586 at
557 4524 649 4586 illam
665 4538 798 4604 semper
817 4527 889 4588 ba-''
938 4523 1001 4598 sol,
1017 4523 1139 4585 etinna
1153 4522 1309 4584 dicuntur
1321 4522 1504 4584 obscurari.
1529 4525 1615 4586 Hinc
1629 4526 1745 4590 etiam.

108 4604 193 4685 babit,
213 4617 268 4696 qui
288 4617 352 4679 bas
383 4634 487 4697 aquas
511 4621 592 4682 sitit.
616 4626 718 4699 Aquae
746 4623 882 4700 AEgypti
938 4620 973 4680 in
986 4618 1186 4697 Apocalypsi
1209 4618 1273 4697 (21,
1298 4619 1730 4698 nemorumnemorum

108 4709 768 4796 commutataesuntinsanguinem.'Aqnae
783 4722 884 4797 AEgy·
938 4716 1097 4777 mundum
1119 4715 1230 4777 simile
1255 4716 1343 4778 vitro
1368 4717 1503 4780 mundo.
1533 4718 1658 4781 Civitas
1679 4723 1732 4783 est

108 4801 147 4875 pti
156 4811 227 4870 sunt
235 4808 476 4874 delectationes
488 4814 588 4890 hujus
603 4815 729 4884 mundi,
745 4831 819 4893 quae
841 4817 882 4878 ad
938 4814 1063 4882 anima,
1085 4828 1160 4891 qnae
1181 4815 1218 4874 ut
1238 4813 1398 4875 mundum
1412 4829 1544 4886 aurum,
1560 4816 1593 4877 et
1608 4816 1731 4878 vitrum

106 4897 307 4968 elevationem
331 4909 457 4986 virgae,
488 4908 576 4972 idest
612 4912 744 4987 crucis,
775 4915 808 4975 et
840 4912 882 4975 ad
937 4909 1087 4986 fulgebit
1112 4910 1254 4982 vitrum,
1275 4911 1407 4989 quando
1432 4911 1553 4988 recipit
1574 4912 1731 4989 splendo-

106 4996 316 5064 emersionem
344 5019 462 5066 manus
490 5010 614 5080 Aaron,
650 5008 737 5070 idest
759 5009 883 5072 christi
937 5024 1008 5070 rem
1032 5007 1125 5080 solis,
1151 5007 1214 5069 etsi
1238 5007 1449 5084 splendorem
1464 5009 1605 5076 tantum,
1621 5025 1731 5086 quan.

107 5086 135 5149 iu
159 5109 262 5171 cruce,
289 5099 387 5163 nobis
421 5104 662 5166 convertuntur
686 5106 722 5166 in
753 5107 882 5167 amari·
936 5107 1007 5167 tum
1027 5104 1088 5178 sol,
1112 5120 1179 5166 non
1200 5103 1324 5166 babeat
1349 5125 1357 5164 z
1382 5105 1495 5165 tameo
1518 5106 1728 5182 splendorem

106 5184 246 5254 tudinem.
276 5198 343 5257 Per
375 5197 595 5262 elevationem
623 5201 738 5277 virgae,
762 5205 796 5264 et
821 5219 884 5264 ex·
937 5201 1129 5263 sunmsolis
1148 5200 1317 5278 splendori
1339 5200 1535 5275 conformat,
1551 5203 1728 5268 etradinm
1804 5258 1809 5264 ,

105 5279 271 5352 tensionem
286 5308 407 5355 manus
423 5294 797 5371 significaturchristus
818 5299 884 5361 ele·
936 5299 1067 5360 emittit
1099 5297 1154 5358 Sic
1179 5297 1214 5357 in
1242 5298 1367 5358 aeterna
1395 5296 1556 5361 felicitato
1592 5300 1728 5365 claritas

106 5379 203 5457 ratus,
246 5389 280 5450 et
320 5406 440 5452 manus
476 5393 659 5456 extendens
697 5394 733 5455 in
771 5411 879 5457 cruce.
936 5394 1057 5456 animae
1071 5394 1185 5455 divino
1198 5393 1367 5472 splendori
1381 5385 1653 5461 conformabitur.

135 5509 172 5591 ll)
189 5516 474 5592 Exduobusfluviis‚
495 5524 604 5582 scilicet
626 5539 662 5583 ex
684 5526 746 5593 Jor,
762 5532 792 5582 et
806 5527 880 5595 Dan,
936 5525 1175 5599 &Hieronymus
1186 5524 1234 5582 lib
1248 5526 1290 5585 iit
1302 5524 1498 5586 dominentur
1511 5528 1624 5601 liettlr
1639 5546 1665 5589 c.
1683 5533 1726 5595 lo

107 5578 146 5649 qui
169 5584 250 5644 simu
276 5591 358 5647 mixti
383 5563 517 5653 iordanis
547 5609 652 5652 nomen
671 5565 814 5667 efficiunt,
843 5598 882 5655 ait
971 5593 1013 5672 (A)
1029 5595 1134 5670 linig..
1128 5564 1255 5658 domoc
1751 5603 1759 5620 “

235 5733 352 5780 rancor.
368 5738 441 5784 roras
455 5727 502 5787 vl
1518 5735 1554 5793 25
