3950 6200
201 229 285 292 7223
331 292 337 301 ,
628 233 661 292 S.
688 231 864 294 ANTONII
894 234 1081 299 PADUANl
1109 236 1247 300 OPERA
1278 231 1426 299 omnm,

200 401 261 463 per
274 388 414 450 mortem
424 386 624 452 mirabiliter
637 391 997 469 triumphavitbeboc
1314 398 1454 458 SERMO
1476 391 1592 458 CCLX.

200 484 262 546 Job
277 483 343 562 (26,
361 486 400 546 12
414 484 514 567 6773)
523 501 541 546 c
551 487 735 553 Prudentia
748 493 822 566 ejus
831 492 998 567 percussit

199 581 396 659 superbum
409 584 442 644 et
451 582 689 647 obstetricante
700 602 800 647 manu
810 589 884 663 ejus
894 588 998 649 educ·
1050 604 1176 673 Qualiter
1193 604 1284 677 genna
1303 606 1355 663 pet
1375 607 1598 663 communicent
1619 606 1756 665 omnious
1775 608 1849 665 67677

199 681 313 740 tuaest
326 679 464 741 coluber
479 682 660 743 tortuosus·
671 684 821 746 »Mulier
832 702 899 745 non
912 685 996 747 bene
1085 692 1146 762 sol;
1161 694 1282 764 qualiter
1297 695 1373 750 Deus
1395 709 1465 751 suos
1486 693 1626 763 bonorat3
1649 696 1774 766 qualiter
1793 711 1846 752 nox

198 777 306 852 potest
320 793 451 854 parere,
467 779 532 839 nisi
545 780 632 841 adsit
642 779 815 855 obstetrix,
829 798 889 858 per
900 786 996 860 cujus
1087 780 1267 838 adversitatis
1279 782 1354 839 sicut
1372 780 1434 839 dies
1448 783 1632 851 illuminatur,
1647 790 1676 840 st
1690 783 1755 840 dies
1766 799 1844 855 pros-

197 890 333 935 manum
346 874 500 936 educitur
518 879 655 952 partus:
673 878 721 939 sic
733 894 793 939 nec
808 881 920 940 anima
936 896 997 957 po-
1087 869 1255 942 7777787777)
1269 870 1516 927 ¹10x⁰b⁸0¹1fflt¹1t

197 973 262 1033 test
280 975 348 1033 Deo
369 987 488 1049 parere
503 972 629 1036 fructus
645 974 763 1051 dignos
778 976 994 1052 poenitentiae,

196 1068 263 1128 nisi
285 1085 345 1146 per
366 1085 500 1131 manum
527 1071 658 1131 Domini
683 1071 878 1145 educantur,
906 1076 996 1135 Bene
1052 1069 1211 1129 Teucro
1238 1081 1307 1127 non
1332 1068 1608 1128 obscurabuntur
1626 1083 1648 1128 6
1667 1069 1713 1138 te,
1730 1069 1846 1128 677766

197 1167 307 1227 777677
323 1166 404 1228 77677
418 1183 425 1227 :
437 1184 456 1227 7
468 1168 648 1229 Prudentia
664 1171 738 1245 ejus
755 1171 921 1246 percussit
934 1187 996 1231 su·
1088 1164 1177 1224 sicut
1191 1165 1265 1224 dies
1282 1165 1535 1225 illuminabitur
1557 1181 1568 1224 .·
1591 1165 1682 1225 sicut
1695 1166 1845 1226 tenebre

195 1261 349 1339 perbum3
363 1265 441 1341 quia
456 1280 522 1325 non
538 1265 596 1326 Dei
611 1267 771 1345 potentia,
794 1282 869 1327 cum
885 1268 926 1329 76
940 1267 994 1329 fa·
1089 1262 1176 1331 ejus,
1192 1259 1242 1319 ila
1256 1259 1289 1320 et
1301 1263 1417 1321 17677677
1431 1263 1517 1330 etti-5·
1531 1255 1635 1337 (Psal.
1654 1262 1724 1331 138,
1742 1259 1807 1338 12)

196 1360 253 1421 cili
269 1361 332 1422 boc
347 1362 469 1439 posset,
486 1362 543 1422 sed
561 1363 736 1438 prudentia
752 1362 798 1443 (1)
820 1364 885 1426 boc
903 1364 993 1426 iecit.

196 1459 275 1518 Haec
290 1462 342 1520 est
354 1457 458 1519 clavis
473 1459 590 1529 David,
612 1476 686 1536 quae
703 1461 823 1536 aperit,
844 1464 878 1522 et
898 1477 994 1522 nemo
1091 1463 1252 1522 Tenebrae
1278 1475 1348 1520 non
1364 1462 1640 1522 obscurabuntur
1663 1477 1686 1524 a
1708 1464 1753 1522 ie.
1782 1464 1843 1524 Per

195 1555 330 1626 claudit,
345 1557 379 1617 et
404 1571 597 1617 econverso
613 1555 672 1635 (2).
699 1558 827 1626 Clavis,
846 1559 994 1635 quandiu
1050 1557 1205 1618 tenebras
1228 1557 1463 1630 intelliguntur
1482 1562 1686 1634 peccatores,
1707 1560 1844 1636 quinon

195 1653 246 1713 est
260 1652 294 1712 in
311 1653 407 1728 ostio,
424 1655 532 1729 potest
544 1656 693 1715 converti
714 1655 788 1727 bac,
803 1656 942 1726 stillae,
959 1657 995 1716 ut
1050 1670 1116 1715 non
1127 1653 1350 1716 obscurantur
1364 1668 1384 1713 a
1399 1655 1558 1728 Domin03
1572 1657 1638 1716 imo
1651 1656 1733 1717 777677
1746 1671 1844 1733 quan·

194 1749 370 1810 claudatur
384 1750 517 1822 ostium,
535 1751 588 1812 vel
603 1752 785 1829 aperiatur.
805 1753 860 1814 Sic
880 1753 993 1815 divina
1050 1753 1118 1813 ium
1132 1752 1218 1813 ineo
1231 1751 1293 1823 est,
1306 1751 1342 1810 in
1353 1750 1597 1823 illuminentur,
1606 1752 1695 1812 unde
1708 1753 1781 1829 ispe
1793 1754 1841 1814 est

194 1846 369 1923 prudentia
396 1847 491 1908 nobis
516 1850 568 1909 est
593 1850 690 1910 modo
715 1850 812 1926 quasi
829 1850 862 1910 in
885 1851 993 1913 ostiot
1048 1856 1111 1911 7676
1131 1853 1169 1910 777
1190 1849 1351 1921 tenebris,
1374 1848 1409 1909 et
1435 1849 1585 1909 7677677776
1612 1864 1692 1910 eum
1713 1850 1762 1927 (5)
1776 1867 1841 1912 nou

194 1959 255 2020 per
275 1958 349 2005 eam
373 1945 462 2004 enim
489 1961 676 2021 possumus,
692 1946 746 2007 vel
758 1962 923 2017 reserare,
940 1949 993 2008 vel
1048 1947 1391 2020 conprehenderunt,
1409 1943 1519 2023 (ioan.
1537 1947 1566 2018 1,
1583 1944 1616 2022 5)
1633 1947 1713 2022 quia
1726 1947 1842 2007 carita·

193 2040 352 2103 claudere
366 2040 462 2102 nobis
478 2043 599 2103 ostium
614 2043 833 2104 beatitudinis
849 2065 857 2105 :
874 2044 932 2105 sed
956 2044 993 2104 in
1049 2046 1114 2104 tem
1135 2057 1202 2102 non
1226 2040 1425 2103 babuerunt.
1456 2042 1586 2103 Caritas
1609 2045 1662 2105 est
1674 2042 1749 2104 iens
1765 2060 1840 2120 pro-

194 2137 319 2210 futuro,
347 2140 475 2200 remota
491 2138 578 2199 clavi
598 2140 639 2200 de
654 2140 751 2211 ostio,
773 2156 842 2202 non
858 2140 995 2202 babebit

193 2235 391 2313 potestatem
410 2235 599 2309 claudendi,
622 2237 676 2298 vel
699 2237 883 2313 aperiendi.
906 2242 997 2300 Gon·

192 2334 325 2407 [orteia
349 2334 417 2405 est,
439 2333 596 2411 quoniam
613 2336 778 2410 percussit
793 2335 991 2402 inimicum:

195 2430 229 2491 et
243 2445 312 2491 non
322 2432 443 2505 potero
457 2434 501 2493 oc
516 2446 610 2503 6677,·
624 2432 722 2508 quasi
737 2431 827 2493 dicat
839 2454 847 2494 7
859 2431 907 2493 nd
919 2448 994 2495 eam

193 2526 405 2603 prudentiam
420 2543 485 2589 non
501 2530 617 2604 potero
639 2544 834 2605 comparare
847 2529 996 2607 pruden-

193 2624 286 2696 tiam,
310 2624 363 2684 vel
386 2623 545 2686 virtutem
560 2625 723 2702 aliquam;
740 2628 830 2703 qnia,
857 2627 995 2690 7777677

195 2720 402 2796 Augtrstinus
417 2720 484 2800 (3);
498 2721 593 2785 Alius
609 2722 727 2783 modus
740 2722 788 2801 (7)
800 2727 923 2785 nostrae
934 2739 993 2785 re-

194 2816 394 2894 demptionis
418 2818 483 2878 7777
504 2820 572 2879 beo
596 2818 778 2896 possibilis,
801 2820 858 2881 sed
881 2821 994 2883 nullus

197 2914 450 2976 convenientior
465 2914 538 2976 7777.

237 3262 278 3333 (7)
293 3261 580 3332 neupratensem.
595 3264 646 3320 Est
658 3265 799 3322 sententis
811 3266 838 3323 S.
851 3265 993 3338 Gregorii,

196 3333 246 3390 lib.
267 3334 346 3390 xvii
362 3333 460 3390 776777.
491 3334 520 3390 77
536 3347 599 3406 cap.
622 3334 656 3391 76
670 3335 733 3402 lob,
751 3350 828 3392 nurn.
846 3336 880 3392 bd
904 3338 991 3404 6777,

197 3404 264 3461 6777.
282 3404 371 3460 Maur.
386 3404 476 3459 Paris.
493 3405 572 3460 7677.
586 3407 608 3471 7,
619 3406 674 3461 col.
687 3405 741 3462 757
750 3406 840 3463 erana
852 3405 992 3464 dicentis:

200 3496 211 3523 ι
227 3474 386 3546 vigilanter
401 3472 567 3530 intuendum
576 3482 653 3546 puto,
666 3476 741 3545 quod
758 3476 862 3533 viriste
875 3476 996 3549 propbe-

197 3545 254 3600 tico
275 3545 375 3616 plenus
396 3544 495 3614 spiritu
515 3544 669 3615 superbum
686 3545 828 3602 diabolum
843 3546 993 3673 3777677777

197 3615 249 3671 Dei
275 3615 368 3686 potius
395 3614 493 3670 maluit
513 3613 619 3683 dicere,
644 3629 730 3686 quam
745 3616 841 3673 sortitu
862 3618 908 3674 ine
929 3632 994 3675 esse

197 3699 375 3758 percussum.
390 3685 453 3741 Non
465 3685 542 3740 enirn
558 3686 607 3753 ait,
622 3686 763 3755 fontinido
778 3686 827 3744 667
839 3689 995 3758 prudentio

198 3756 261 3832 ejus
274 3755 411 3828 percussit
425 3755 589 3828 superbum.
603 3756 676 3812 Nam
692 3758 834 3827 quamvis,
846 3759 919 3815 sicut
932 3758 992 3815 dic·

196 3835 257 3884 tum
270 3833 322 3891 est,
341 3832 454 3896 propter
466 3832 596 3882 naturam
607 3826 777 3898 simplicem,
794 3828 845 3885 Dei
860 3828 995 3885 tortitudo

196 3896 338 3968 sapientia
352 3894 389 3950 677
402 3911 409 3950 :
422 3896 562 3953 Dominus
575 3904 673 3953 tamen
682 3896 838 3966 diabolum,
856 3907 994 3970 quantum

199 3967 235 4024 ad
250 3964 352 4023 77676777
368 3973 488 4036 spectat,
513 3981 569 4023 non
584 3967 696 4035 virtute,
720 3968 771 4024 667
785 3970 896 4025 7777676
910 3983 994 4040 supe·

198 4037 282 4095 ravit.
299 4035 431 4091 »Eadem
443 4035 540 4092 scribit
553 4038 580 4094 S.
596 4037 756 4094 bernardus
772 4039 854 4096 Hom.
867 4040 895 4109 7,
909 4054 996 4111 super

198 4109 362 4174 Missusest,
383 4111 450 4161 tom.
465 4107 505 4162 lll
517 4104 584 4162 edit.
600 4108 689 4164 Maur.
706 4110 808 4176 Paris,
825 4110 881 4165 vol.
899 4112 920 4178 7,
937 4110 992 4166 667.

201 4180 264 4247 777,
282 4190 361 4233 num.
377 4176 428 4233 13:
447 4178 503 4234 «ln
520 4177 575 4232 boc
588 4185 646 4234 tarn
661 4177 817 4250 magnifico
828 4194 916 4251 opere
932 4195 994 4249 suo,

200 4258 305 4306 77667777
319 4246 450 4303 videlieet
472 4247 669 4318 reparationis,
686 4263 743 4305 non
767 4256 877 4306 tanturn
894 4258 994 4322 poten·

200 4322 269 4377 tiam
280 4332 373 4385 suam,
384 4315 434 4372 sed
450 4324 478 4373 et
512 4315 671 4374 7776777777
682 4317 835 4378 ostendere
850 4320 947 4377 voluit.
962 4323 996 4377 Et

201 4402 365 4462 quanquam
385 4386 453 4444 illud
475 4333 566 4456 aliter,
591 4389 735 4460 quomodo
748 4390 843 4459 vellet,
860 4391 996 4463 perlicere

152 4481 181 4538 φ
203 4463 357 4533 6677766677
373 4458 478 4528 placuit
491 4459 518 4514 ei
533 4466 628 4515 tamen
644 4474 680 4515 eo
706 4459 799 4532 potius
813 4468 842 4517 et
856 4461 951 4529 777676,
967 4468 997 4517 67

133 4579 138 4588 .
202 4530 301 4589 677776
317 4528 461 4584 7767777677
473 4529 525 4585 sibi
539 4531 733 4598 reconciliare,
770 4545 805 4586 uo
814 4539 931 4587 noverat
946 4546 993 4587 66-

202 4600 306 4660 cidisse
320 4615 327 4654 :
343 4605 374 4653 ut
388 4598 461 4653 sicut
475 4599 604 4657 diabolus
639 4601 697 4657 rius
719 4546 831 4658 celarit
846 4599 994 4671 feminam,

201 4666 422 4799 etpostmodum·
438 4669 529 4724 virum
545 4615 636 4740 per?

202 4759 217 4801 a
243 4742 336 4799 emina
350 4754 393 4795 vrr
416 4739 660 4806 meseduceretur,
674 4748 701 4796 et
717 4749 802 4811 posta
815 4743 875 4797 viro
885 4742 996 4799 Gbristo

203 4819 300 4886 aperte
314 4753 523 4867 debellaretur:
538 4817 678 4881 quatenus
695 4812 809 4866 malitiae
821 4810 911 4867 fraudi
927 4810 995 4869 dum

203 4899 250 4942 ars
276 4880 390 4955 pietatis
419 4879 558 4949 illuderet,
591 4894 625 4936 ao
652 4880 769 4953 maligni
802 4879 996 4938 tortitudinem

202 4953 304 5016 Christi
319 4952 410 5009 virtus
423 4957 593 5018 contereret,
606 4949 719 5006 diabolo
739 4953 815 5008 Deus
827 4959 856 5008 et
872 4951 994 5022 pruden-

201 5029 257 5084 tior
283 5028 442 5095 appareret,
461 5028 490 5077 et
514 5020 774 5079 tortior.»Praeivit
799 5020 843 5079 bis
866 5022 997 5080 Patribus

202 5097 230 5156 S.
251 5097 439 5166 Augustinus,
450 5092 498 5162 qui
511 5090 559 5147 lib.
574 5092 641 5148 xlii
656 5092 691 5148 de
706 5092 851 5159 Trinitate,
869 5106 932 5163 cap.
952 5093 994 5160 tt,

619 4671 743 4727 aruinam
759 4672 827 4728 vicit
842 4689 849 4727 :
866 4672 903 4727 ita
918 4673 997 4743 prins

201 5169 241 5226 777
258 5181 265 5222 :
284 5164 370 5222 «Non
387 5169 480 5218 autem
496 5161 627 5218 diabolus
642 5164 766 5233 potentia
780 5164 840 5230 Dei,
857 5162 907 5218 667
917 5163 998 5234 justi·

201 5240 239 5296 ria
258 5232 440 5307 superandus
451 5231 519 5302 iuit;
536 5254 547 5280 7
564 5239 593 5288 67
609 5234 740 5303 sequenti
754 5247 817 5306 cap.
831 5233 882 5290 lb:
899 5255 910 5283 ι
928 5235 997 5301 Quae

200 5317 245 5366 est
270 5305 356 5386 igitur
377 5302 495 5378 justitia¹
516 5316 571 5373 qua
588 5302 678 5358 victus
691 5311 734 5359 est
753 5302 903 5360 diabolus?
916 5305 994 5373 Quae,

199 5380 256 5436 77767
278 5373 385 5448 justitia
401 5375 468 5429 76677
483 5372 606 5430 Christi?
621 5375 656 5428 Et
670 5372 812 5442 quomodo
824 5375 916 5431 victus
930 5376 996 5432 6677

200 5450 269 5518 07777
281 5460 346 5501 cum
358 5445 386 5499 in
398 5457 433 5499 eo
447 5442 517 5499 nibil
528 5450 619 5499 morte
629 5441 749 5512 dignum
758 5444 909 5513 inveniret,
923 5445 996 5502 6667-

201 5521 242 5575 dit
255 5529 320 5572 eum
333 5523 438 5570 7777677.
456 5514 490 5570 Et
504 5515 603 5585 utique
612 5511 719 5585 justum
734 5521 787 5583 est,
800 5523 829 5571 ut
840 5515 993 5584 debitores,

1050 2141 1154 2218 prius,
1182 2139 1236 2200 677
1264 2154 1330 2198 non
1353 2139 1577 2199 communicat
1594 2139 1743 2214 alienus;
1760 2141 1842 2201 unde

1050 2239 1084 2298 in
1107 2235 1297 2297 Proverbiis
1321 2234 1365 2314 (5,
1390 2237 1428 2296 76
1444 2236 1478 2296 67
1501 2234 1565 2313 77).
1593 2253 1612 2294 c
1635 2241 1749 2313 Aquas
1770 2240 1840 2298 tuas

1049 2334 1171 2395 divide.
1200 2332 1329 2394 Habeto
1359 2347 1416 2393 eas
1442 2333 1547 2404 solus,
1572 2348 1634 2395 nec
1655 2335 1724 2395 sint
1744 2332 1841 2395 alieni

1049 2432 1229 2509 participes
1251 2431 1313 2491 tui.
1338 2448 1357 2489 s
1377 2434 1487 2506 Aquas
1505 2430 1635 2506 gratiae,
1655 2433 1690 2493 et
1707 2433 1839 2493 miseri-

1049 2529 1171 2591 cordiae
1187 2544 1256 2589 suae
1272 2526 1390 2589 dividit
1409 2529 1507 2599 Deus,
1524 2530 1558 2587 et
1577 2529 1748 2604 expandit,
1760 2530 1841 2591 sicut

1049 2627 1098 2689 667
1112 2626 1236 2697 radios,
1259 2626 1395 2700 paratus
1417 2637 1475 2685 eas
1497 2624 1674 2685 infundere
1696 2626 1838 2687 cuilibet

1050 2724 1085 2784 Si
1098 2723 1187 2784 enim
1202 2721 1301 2785 bomo
1317 2719 1510 2796 iaciatquod
1520 2736 1616 2782 suum
1632 2724 1696 2791 est,
1708 2724 1743 2784 et
1756 2726 1837 2783 Deus

1049 2836 1115 2882 non
1128 2818 1267 2888 omittet,
1284 2816 1370 2894 quod
1395 2832 1491 2877 suum
1513 2822 1573 2889 est,
1596 2818 1719 2885 iacere.
1734 2819 1837 2880 Alieni

1049 2918 1192 2981 autema
1208 2914 1347 2976 caritate
1363 2930 1430 2975 non
1449 2917 1527 2976 sunt
1546 2917 1725 2993 participes
1736 2933 1836 2993 equa-

1049 3031 1123 3077 rum
1137 3014 1277 3075 istarum
1291 3011 1484 3073 salientium
1496 3013 1531 3072 in
1545 3013 1649 3075 vitam
1660 3017 1834 3076 aeternam:

1049 3280 1120 3337 qnos
1127 3261 1252 3330 tenebat,
1263 3261 1345 3318 liberi
1358 3258 1551 3343 dimittantur,
1563 3260 1591 3317 iu
1605 3276 1672 3318 euru
1683 3263 1841 3334 676767776,

1049 3350 1134 3408 quem
1149 3336 1211 3390 6766
1226 3333 1282 3391 ullo
1303 3332 1399 3388 7677776
1412 3331 1550 3388 occidit.»
1566 3335 1601 3388 Et
1619 3334 1715 3390 serm.
1736 3337 1795 3402 mo,
1809 3336 1842 3392 de

1049 3407 1128 3464 verb.
1139 3407 1250 3477 Evang.
1261 3405 1343 3460 loan.
1354 3402 1382 3470 5,
1397 3402 1504 3458 namt
1519 3418 1526 3459 :
1540 3424 1551 3451 7
1564 3403 1724 3462 incidimus
1733 3407 1761 3461 iu
1772 3408 1840 3477 prin

1049 3480 1142 3549 cipem
1158 3475 1243 3547 butus
1257 3473 1364 3539 saculi,
1380 3473 1428 3544 qui
1443 3471 1556 3528 seduxit
1569 3474 1674 3541 Adam,
1691 3484 1721 3532 et
1732 3491 1841 3532 servum

1050 3548 1124 3614 76677,
1141 3552 1168 3602 67
1187 3544 1272 3617 coepit
1285 3558 1337 3599 nos
1354 3550 1488 3613 tanquam
1504 3545 1675 3600 vernaculos
1689 3546 1839 3617 possidere.

1050 3617 1105 3675 Sed
1128 3618 1206 3672 venit
1230 3613 1411 3683 Redemptor,
1427 3619 1456 3668 et
1470 3613 1562 3669 victus
1583 3622 1629 3670 est
1647 3614 1792 3685 deceptor.
1810 3619 1842 3673 Et

1050 3688 1116 3760 quid
1130 3686 1195 3743 lecit
1211 3685 1381 3754 Redemptor
1389 3689 1486 3764 noster
1497 3682 1667 3765 captivatori
1676 3688 1793 3743 77667767
1802 3686 1841 3743 nd

1050 3759 1171 3831 pretium
1203 3762 1331 3812 nostrum
1363 3753 1482 3809 tetendit
1515 3755 1706 3825 muscipulam
1733 3772 1839 3813 crucem

1050 3844 1130 3884 677777
1148 3826 1261 3897 :posuit
1284 3824 1322 3880 ibi
1341 3824 1422 3895 quasi
1437 3837 1533 3879 escam
1552 3828 1733 3896 sanguinem
1751 3842 1840 3883 suurn

1050 3901 1101 3955 7716
1121 3907 1216 3954 autern
1236 3895 1325 3966 potuit
1343 3894 1515 3966 sanguinem
1537 3893 1622 3950 istum
1639 3894 1770 3970 tundere,
1789 3911 1841 3953 non

1051 3969 1153 4025 meruit
1166 3967 1273 4023 bibere.
1291 3967 1325 4021 Et
1337 3965 1363 4019 in
1379 3978 1415 4019 eo
1447 3963 1502 4020 uod
1518 3961 1587 4019 ludit
1601 3968 1776 4038 sanguinem
1788 3982 1841 4023 non

1050 4039 1195 4104 debitoris,
1210 4036 1308 4109 jussus
1326 4042 1368 4090 est
1378 3979 1499 4115 reddere
1513 4033 1674 4104 debitores3
1690 4036 1839 4093 77777677·

1050 4110 1167 4183 guium
1184 4106 1354 4174 innocentis,
1374 4119 1472 4176 Jussus
1492 4112 1536 4161 est
1558 4105 1726 4164 recederes
1742 4122 1841 4164 nocen-

1051 4180 1135 4238 tibus.

1087 4250 1128 4318 (7)
1142 4248 1231 4320 Apoc.
1247 4246 1275 4315 3,
1291 4247 1317 4303 7.

1087 4321 1127 4390 (3)
1143 4319 1184 4373 De
1197 4317 1310 4380 7777777..
1327 4315 1375 4373 lib.
1390 4316 1469 4381 xlii,
1482 4330 1514 4372 ca
1539 4358 1546 4370 .
1564 4313 1607 4371 76.

1086 4391 1124 4462 (7)
1144 4388 1228 4444 Atius
1242 4387 1350 4454 modus,
1371 4388 1422 4440 etc.
1439 4387 1471 4441 lu
1528 4386 1559 4441 it.
1574 4387 1665 4444 77777.
1684 4389 1841 4460 antwerp,

1051 4467 1119 4517 tom.
1142 4460 1218 4522 Vlll,
1243 4459 1297 4513 cot.
1321 4457 1384 4522 663,
1407 4469 1486 4510 num.
1511 4456 1554 4522 73,
1570 4458 1612 4511 676
1626 4457 1751 4529 legitur:
1767 4481 1778 4508 ι
1792 4463 1843 4516 Eos

1051 4532 1146 4602 itaque
1161 4529 1209 4598 qui
1224 4527 1320 4583 dicunt
1336 4541 1343 4580 :
1358 4528 1438 4582 77776
1450 4524 1538 4582 767777
1558 4528 1619 4582 Deo
1642 4529 1747 4585 modus
1764 4530 1841 4594 alius,

1051 4617 1107 4673 quo
1122 4599 1255 4656 liberaret
1266 4597 1425 4652 bominesa
1440 4596 1553 4651 miseria
1564 4599 1842 4670 mortalitatisbujus,

1051 4680 1080 4728 77
1100 4669 1281 4742 unigenitum
1299 4666 1399 4723 Piliam
1416 4668 1506 4721 Deum
1520 4667 1574 4722 sibi
1589 4676 1778 4736 coeternum,
1795 4672 1842 4725 bo·

1051 4742 1157 4798 minem
1170 4738 1228 4795 lieri
1244 4736 1339 4806 vellet,
1353 4734 1497 4792 induendo
1512 4735 1669 4793 humanam
1682 4741 1809 4795 animam
1818 4748 1844 4794 et

1051 4825 1178 4876 carnem,
1206 4810 1412 4877 mortalemque
1435 4806 1541 4861 iactum
1571 4815 1693 4863 77677677
1719 4810 1845 4881 perpeti?

1052 4895 1151 4953 parurn
1165 4885 1209 4934 est
1227 4879 1270 4934 sic
1284 4876 1420 4943 refellere,
1435 4883 1467 4930 ut
1479 4877 1562 4931 istum
1579 4875 1709 4945 modum,
1725 4896 1782 4951 quo
1796 4895 1845 4936 766

1051 4968 1101 5025 per
1116 4949 1312 5007 bleditatorem
1328 4948 1418 5004 belet
1433 4946 1580 5002 bominum
1597 4945 1746 5005 bominem
1758 4950 1845 5008 Cbris·

1052 5030 1110 5079 tum
1125 5022 1222 5078 lesum
1235 5020 1311 5074 Deus
1321 5018 1443 5074 liberare
1457 5015 1601 5088 dignatur,
1618 5032 1785 5076 asseramus
1795 5021 1844 5076 bo·

1052 5108 1129 5160 nurn,
1141 5097 1170 5146 et
1185 5089 1287 5145 divinae
1302 5102 1461 5162 congruum
1476 5087 1629 5159 dignitati:
1644 5103 1747 5145 verum
1762 5092 1845 5147 etiam

1052 5159 1285 5226 utostendamus,
1302 5173 1359 5216 non
1374 5159 1460 5215 alium
1476 5156 1591 5214 modum
1608 5159 1774 5229 possibilem
1790 5164 1846 5218 Deo

1051 5232 1185 5297 doluisse,
1202 5229 1284 5301 cujus
1305 5229 1437 5301 potestati
1459 5235 1561 5307 cuncta
1586 5231 1735 5299 aequaliter
1750 5232 1843 5303 subia-

1051 5311 1126 5372 6677,
1140 5301 1191 5357 667
1206 5303 1343 5356 sanandae
1367 5306 1471 5356 nostrae
1486 5298 1609 5354 miseriae
1628 5302 1843 5357 convenientio-

1051 5389 1110 5431 rem
1138 5371 1254 5429 modum
1278 5370 1366 5427 alium
1387 5384 1445 5426 non
1474 5366 1577 5438 tuisse,
1600 5383 1655 5426 nec
1678 5385 1744 5427 esse
1764 5387 1843 5443 opor·

1051 5447 1174 5504 tuisse·

1087 5515 1128 5585 (5)
1146 5511 1230 5582 vulg.
1248 5527 1254 5567 :
1269 5526 1344 5568 eam.
