3950 6200
848 284 1026 349 HONORII
1046 284 1092 345 111
1112 285 1261 347 OPERA.

598 454 668 541 XX

275 610 327 670 Ad
354 607 509 668 abbatem
543 604 577 666 et
602 607 758 678 priorem
778 604 985 665 monasterti

339 706 540 777 Urstcompi,
556 703 793 764 cisterciencis
806 704 948 762 3311313.

503 840 664 899 11333311).
684 841 763 899 1116.

266 966 370 1032 [Pcigne
386 965 529 1022 belaconrt,
547 964 615 1016 Cart.
633 963 914 1029 1’033333313,1111,3.
929 963 998 1028 tab]

237 1089 319 1159 Quod
334 1104 391 1146 non
405 1097 537 1147 tenentur
548 1103 723 1162 cognoscere
735 1087 771 1146 13
785 1089 880 1146 333313
894 1102 949 1145 333
965 1101 1029 1146 esse

284 1177 397 1251 jndices
409 1179 439 1234 in
452 1184 597 1251 posterum
612 1178 779 1235 anctoritate
791 1177 967 1250 Apostolica.

275 1314 443 1376 Honorius
453 1313 639 1390 episcopus,
649 1329 764 1376 333333
776 1312 1026 1384 serrorumItei,

234 1409 365 1472 dilectis
380 1411 459 1471 filiis
471 1409 583 1473 abbati
601 1412 634 1473 31
645 1410 750 1488 priori
759 1410 954 1472 monasterii
965 1412 1031 1470 Urh

234 1506 387 1584 sicampi,
411 1508 642 1570 cisterciensis
665 1507 804 1581 ordinis,
831 1507 1030 1569 salutemet

233 1604 740 1682 Apostolicambenedictionem.

275 1703 357 1761 Cum
377 1702 512 1777 propter
532 1717 645 1763 rerum
659 1700 832 1779 dispendia
847 1702 880 1765 31
897 1699 1030 1763 labores

191 1790 195 1797 ’
234 1812 328 1875 quos,
342 1800 429 1859 sicut
443 1800 605 1872 asseritis,
622 1815 682 1876 pro
696 1799 818 1872 333313,
839 1814 913 1875 quae
933 1797 1029 1860 robis

235 1909 256 1955 a
281 1896 364 1958 Sede
385 1897 573 1974 apostolica
594 1896 799 1973 delegantur,
824 1896 954 1972 oportet
968 1911 1029 1957 333

234 1993 428 2056 multotiens
442 1993 565 2065 subire,
583 1994 619 2056 ut
633 1994 727 2070 quies
742 1992 919 2054 monastici
933 1991 1029 2053 ordi-

234 2091 288 2152 nis
317 2090 539 2167 perturbetur,
563 2091 596 2152 31
622 2106 724 2167 33333
744 2090 919 2151 commisso
934 2087 1029 2151 vobis

234 2188 438 2249 monasterio
467 2187 639 2253 immineat
670 2187 919 2258 detrimentum,
955 2201 1027 2258 nos,

233 2283 356 2345 restris
381 2282 678 2361 supplicationibus
701 2281 865 2354 inclinati,
882 2282 1030 2343 auctori-

233 2381 302 2442 taie
327 2379 424 2442 vobis
445 2381 658 2457 praesentium
683 2379 912 2455 indulgemus,
933 2378 1029 2441 3113

234 2476 345 2539 333313
368 2477 536 2555 aliquibus
562 2477 760 2540 auctoritate
782 2473 973 2553 Apostolica
992 2476 1029 2537 in

233 2574 402 2652 posterum
429 2591 629 2651 cognoscere
664 2573 928 2652 compellamini,
947 2573 1028 2634 *nisi

233 2669 348 2733 forsan
361 2671 502 2732 obtentae
517 2670 560 2732 ad
577 2687 636 2733 vos
650 2672 769 2734 litterae
784 2671 825 2732 13
839 2670 903 2732 bac
918 2666 1029 2731 indul-

233 2768 347 2844 gentia
362 2783 555 2844 expressam
563 2767 920 2830 fecerintmentionem.
935 2767 1028 2828 Nulli

235 2879 316 2940 ergo
327 2866 462 2926 omniuo
476 2865 646 2926 bominum
659 2865 760 2926 113331
771 2864 859 2926 hauc
871 2864 1028 2941 paginam

233 2961 461 3023 concessionis
481 2961 675 3039 infringere,
691 2962 745 3024 331
769 2962 800 3023 31
820 2977 905 3022 3333
919 2962 1027 3022 teme-

232 3058 324 3121 rario
337 3059 515 3122 contraire.
529 3058 563 3121 Si
579 3060 652 3137 quis
669 3059 779 3121 autem
789 3057 852 3121 boc
864 3059 1027 3122 attentare

232 3158 492 3233 praesumpserit,
518 3156 779 3233 indignationem
800 3157 871 3231 Dei,
898 3156 931 3217 31
944 3155 1028 3218 bea-

231 3253 342 3315 torum
366 3255 457 3315 Petri
479 3256 512 3316 31
535 3254 633 3318 Pauli
647 3254 872 3332 apostolorum
892 3256 976 3331 eJ'us,
992 3269 1027 3314 se

232 3351 363 3412 3333311
376 3350 599 3413 incursurum.
612 3353 730 3414 Datum
746 3352 913 3424 Laterani,
928 3354 958 3413 11
970 3366 1028 3412 no·

232 3462 293 3508 nas
321 3447 516 3524 decembris,
554 3449 765 3527 pontificatus
802 3448 908 3511 nostri
939 3463 1027 3510 anno

232 3544 420 3609 undecimo.

583 3785 675 3872 XXI

229 3945 282 4005 Ad
303 3943 578 4018 thesaurarium,
600 3945 780 4007 cantorem
798 3945 832 4006 et
847 3945 1027 4021 officialem

504 4044 752 4105 Ntoeeaensac.

495 4181 513 4238 8
532 4178 662 4237 decemb.
681 4181 759 4239 11111.

189 4329 200 4348 x
262 4304 384 4368 11133331,
394 4302 440 4354 lib.
453 4302 891 4369 111,33131.131.1133.13333313

230 4427 345 4484 1133131
364 4428 406 4484 eis
425 4434 456 4484 nt
475 4428 530 4487 nisi
548 4429 719 4486 canonicum
738 4427 915 4486 obstaculum
926 4442 1026 4486 revera

266 4514 350 4584 obsit,
374 4516 552 4573 Poncardnm
573 4517 720 4586 clericum,
746 4518 776 4573 in
804 4518 974 4575 canonicum
999 4525 1028 4575 31

266 4602 394 4672 fratrem,
413 4603 494 4675 Juxta
518 4604 643 4662 mandati
662 4605 817 4678 Apostolici
839 4604 876 4662 de
895 4604 950 4662 hcc
966 4604 1026 4678 jam

265 4689 369 4759 dati,a
393 4691 487 4764 priore
507 4697 536 4748 et
556 4692 680 4764 33311313
702 4693 898 4766 Vastignensi,
921 4693 1024 4751 1111331-

266 4778 363 4838 censis
375 4778 517 4847 dioecesis,
529 4779 618 4851 recipi
627 4776 743 4837 faciant.

270 4914 450 4986 Honorius,
469 4914 545 4986 etc,
564 4913 695 4975 dilectis
710 4913 826 4974 111113...
844 4914 1025 4978 thesaura·

230 5010 318 5073 rio...
336 5010 476 5082 cantori,
500 5010 569 5071 31...
593 5009 727 5071 officiali
742 5009 954 5085 Nivernensi,
970 5028 1028 5073 33-

230 5107 345 5179 lutem,
359 5108 422 5168 313.

270 5205 416 5267 Dilectus
447 5203 535 5265 111133
560 5204 751 5266 Ρ33333133
779 5203 920 5266 31331333
945 5222 1026 5283 pro-

231 5302 341 5378 posuit
367 5317 479 5363 coram
507 5300 620 5369 nobis,
646 5301 731 5378 quod
760 5318 873 5363 curn...
897 5303 1026 5379 331333,

1815 295 1882 357 118

1084 443 1317 508 ecclesiaesuae
1330 449 1881 527 receperantneqnaquamadim-

1083 542 1175 620 plere
1203 542 1407 617 curantibus,
1435 560 1495 607 ros
1519 547 1652 608 tandem
1678 550 1880 612 executores

1084 641 1363 702 concessissemus
1377 642 1495 714 eidem,
1512 644 1591 706 dicti
1611 644 1704 720 prior
1726 647 1760 707 31
1781 648 1882 723 3331·

1083 737 1200 810 tulum,
1213 739 1345 814 negotio
1367 739 1424 801 113
1446 742 1617 802 variarum
1641 744 1880 819 exceptionum

1083 834 1268 912 objectione
1302 838 1480 913 protracto,
1511 839 1642 900 demum
1683 838 1880 917 objecerunt

1083 932 1200 1004 eidem,
1225 934 1311 1010 quod
1334 935 1483 1011 tempore
1506 951 1572 1012 quo
1595 938 1726 998 nostras
1749 937 1791 998 ad
1815 952 1880 1000 ros

1083 1029 1213 1091 litteras
1252 1031 1489 1107 impetraverat
1522 1035 1879 1096 excommunicationis

1082 1128 1216 1189 vinculo
1235 1129 1410 1191 tenebatur
1430 1145 1490 1207 pro
1514 1131 1694 1207 injectione
1717 1148 1880 1194 manuum

1082 1225 1240 1287 violenta.
1258 1227 1403 1303 Cumque
1421 1230 1494 1304 post
1508 1227 1619 1304 plures
1635 1230 1795 1290 terminos
1811 1229 1880 1290 sibi

1083 1322 1124 1384 ad
1140 1320 1344 1398 probandam
1359 1324 1736 1388 excommunicationem
1758 1327 1882 1403 hujus·

1083 1420 1171 1481 modi
1206 1420 1412 1495 assignatos,
1442 1422 1476 1482 id
1510 1420 1652 1499 probare
1682 1423 1879 1486 nullatenus

1082 1517 1277 1594 potuissent,
1304 1518 1341 1579 ut
1363 1518 1487 1580 diutins
1508 1520 1741 1595 protraherent
1763 1520 1879 1597 ipsum

1083 1615 1263 1691 negotium,
1276 1617 1308 1676 31
1320 1616 1471 1677 eumdem
1486 1616 1644 1678 clericum
1656 1619 1825 1694 expensis,
1838 1634 1881 1680 33

1083 1711 1250 1773 laboribus
1265 1711 1455 1789 fatigarent,
1469 1713 1510 1773 31
1524 1713 1728 1791 probandam
1741 1731 1883 1777 excom-

1083 1809 1341 1871 municationem
1354 1812 1546 1886 praedictam
1559 1812 1736 1873 terminum
1749 1827 1770 1873 3
1781 1812 1880 1874 robis

1083 1922 1143 1967 sex
1161 1908 1326 1968 mensium
1347 1907 1578 1984 impetrarunt,
1594 1908 1651 1970 sed
1672 1924 1734 1970 nec
1753 1909 1801 1970 sic
1816 1926 1882 1971 ex-

1083 2005 1414 2066 communicationem
1463 2007 1641 2082 potnerunt
1685 2006 1881 2084 hujusmodi

1083 2098 1882 2176 comprobare.Seigituradaliasversutiascon·

1083 2198 1248 2259 vertentes
1262 2198 1428 2271 dixerunt,
1445 2199 1529 2276 quod
1542 2199 1691 2277 recipere
1705 2215 1772 2261 non
1787 2201 1882 2263 tene-

1082 2292 1879 2373 bantnreumdem‚cumjamduosadmandatum

1082 2392 1306 2469 apostolicum
1320 2394 1536 2470 recepissent,
1550 2394 1592 2455 de
1607 2410 1746 2471 quorum
1760 2410 1879 2473 recep-

1082 2489 1174 2550 tione
1198 2490 1233 2550 13
1257 2490 1377 2552 litteris
1397 2492 1519 2553 nostris
1540 2492 1664 2554 mentio
1678 2508 1746 2553 non
1760 2491 1876 2567 tiebat,

1082 2602 1206 2663 vosque
1221 2588 1449 2664 exceptionem
1462 2588 1652 2665 hujusmodi
1667 2589 1881 2667 perinterlo-

1082 2684 1244 2745 cutoriam
1254 2684 1880 2762 sententiamapprobastis,nonatten·

1082 2779 1207 2849 dentes,
1224 2781 1310 2859 quod
1325 2782 1435 2843 necin
1449 2783 1565 2860 primis
1578 2799 1639 2846 nec
1653 2784 1689 2844 13
1705 2785 1879 2858 secundis,

1081 2879 1193 2940 necin
1209 2878 1317 2940 tertiis
1331 2877 1454 2941 litteris
1469 2896 1570 2957 super
1582 2880 1646 2942 hoc
1662 2881 1704 2943 ab
1720 2882 1792 2958 ipso
1812 2882 1882 2944 clo-

1081 2976 1151 3037 rico
1164 2975 1361 3053 impetratis,
1378 2975 1612 3039 continebatur
1636 2977 1695 3039 1113
1710 2978 1879 3049 clausula,

1080 3071 1710 3152 31131331313333333313313333333
1724 3090 1790 3138 non
1804 3076 1883 3138 erat

1081 3168 1121 3231 de
1143 3169 1281 3232 alterius
1299 3171 1490 3246 provisione
1504 3174 1654 3246 gravata,
1673 3188 1717 3233 ex
1731 3188 1795 3249 quo
1811 3188 1880 3250 po-

1080 3267 1195 3329 teratis
1219 3267 1408 3341 advertere,
1435 3269 1522 3345 qnod
1543 3269 1580 3330 in
1603 3268 1666 3331 boc
1689 3266 1882 3332 feceramus

1081 3365 1112 3426 ei
1136 3364 1278 3441 gratiam
1304 3364 1501 3441 specialem,
1529 3382 1604 3426 cnm
1625 3367 1662 3427 in
1685 3364 1881 3444 hujusmodi

1081 3461 1201 3523 11113313
1212 3461 1415 3538 generaliter
1427 3463 1697 3525 consueverimus
1708 3479 1881 3541 apponere

1081 3558 1266 3619 clausulam
1281 3547 1515 3638 prenotatam
1528 3563 1560 3622 et
1573 3561 1601 3620 si
1612 3576 1684 3621 eam
1695 3560 1881 3638 abqnando

1080 3655 1121 3716 de
1136 3656 1273 3732 speciali
1287 3655 1397 3732 gratia
1408 3657 1589 3728 taceamus,
1604 3657 1881 3720 313311311113313

1080 3752 1219 3814 fecimus
1245 3754 1413 3814 concessis
1446 3753 1570 3816 clerico
1605 3754 1808 3831 supradicto,
1837 3771 1881 3816 eo

1081 3849 1166 3926 quod
1182 3849 1298 3911 eadem
1308 3850 1450 3911 ecclesia
1462 3852 1502 3912 13
1515 3850 1612 3912 bonis
1627 3852 1881 3927 progenitorum

1081 3948 1154 4023 ejus
1178 3946 1340 4007 asseritur
1361 3962 1434 4008 3333
1456 3947 1571 4020 111313,
1596 3948 1630 4008 31
1653 3949 1740 4025 quod
1762 3948 1820 4010 113
1843 3949 1882 4011 13

1082 4043 1154 4121 1333
1180 4043 1352 4105 dicebatur
1379 4044 1521 4106 ecclesia
1555 4044 1757 4118 deservisse,
1788 4047 1881 4123 quod

1080 4141 1180 4202 etiam
1204 4155 1264 4217 333
1285 4140 1424 4201 31133133
1446 4141 1551 4218 333113
1577 4140 1822 4203 confessionem
1841 4144 1882 4205 in

956 4303 962 4315 ‚
1075 4237 1204 4314 judicio
1237 4236 1358 4299 factam
1385 4236 1480 4299 vobis
1515 4238 1638 4299 1131133
1671 4240 1880 4302 constitisse.

902 4303 994 4369 Μ’]
1081 4333 1172 4395 Licet
1185 4333 1286 4410 igitur
1300 4332 1387 4395 idem
1402 4332 1543 4394 clericus
1557 4335 1692 4412 propter
1703 4335 1767 4397 boc
1781 4351 1802 4396 a
1816 4352 1883 4398 3ο-

1080 4429 1132 4491 bis
1153 4431 1287 4492 duxerit
1310 4430 1554 4508 appellandum,
1576 4431 1638 4493 hos
1660 4434 1772 4493 tamen
1796 4447 1880 4495 cre-

1080 4528 1194 4590 dentes
1209 4544 1279 4601 333,
1296 4528 1382 4606 3331
1404 4527 1531 4590 13313113
1545 4528 1632 4590 hona
1653 4528 1718 4590 fide
1741 4528 1879 4604 fecisse,

1080 4626 1249 4701 negotium
1266 4625 1377 4703 ipsum
1392 4626 1432 4687 31
1448 4642 1508 4686 333
1521 4626 1677 4687 duximus
1702 4627 1884 4690 remitten-

1080 4722 1168 4782 dum.
1180 4722 1322 4800 Ideoque
1333 4722 1657 4785 discretionirestrae
1666 4724 1881 4799 mandamus,

1080 4821 1242 4896 qnatenus
1262 4819 1328 4879 nisi
1347 4819 1498 4896 praedicti
1513 4819 1616 4896 prior,
1637 4821 1670 4881 31
1692 4819 1883 4896 capitulum

1079 4916 1168 4977 13133
1189 4914 1377 4993 quindecim
1401 4915 1472 4977 dies
1487 4918 1561 4992 post
1575 4917 1691 4993 primae
1706 4917 1883 4980 citationis

1080 5013 1222 5074 edictum
1236 5010 1450 5088 probaverint
1464 5012 1587 5074 dictum
1599 5012 1759 5073 clericum
1772 5012 1884 5078 fuisse

1079 5110 1213 5171 3133313
1258 5109 1611 5171 excommunicationis
1656 5110 1880 5186 adstrictum,

1080 5207 1212 5285 quando
1231 5208 1363 5269 nostras
1385 5207 1501 5269 advos
1523 5206 1651 5268 litteras
1673 5207 1881 5284 impetravit,

1080 5320 1139 5367 333
1154 5304 1239 5382 quod
1253 5303 1293 5365 de
1309 5303 1436 5365 duobus
1449 5303 1580 5366 clericis
1594 5304 1630 5364 in
1645 5304 1788 5366 ecclesia
1805 5306 1883 5384 ipsa

232 5400 266 5461 31
287 5398 432 5475 33311313
446 5398 680 5474 Vastignensi,
704 5399 921 5460 Bituricensis
943 5401 1029 5462 1133-
1081 5402 1223 5478 33333113
1238 5401 1416 5479 333331133
1436 5403 1470 5462 31
1489 5401 1740 5463 confirmatione
1759 5403 1882 5467 statuti

232 5495 330 5567 cesis,
353 5495 544 5558 mandatum
574 5497 607 5558 31
634 5498 836 5574 preceptum
859 5499 1029 5575 Apostoli·
1081 5497 1122 5560 13
1134 5501 1224 5561 33313
1235 5498 1470 5561 canonicorum
1481 5513 1631 5571 numero,
1643 5501 1882 5575 quamavohis

231 5609 318 5667 com,
339 5609 412 5671 quae
431 5609 491 5671 pro
512 5594 703 5670 recipiendo
723 5611 763 5657 eo
777 5595 813 5656 in
829 5597 1027 5659 canonicum
1080 5596 1277 5674 impetrasse
1308 5595 1472 5667 dicuntur,
1496 5595 1669 5672 postquam
1698 5610 1759 5674 pro
1786 5597 1882 5665 dicto
