3950 6200
49 5736 51 5811 l

49 5836 51 5935 l

50 6034 53 6149 l

714 336 942 400 EPISTOLAE.
966 339 1045 398 LIB.
1067 338 1123 398 xl.

398 505 579 591 XXXVII

111 657 155 716 dd
165 656 316 715 abbatem
331 656 365 716 et
379 656 585 716 conventum
599 655 735 716 Satsctae
753 657 886 728 Graccis,

287 753 512 813 Palantenses
530 754 694 813 dtoecesls.

365 879 516 954 ojanuarii
531 882 610 939 loti.

263 1003 354 1068 [Weis
367 1004 430 1054 Urk.
441 1003 486 1053 des
495 1002 609 1061 cisterc,
627 1004 648 1062 1,
658 1003 711 1068 ss]

107 1127 147 1185 lits
166 1125 210 1200 jus
232 1134 401 1199 patronatus
419 1127 548 1185 ecclesias
576 1125 612 1184 de
641 1127 706 1185 Sulz
725 1124 887 1184 interioria

135 1215 280 1287 leopoldo,
295 1214 369 1272 duce
383 1216 515 1280 Austris,
530 1216 704 1272 monasterio
716 1230 815 1272 eorum
828 1215 888 1271 col·

136 1304 215 1360 hum
228 1304 396 1376 Apostolica
412 1304 579 1361 anctoritate
592 1303 752 1360 confirmat.

140 1437 887 1515 Honorinsepiscopus,servusserrorumoei‚

109 1533 220 1596 dilectis
248 1535 330 1595 tiliis
359 1534 472 1596 abbati
498 1537 531 1597 et
556 1535 735 1596 conventui
759 1537 889 1595 Sanctae

108 1631 205 1692 crucis
217 1632 442 1703 Patariensis,
459 1632 601 1694 salutem
617 1633 650 1693 et
664 1631 888 1708 Apostolioam

107 1726 368 1790 benedictionem.

137 1826 229 1886 bustis
254 1827 443 1902 petentium
469 1825 645 1887 desideriis
674 1823 810 1899 dignum
839 1824 890 1883 est

108 1937 156 1983 nos
175 1921 305 1984 facilem
336 1923 487 2000 praebere
510 1938 712 1984 consensum
737 1922 771 1982 et
797 1921 886 1992 rota,

108 2035 167 2095 qna
187 2036 206 2080 a
228 2021 374 2082 rationis
388 2020 520 2082 tramite
536 2036 602 2080 non
619 2017 819 2089 discordant,
835 2015 888 2078 et-

109 2113 180 2176 iectu
193 2120 416 2194 prosequente
432 2117 607 2193 complere.
624 2117 817 2192 Eapropter,
833 2114 888 2174 di-

108 2211 170 2273 lecti
184 2214 215 2274 in
230 2215 375 2276 Domino
396 2214 467 2285 tilii,
489 2213 722 2289 vestris-Justis
735 2211 889 2288 precibus

109 2307 250 2382 inclinati,
274 2315 337 2387 jus
362 2311 558 2387 patronatus
582 2310 733 2371 ecclesiae
752 2309 792 2369 de
813 2309 889 2369 Sula

109 2406 266 2468 interioria
276 2408 403 2469 dilecto
418 2407 488 2468 lilio
499 2407 626 2479 viroL.‚
642 2406 725 2467 duce
734 2407 887 2477 Austriae,

111 2500 141 2562 de
152 2519 310 2565 consensu
336 2504 518 2565 dioecesani
536 2503 601 2563 loci
624 2505 658 2565 et
679 2502 733 2563 sui
752 2501 890 2579 capituli

110 2603 292 2663 monasterio
304 2605 419 2663 vestro
435 2602 490 2677 pia
505 2600 706 2661 liberalitate
719 2599 887 2670 collatum,

111 2696 179 2759 sient
190 2699 269 2759 illud
280 2699 389 2776 juste,
408 2698 569 2759 canonice
587 2714 627 2758 ac
651 2697 788 2773 pacifice
802 2696 891 2758 obti-

111 2795 188 2866 netis,
203 2797 234 2857 et
249 2796 284 2856 in
302 2796 411 2873 ipsius
427 2795 608 2855 dioecesani
626 2793 747 2856 litteris
768 2793 890 2854 dicitur

111 2891 262 2959 contineri,
278 2891 380 2952 vohis
395 2892 428 2952 et
450 2907 511 2968 per
525 2908 584 2953 ros
605 2891 671 2996 ipsi
686 2890 889 2952 monasterio

111 2989 200 3048 restro
211 2988 415 3050 anctoritate
432 2988 623 3063 apostolica
641 2988 887 3048 confirmamus.

111 3079 183 3143 Nulli
204 3101 283 3162 ergo
310 3085 447 3147 omnino
481 3084 652 3146 hominum
676 3084 775 3146 liceat
803 3084 890 3145 lianc

110 3182 243 3256 agnam
267 3185 396 3244 nostrae
416 3182 677 3244 confirmationis
692 3180 887 3257 intringere,

111 3278 153 3337 rel
172 3280 200 3339 ei
222 3296 309 3342 ausu
339 3279 519 3341 temerario
546 3279 723 3341 contraire,
750 3281 786 3339 Si
816 3278 889 3356 quis

111 3377 203 3437 antem
235 3378 300 3439 hoc
340 3378 505 3438 attentare
540 3376 806 3453 praesumpserit,
837 3376 890 3435 in·

111 3468 319 3546 dignationem
336 3473 572 3549 omnipotentis
586 3474 656 3545 Dei,
671 3475 704 3536 et
717 3472 888 3534 beatorum

111 3565 185 3629 Petri
198 3572 227 3632 et
241 3571 343 3632 Pauli
362 3571 590 3647 apostolorum
605 3573 688 3647 eJus,
708 3585 744 3630 se
759 3570 890 3632 noverit

111 3661 314 3729 meursurnm.
347 3669 466 3727 Datum
493 3667 660 3738 Laterani,
686 3669 714 3727 V
738 3665 812 3727 idus
837 3669 889 3741 ja-

110 3763 212 3836 nuarii,
226 3764 445 3843 pontificatus
461 3764 566 3826 nostri
589 3779 679 3825 anno
701 3763 886 3824 undecimo.

1677 338 1736 401 170

942 494 1057 574 aliqua
1084 497 1126 558 ad
1150 496 1424 560 sustentationem
1453 513 1548 560 suam
1573 497 1735 562 beneficia

942 609 1009 654 non
1033 592 1193 664 habebat,
1210 610 1284 654 cum
1301 596 1357 656 diu
1377 597 1413 655 in
1428 596 1531 658 multa
1548 595 1737 658 hnmilitate

942 689 1029 766 apud
1050 690 1166 750 sedam
1190 693 1413 767 Apostolicam
1436 695 1585 753 nostram
1611 693 1735 769 implo-

941 787 1048 848 rando
1062 788 1204 862 gratiam
1219 790 1431 864 exspectarit,
1448 806 1519 860 nos,
1543 790 1583 850 de
1597 790 1737 852 fratrum

942 884 1131 944 nostrorum
1148 885 1299 952 consilio,
1314 885 1470 945 duximus
1485 886 1734 961 providendum,

943 982 979 1042 nt
1001 996 1061 1058 per
1079 981 1239 1058 quosdam
1269 981 1485 1042 ecclesiarum
1516 984 1672 1059 praelatos
1696 998 1736 1044 ac

943 1093 1156 1138 successores
1171 1094 1286 1138 eorum
1308 1094 1437 1139 necnon
1458 1079 1603 1155 capitula
1623 1081 1737 1157 provi·

943 1174 1062 1235 deatur
1086 1175 1210 1247 eidem,
1236 1175 1360 1235 nostris
1384 1175 1447 1235 sibi
1472 1175 1589 1238 dantes
1614 1177 1735 1239 litteris

944 1271 978 1332 in
1001 1271 1177 1343 mandatis,
1197 1275 1234 1335 ut
1246 1273 1454 1334 venerabiles
1473 1274 1594 1335 tratres
1616 1273 1733 1342 nostri,

944 1368 1218 1444 osemburgensis
1231 1370 1406 1446 episcopus
1422 1370 1457 1430 in
1468 1373 1599 1432 centum
1614 1371 1736 1432 mareis

944 1466 1019 1541 puri
1034 1467 1177 1541 argenti,
1198 1466 1423 1543 Trajectensis
1443 1467 1478 1526 in
1498 1467 1614 1542 viginti
1633 1469 1735 1544 quin-

944 1578 1018 1639 que,
1033 1563 1307 1624 Monasteriensis
1320 1580 1400 1625 vero
1415 1564 1450 1624 in
1462 1563 1592 1639 viginti,
1608 1566 1640 1627 et
1648 1567 1737 1626 Her·

944 1658 1122 1731 veldeusis,
1146 1661 1341 1721 werdensis
1360 1664 1394 1722 et
1408 1660 1617 1722 corbeiensis
1630 1661 1737 1723 abba·

943 1756 994 1816 tes
1017 1756 1053 1815 in
1075 1756 1223 1832 triginta,
1240 1758 1286 1818 ita
1302 1757 1389 1833 quod
1408 1758 1549 1834 quilibet
1571 1774 1686 1819 eorum
1701 1760 1737 1819 in

943 1851 1069 1919 decem,
1093 1854 1290 1930 provideant
1310 1855 1495 1926 annuatim,
1514 1856 1690 1916 medietate
1702 1856 1738 1917 in

945 1948 1027 2010 testo
1050 1952 1180 2011 Sanctae
1207 1950 1421 2026 walburgis,
1447 1951 1575 2028 reliqua
1597 1968 1677 2013 vero
1701 1954 1737 2014 in

944 2044 1028 2108 testo
1052 2049 1164 2109 Sancti
1180 2048 1328 2120 Martini,
1352 2049 1450 2109 annis
1471 2049 1613 2124 singulis
1627 2049 1669 2109 ab
1689 2050 1737 2110 eis

943 2157 983 2202 ac
1007 2158 1123 2203 eorum
1144 2144 1393 2205 successoribus
1416 2145 1445 2206 ei
1460 2146 1513 2206 rel
1529 2146 1738 2221 procuratori

944 2242 1016 2316 eJus
1038 2240 1145 2316 quoad
1165 2241 1288 2302 vixerit
1313 2241 1513 2309 exhibenda,
1536 2244 1633 2318 juxta
1659 2260 1739 2304 nos-

944 2337 1071 2397 trarum
1095 2337 1333 2399 continentiam
1361 2339 1563 2412 litterarum
1590 2341 1737 2416 capitula

944 2448 1023 2494 vero
1047 2435 1184 2510 majoris
1210 2435 1243 2496 et
1267 2436 1380 2496 Sancti
1403 2437 1543 2497 loannis
1558 2437 1738 2500 osembur-

943 2530 1068 2606 gensis,
1085 2532 1359 2593 Monasteriensis
1374 2535 1406 2594 et
1420 2533 1614 2595 Werdensis
1630 2535 1739 2596 eccle-

944 2629 1169 2699 siarum,cum
1191 2629 1414 2705 recipientia
1436 2631 1633 2691 canonicum
1649 2634 1681 2693 et
1702 2633 1738 2693 in

944 2724 1093 2794 tratrem,
1113 2726 1286 2801 assignent
1312 2726 1375 2786 sibi
1400 2727 1606 2803 prebendas,
1624 2729 1654 2790 si
1672 2745 1737 2790 va-

944 2823 1020 2883 cant
1033 2822 1073 2882 ad
1091 2839 1249 2898 praesens,
1259 2824 1311 2883 vel
1321 2840 1420 2900 quum
1435 2825 1577 2901 primum
1591 2825 1624 2885 in
1636 2826 1739 2888 eccle·

944 2919 1004 2978 siis
1021 2920 1216 2981 vacaverint
1234 2921 1371 2993 eisdem,
1389 2923 1422 2983 et
1440 2922 1612 2982 annuatim
1634 2922 1739 2984 donec

944 3016 1138 3078 vacaverint
1151 3017 1191 3078 de
1205 3020 1370 3079 communi
1385 3019 1418 3080 et
1428 3018 1498 3080 sive
1509 3034 1657 3096 praesens
1667 3020 1738 3081 sive

944 3113 1064 3175 absens
1088 3114 1206 3188 tuerit,
1234 3119 1392 3193 quantum
1416 3117 1567 3178 residens
1590 3118 1630 3179 de
1650 3134 1740 3193 prae·

943 3210 1052 3272 banda
1072 3229 1132 3273 sua
1157 3215 1353 3290 perceperit,
1370 3214 1535 3290 provisuri
1551 3215 1585 3275 et
1602 3214 1737 3275 exhibi-

943 3309 1010 3370 turi
1033 3311 1185 3371 terminis
1206 3310 1416 3387 supradictis.
1443 3311 1586 3388 ideoque
1609 3311 1738 3372 discre-

942 3406 1027 3466 tioni
1049 3409 1169 3468 restrae
1193 3424 1252 3483 per
1274 3407 1464 3483 Apostolica
1493 3409 1617 3484 scripta
1636 3424 1735 3469 man·

944 3503 1082 3576 damus,
1120 3505 1282 3579 quatenns
1315 3503 1471 3580 praelatos
1506 3505 1679 3581 episcopos
1704 3506 1737 3567 et

942 3599 1079 3661 abbates
1114 3616 1154 3661 ao
1188 3616 1397 3661 successores
1429 3616 1569 3673 eorum,
1607 3617 1737 3662 necnon

943 3697 1089 3772 capitula
1121 3697 1311 3772 supradicta
1349 3697 1391 3757 ad
1422 3697 1505 3785 haec,
1535 3697 1564 3759 sl
1600 3714 1737 3760 necesse

943 3792 1055 3861 tuerit,
1067 3808 1309 3870 percensuram
1325 3794 1737 3867 ecclesiasticam,sublato

832 3962 839 3977 .
942 3890 1122 3966 cuiuslibet
1149 3891 1422 3953 contradictionis
1449 3893 1483 3953 et
1501 3892 1738 3969 appellationis

389 4022 593 4108 XXXVIII

114 4172 153 4229 Ad
174 4173 403 4249 praepositam
431 4174 579 4244 maneas
604 4172 753 4232 emlestae
773 4171 807 4231 et
829 4173 890 4231 de-

141 4281 232 4332 cenos
255 4272 412 4341 eiusdem
436 4270 586 4330 emtestoe
607 4268 641 4330 et
664 4269 699 4328 S·
721 4266 889 4343 ereptant

142 4366 367 4442 repentinos.

351 4498 384 4555 ll
401 4495 527 4569 ianuarii
546 4496 625 4553 1227.

188 4617 468 4683 [llnillard-Brdlnolles,
476 4618 540 4667 llist.
551 4617 670 4681 diplom,
682 4617 715 4675 ll,
726 4615 795 4681 ooo]

170 4744 214 4801 Eis
237 4744 356 4803 mandat
381 4757 414 4801 se
439 4740 598 4815 providisse
624 4739 817 4814 lingelberto,

316 4831 542 4904 osemburgensi
562 4830 664 4888 electo.

146 4956 311 5025 Honorius,
327 4958 403 5030 etc,
429 4955 559 5018 dilectis
574 4954 690 5015 tiliis...
708 4952 888 5031 praeposito

118 5056 232 5129 majoris
255 5055 407 5118 ecclesiae
434 5054 467 5113 et
469 5097 529 5113 .....
562 5053 710 5129 ejusdem
736 5051 888 5112 ecelesiae

119 5151 173 5208 at..
192 5154 301 5216 Sancti
326 5150 487 5229 Stephani
512 5149 647 5211 decanis
668 5147 886 5224 Maguntinis,

121 5245 247 5322 salutem,
265 5253 328 5312 etc.

151 5344 221 5413 Quia
241 5347 414 5424 indignum
436 5344 509 5406 erat
530 5344 567 5405 ut
587 5342 728 5404 dilectus
749 5340 838 5401 tilius
852 5342 886 5401 (t.

123 5436 369 5521 osenburgensis
393 5442 518 5505 electus
546 5439 773 5501 ecclesiastica
805 5452 886 5514 pro-

943 3986 1138 4060 obstacu10,
1175 3988 1400 4064 compellatis;
1434 3989 1671 4052 constitutione
1697 3990 1738 4052 de

942 4084 1071 4145 duabus
1083 4085 1190 4147 diaetis
1201 4085 1237 4146 in
1250 4086 1401 4161 generali
1410 4087 1558 4148 Concilio
1572 4087 1661 4148 edita
1668 4103 1735 4150 non

943 4181 1105 4244 obstante.
1125 4184 1218 4254 Quod
1242 4183 1271 4242 si
1295 4199 1362 4243 non
1384 4199 1509 4256 omnes,
1535 4186 1597 4245 etc.
1619 4186 1737 4245 Datum

944 4279 1122 4352 Laterani,
1153 4282 1199 4340 ΙΙΙ
1227 4279 1301 4340 idus
1325 4281 1495 4356 januarii,
1523 4280 1737 4357 pontificatus

943 4377 1052 4439 nostri
1076 4393 1165 4439 anno
1186 4376 1373 4464 undecimo,

1259 4599 1422 4686 XXXIX

943 4752 995 4811 Ad
1018 4750 1186 4824 Uarianam
1199 4752 1493 4825 archepiscopum
1507 4754 1538 4813 et
1550 4752 1738 4825 capitulien

1239 4849 1446 4909 colocenses.

1199 4977 1231 5033 ll
1249 4975 1375 5048 januarii
1394 4977 1472 5035 12²7.

1052 5098 1143 5164 [Fciam
1157 5097 1219 5149 Cod.
1239 5098 1347 5163 diplom.
1361 5100 1452 5163 flung..
1465 5099 1508 5157 ill,
1522 5113 1551 5149 u.
1562 5097 1629 5163 loo]

977 5213 1136 5271 Ecclesiam
1156 5212 1340 5272 colocensem
1360 5213 1389 5270 ln
1414 5212 1540 5270 dominio
1557 5212 1643 5271 casei
1661 5213 1696 5271 de

1126 5376 1127 5379 Ἴ
1195 5301 1308 5374 Posega
1326 5301 1487 5359 confirmat.

982 5435 1149 5497 Honorius
1160 5436 1346 5511 episcopus,
1354 5450 1470 5496 servus
1478 5451 1650 5498 servorum
1663 5439 1733 5512 Dei,

124 5534 228 5602 risione
251 5541 402 5611 careret,
441 5538 499 5616 qui
524 5537 565 5598 ab
596 5534 889 5598 administratione
941 5532 1127 5599 venerabili
1143 5532 1275 5594 tratri...
1285 5531 1548 5610 archiepiscopo,
1559 5535 1592 5596 et
1603 5534 1735 5599 dilectis

48 5686 50 5707 ,
126 5630 211 5699 ineat
226 5639 374 5703 ecclesiae
398 5633 672 5712 osembrugensis
691 5634 832 5705 amotus,
856 5634 889 5695 et

943 5630 1023 5691 tiliis
1038 5629 1184 5707 capitulo
1199 5628 1384 5701 colocensi,
1401 5630 1553 5705 salutem,
1573 5633 1635 5693 etc.
