3950 6200
308 459 368 517 ⁸07
736 459 769 518 8.
796 458 971 519 ANTONII
999 454 1185 520 rihharii
1214 460 1352 522 OPERA
1380 461 1525 522 OMNIA.

1877 464 1929 523 808

348 618 494 679 Revocat
508 633 589 695 ergo
604 619 691 679 Deus
710 617 891 691 hominem,
914 620 951 681 ut
964 619 1102 681 Creator
1157 618 1285 682 scilicet
1306 635 1372 683 non
1390 622 1470 682 sunt
1482 619 1625 682 radicati
1640 620 1675 680 in
1691 622 1795 698 petra.
1810 638 1828 680 ‹
1841 621 1929 684 liadi-

307 718 507 786 creaturam,
525 717 560 776 ut
575 717 723 791 sponsus
736 732 904 792 sponsam,
918 719 955 779 ut
966 716 1103 779 Redem·
1157 731 1212 777 ces
1236 733 1337 794 super
1359 733 1518 779 cacumen
1543 718 1646 794 petrae
1661 720 1791 781 sonant
1808 720 1928 780 ›Cacu-

306 811 608 889 ptorredemptum.
626 812 709 884 Quid
726 813 834 890 potest
848 828 966 874 servus
985 816 1101 874 contra
1156 830 1232 875 men
1247 816 1348 890 hujus
1361 816 1474 893 petrae,
1492 815 1617 876 Christi
1630 815 1796 887 videlicet,
1812 819 1857 878 est
1867 821 1928 895 ejus

305 909 494 983 Dominum,
524 911 586 970 etc.
616 912 656 971 Et
684 925 749 971 non
777 909 876 971 habet
903 925 994 982 reus,
1023 909 1100 986 quid
1157 911 1333 981 exaltatio,
1363 912 1536 973 humilitas
1563 913 1693 974 scilicet
1719 913 1884 989 passionis,
1902 918 1928 974 ei

305 1007 423 1075 reddat
435 1007 544 1070 iudici
559 1008 742 1070 accusanti.
763 1008 826 1070 Sed
840 1008 918 1069 inde
931 1011 983 1069 est
997 1007 1101 1084 ipsius
1155 1010 1356 1078 incarnatio,
1373 1025 1447 1087 quae
1460 1010 1568 1087 ipsum
1584 1009 1724 1084 extulit3
1740 1009 1826 1071 unde
1836 1011 1927 1072 Chris-

305 1121 426 1181 magna
447 1105 689 1176 misericordia,
714 1105 801 1183 quod
818 1105 891 1181 ipse
914 1105 1033 1182 recipit
1046 1120 1102 1166 re-
1154 1108 1208 1168 tus
1230 1106 1338 1169 iactus
1364 1109 1415 1170 est
1438 1123 1499 1184 pro
1522 1106 1620 1169 nobis
1634 1125 1652 1167 e
1668 1107 1825 1169 obediens
1844 1126 1926 1185 usone

306 1204 489 1266 vertentem
501 1226 509 1277 3
523 1203 610 1265 unde
621 1204 776 1266 ieremiae
790 1202 835 1282 (3,
850 1202 882 1281 1)
894 1220 901 1263 :
913 1205 951 1265 Si
961 1205 1102 1264 dimise-
1155 1203 1197 1264 ad
1209 1206 1361 1278 mortem,
1384 1206 1523 1267 mortem
1549 1206 1658 1267 autem
1672 1206 1802 1280 crucis;
1818 1210 1926 1283 pmpter

304 1304 354 1363 rit
377 1306 435 1363 eir
461 1316 612 1363 timorem
637 1316 750 1372 samm,
780 1302 814 1363 et
837 1305 915 1376 ipso
942 1301 1101 1375 nupserit
1155 1301 1241 1378 qnod
1262 1304 1295 1365 et
1314 1305 1401 1363 Deus
1420 1303 1583 1366 exaltarit
1604 1303 1698 1364 illum
1724 1302 1925 1382 (Phiiip.,a,8

304 1404 382 1461 etro
409 1400 512 1461 atteri
540 1397 599 1479 (1),
626 1401 792 1472 numquid
813 1413 881 1460 iton
905 1400 1045 1474 polluta,
1067 1398 1102 1459 et
1155 1401 1188 1462 et
1200 1398 1246 1478 9).
1273 1402 1381 1475 Super
1394 1399 1459 1461 hoc
1485 1416 1645 1463 cacumen
1677 1404 1799 1463 sonant
1819 1400 1925 1462 radices

303 1497 540 1559 contaminato
559 1499 611 1558 est
626 1494 695 1573 (2)l
716 1500 763 1557 Tit
786 1497 904 1558 autem
926 1497 1101 1570 fornicato
1155 1497 1344 1570 immundae,
1361 1496 1424 1559 hoc
1439 1499 1490 1560 est
1503 1498 1661 1576 superbia
1676 1498 1787 1560 inflati
1803 1514 1926 1559 murmu-

303 1610 340 1657 es
354 1611 432 1658 crim
448 1596 564 1656 miritis
575 1595 1011 1670 occatoridussiigoautem
1026 1590 1100 1655 dico
1154 1596 1231 1657 rant
1242 1597 1358 1656 contra
1379 1596 1558 1673 passionis,
1575 1599 1609 1659 et
1627 1596 1862 1658 incarnationis
1874 1596 1925 1656 hu-

302 1692 375 1763 tibi,
391 1694 582 1763 reuertere,
595 1693 627 1753 et
640 1706 701 1768 epo
715 1695 884 1767 recipiam
897 1690 945 1771 (3)
959 1692 1004 1753 te.
1019 1693 1100 1752 Item
1155 1692 1340 1761 militatem,
1356 1709 1431 1754 cum
1444 1694 1493 1754 eis
1514 1694 1736 1771 praedicatum
1753 1695 1787 1755 et
1799 1695 1867 1755 ideo
1877 1709 1924 1754 ne·

302 1792 336 1852 in
351 1792 414 1853 hoc
429 1792 568 1868 apparet
578 1792 650 1866 ejus
663 1788 906 1862 misericordia,
926 1788 1012 1866 quod
1028 1789 1101 1864 ipse
1154 1792 1248 1866 potes
1262 1805 1388 1862 eorum,
1403 1791 1560 1853 videlicet
1580 1807 1804 1863 successores,
1818 1794 1849 1853 et
1859 1791 1921 1851 ini·

303 1888 465 1951 satisfecit
475 1904 535 1965 pro
549 1887 666 1959 nobis;
681 1887 768 1948 unde
786 1908 793 1946 :
810 1889 889 1959 Quae
906 1902 971 1948 non
989 1885 1099 1962 rapui,
1153 1890 1278 1949 tatores
1291 1904 1357 1949 non
1371 1888 1638 1965 multiplicabunt
1651 1904 1776 1957 ramos,
1790 1892 1824 1950 ut
1836 1888 1920 1966 proi·

303 1988 382 2048 tunc
406 1985 601 2048 exolvebam
626 1983 730 2063 (Psal.
756 1986 807 2053 68,
832 1984 876 2063 5).
895 1984 980 2045 Hinc
1003 1983 1099 2044 Isaiae
1154 1985 1254 2046 ciant
1271 1988 1318 2047 De
1334 1986 1477 2063 hyssopo
1494 1987 1595 2048 tiebat
1607 1988 1833 2063 aspersorium
1845 1986 1925 2047 indie

302 2083 501 2162 (46,i):Ego
512 2081 586 2153 teci,
603 2082 636 2143 et
647 2080 835 2157 egoteram,
847 2080 976 2143 scilicet
990 2080 1100 2141 homi·
1153 2083 1369 2159 expiationis,
1387 2089 1420 2146 et
1434 2084 1533 2145 hodie
1545 2085 1580 2145 in
1601 2084 1863 2146 dedicationibus
1875 2086 1925 2144 lic-

300 2197 389 2253 nem,
415 2184 449 2243 et
473 2182 607 2257 peccata
630 2183 703 2257 ejus
725 2195 786 2256 ego
808 2178 957 2256 portabo,
975 2179 1009 2240 et
1026 2177 1098 2238 sal-
1153 2180 1282 2254 clesiae3
1298 2180 1384 2243 unde
1399 2181 1434 2242 in
1449 2182 1605 2243 Numeris
1622 2181 1686 2261 (19,
1700 2181 1756 2260 6):
1778 2183 1925 2259 «Lignum

300 2280 397 2341 rabo.
420 2281 502 2341 Item
517 2280 552 2341 in
567 2279 631 2341 hoc
653 2278 883 2342 misericordia
897 2279 970 2352 ejus
983 2275 1097 2337 mani-

301 2377 387 2440 festa
415 2379 476 2449 est,
504 2377 592 2454 qnod
612 2377 683 2453 ipse
704 2375 791 2437 delet
810 2377 947 2452 peccata
970 2375 1097 2445 nostra,

301 2491 376 2554 qnae
405 2476 530 2552 scripta
560 2476 637 2536 sunt
669 2475 705 2534 in
734 2474 940 2535 conscientia
966 2473 1096 2546 nostra3

302 2574 389 2635 unde
407 2573 448 2634 ad
460 2573 675 2634 colossenses
685 2572 729 2648 (2,
744 2573 781 2632 13
793 2574 826 2633 at
841 2569 893 2649 14)
909 2593 916 2630 :
932 2572 1099 2631 «Donans

300 2671 397 2732 nobis
412 2671 524 2731 omnia
549 2669 683 2742 delicta,
706 2669 821 2731 delens
837 2668 923 2745 quod
938 2667 1099 2729 adversus

300 2783 362 2829 nos
382 2771 455 2829 erat
469 2767 728 2844 chirographum
752 2766 889 2837 decreti,
916 2765 1002 2842 quod
1026 2766 1100 2826 erat

302 2865 506 2927 contrarium
520 2863 629 2924 nobis.
646 2881 664 2924 a
680 2862 830 2924 Habebat
852 2861 1016 2939 siquidem
1031 2861 1100 2923 dia·

301 2964 398 3025 bolus
413 2963 613 3038 scripturam
629 2976 786 3021 manuum
800 2964 1001 3031 nostrarum,
1014 2959 1100 3021 idest

303 3063 468 3123 malarum
493 3059 739 3137 operationum
765 3057 915 3120 libellum
944 3057 1099 3120 videlicet

302 3159 537 3226 accusationis,
551 3159 584 3220 et
596 3157 855 3234 chirographum
868 3156 1004 3227 decreti,
1014 3156 1099 3217 idest

303 3257 503 3319 sententiam
529 3255 753 3316 damnationis
779 3254 925 3331 peccatis
941 3253 1096 3315 debitam.

303 3357 386 3429 Quid
402 3371 482 3431 ergo
494 3354 675 3431 poterimus
684 3351 867 3414 nosmiseri
879 3351 1099 3428 responderet

303 3454 432 3530 Sparsit
446 3455 556 3515 autem
572 3450 732 3512 Dominus
746 3464 847 3526 super
868 3449 966 3510 istam
991 3449 1100 3524 scrip·

304 3554 414 3615 turam
436 3550 607 3627 proprium
622 3547 835 3622 sanguinem3
850 3548 883 3609 et
895 3545 1098 3608 italibellum

1153 2278 1337 2350 cedrinum,
1355 2280 1388 2339 et
1401 2278 1594 2356 hyssopum,
1607 2283 1641 2342 et
1655 2296 1791 2342 coccum
1801 2279 1928 2341 bietine

1154 2377 1222 2436 tum
1238 2375 1345 2437 mittet
1359 2376 1516 2437 sacerdos
1531 2376 1566 2436 in
1584 2376 1764 2443 flammam.
1783 2391 1926 2454 querar·

1153 2488 1225 2533 cam
1247 2475 1354 2545 vorat,
1383 2477 1557 2550 sumetque
1590 2472 1632 2535 de
1662 2474 1840 2545 cineribus,
1862 2488 1928 2550 quos

1153 2585 1241 2647 aqua
1263 2571 1341 2632 viva
1363 2571 1593 2648 superfundat,
1611 2576 1644 2633 et
1664 2571 1924 2633 hominesconta-

1153 2668 1336 2730 minatione
1351 2669 1494 2745 pollutos
1509 2672 1676 2746 aspergat,
1694 2673 1728 2731 et
1740 2668 1926 2730 mundabun-

1153 2767 1217 2827 tur.
1229 2768 1294 2826 Per
1308 2766 1435 2842 lignum
1450 2767 1622 2829 cedrinum
1637 2767 1764 2829 Christi
1778 2766 1922 2828 sanctitas.

1153 2863 1279 2925 Cedrus
1294 2865 1422 2925 tantum
1434 2865 1605 2926 radicatur
1620 2864 1776 2937 interius,
1792 2866 1923 2943 quantum

1154 2976 1265 3022 ramos
1300 2961 1450 3023 extendit
1491 2964 1666 3038 superius;
1704 2968 1738 3024 et
1773 2963 1922 3029 sanctitas,

1154 3060 1278 3138 quanto
1304 3058 1501 3137 profundius
1527 3061 1711 3130 radicatur,
1738 3064 1831 3123 tanto
1845 3059 1925 3121 altius

1153 3157 1335 3220 extollitur.
1367 3160 1432 3220 Per
1471 3174 1606 3220 coccum
1637 3159 1762 3221 Christi
1790 3158 1937 3226 charitas,

1153 3271 1227 3332 quae
1252 3255 1420 3318 Christum
1436 3255 1620 3318 rubricavit
1634 3258 1801 3332 sanguiue
1814 3249 1936 3344 passio-,¹

1153 3353 1229 3414 nis:
1246 3353 1394 3415 charitas
1420 3354 1509 3414 enim
1532 3355 1640 3431 ipsum
1663 3354 1798 3415 induxit
1810 3353 1847 3414 ad
1861 3367 1934 3428 pas,

1153 3452 1293 3525 sionem,
1309 3467 1376 3512 non
1391 3452 1504 3529 aliqua
1517 3452 1712 3514 necessitas.
1724 3453 1787 3513 Vel
1801 3465 1925 3529 percoo-

1153 3565 1228 3610 cum
1243 3548 1477 3624 significantur
1500 3551 1676 3626 martyres,
1693 3566 1756 3627 per
1770 3551 1882 3629 hyssop

303 3648 537 3719 accusationis,
552 3648 586 3708 et
599 3646 767 3706 decretum
778 3644 896 3705 mortis
907 3642 1030 3705 delevit
1042 3658 1100 3705 se-

301 3750 451 3809 condum
466 3745 719 3807 muttttudioem
732 3742 999 3803 miserationum
1013 3755 1098 3803 suo·

302 3860 394 3905 ritm-

1152 3647 1309 3723 Virgines
1324 3647 1460 3723 propter
1479 3647 1715 3718 humilitatem,
1736 3663 1798 3724 per
1814 3646 1898 3708 eodm

1152 3744 1364 3819 significatur
1387 3744 1469 3805 odor
1484 3745 1655 3806 virtutum.
1681 3746 1852 3822 Sequitur:
1868 3741 1902 3802 iii

1152 3843 1199 3904 tet
1213 3841 1370 3903 sacerdos
1396 3841 1430 3901 in
1446 3841 1625 3909 dammam,
1645 3858 1720 3919 quae
1743 3855 1894 3904 raccant
1915 3853 1916 3856 ¹

1152 3941 1215 3999 rat.
1245 3939 1409 4010 Flamma,
1435 3938 1521 3999 sicut
1544 3938 1650 4012 scitis,
1667 3939 1703 3999 in
1719 3939 1829 4000 lumen

562 4036 704 4097 smalto
729 4036 844 4096 xciii.
1404 4036 1410 4047 ·

301 4168 449 4243 Quomodo
463 4184 514 4242 per
528 4167 695 4241 hyssopum,
718 4180 781 4238 qum
800 4164 942 4222 radicatur
956 4164 986 4221 in
1007 4171 1097 4237 petra,
1168 4135 1174 4145 ’
1202 4179 1210 4204 ›

1152 4230 1325 4292 natitatem
1349 4231 1496 4292 nostram
1523 4229 1711 4305 devorabit,
1727 4233 1763 4292 et
1780 4231 1814 4291 iu
1836 4229 1890 4287 ium

1151 4329 1272 4391 trahet.
1288 4331 1467 4405 sumetque
1481 4328 1522 4388 de
1537 4326 1719 4401 cineribus,
1733 4332 1796 4391 etc.
1815 4327 1882 4387 Cina

1152 4425 1219 4496 isti,
1236 4425 1397 4486 memoria
1412 4423 1591 4501 passionis,
1606 4423 1792 4495 humilitas,
1807 4426 1837 4485 et
1905 4505 1906 4508 Ἴ

302 4587 473 4658 asperges
487 4594 553 4650 me,
571 4578 720 4648 Domine,
732 4581 887 4651 hyssope,
903 4577 937 4637 et
949 4578 1100 4637 maredo·
1152 4524 1241 4679 nltfw'
1269 4524 1573 4679 Ηοωωωοῃῖθῖἳφ
1600 4536 1682 4582 usus
1700 4524 1765 4592 ω’
1781 4523 1817 4582 ut
1830 4535 1860 4676 1⁸¹¹
1870 4619 1882 4675 i

503 4680 575 4749 Μ’
591 4677 654 4736 elc'
670 4673 773 4753 (Μ’
788 4676 837 4745 50’
851 4672 898 4752 θ’)
1153 4633 1762 4788 ῗυιθῖὶίῗῖᾶοἵηῃθωΐιῖῗειᾶηιωὲῗιῗιὶηξὲἑ
1786 4633 1883 4794 113333ῗο

345 4823 516 4898 Hyssopus
537 4818 588 4880 est
610 4815 714 4877 herba
736 4814 883 4887 humilis,
907 4813 1099 4876 inflaturam
1153 4814 1341 4887 mundetur,
1371 4818 1404 4876 et
1425 4813 1631 4874 humilietur.
1653 4817 1760 4891 Aquae
1788 4815 1864 4874 vira

305 4922 425 5000 purgat
438 4915 617 4996 pulmonis,
633 4914 710 4977 etin
721 4915 817 4990 petra
829 4912 1010 4974 radicatur.
1021 4914 1099 4973 Haec
1153 4912 1321 4975 cineribus
1355 4910 1477 4972 debent
1502 4909 1712 4987 superfundi.
1749 4915 1845 4989 Aque

304 5022 355 5082 est
367 5015 548 5086 humilitas,
565 5028 637 5090 quae
653 5010 842 5088 superbiam
858 5007 967 5086 sugat:
980 5009 1098 5069 Chris·
1153 5010 1364 5072 contritionis
1392 5009 1560 5086 lacrymae,
1587 5023 1661 5086 quae
1690 5007 1778 5071 hene
1797 5008 1883 5068 dicun

304 5122 358 5181 tus
369 5119 419 5178 est
427 5115 531 5191 petra,
545 5109 698 5188 superbis
706 5109 812 5181 arida,
827 5106 1009 5168 humilibus
1020 5122 1099 5168 vero
1153 5123 1248 5185 aquae
1262 5108 1359 5177 virm,
1376 5107 1454 5183 quia
1469 5105 1638 5167 hominem
1664 5106 1763 5183 prius
1786 5104 1881 5166 mortu

304 5214 456 5286 humida;
481 5210 528 5272 ibi
555 5208 643 5273 euim
664 5206 793 5268 invenit
807 5205 991 5276 humorem,
1012 5204 1099 5266 unde
1153 5204 1346 5282 inpeccatis
1361 5204 1474 5265 vivere
1498 5203 1636 5264 iaciunt.
1657 5206 1696 5264 In
1712 5204 1769 5264 his
1793 5204 1874 5274 lacry

304 5312 445 5381 crescat,
460 5311 493 5370 et
506 5305 707 5382 exemplum,
724 5302 811 5364 uude
824 5301 987 5378 proficiat.
1006 5302 1099 5364 Unde
1153 5303 1294 5380 tingitur
1304 5301 1542 5377 aspersorium,
1555 5316 1621 5377 quo
1632 5300 1735 5362 bomo
1747 5287 1896 5378 aspergit

305 5404 531 5472 Ecclesiastici
544 5403 610 5483 (40,
635 5401 688 5481 15)
703 5423 712 5464 z
727 5402 788 5462 «Ν
791 5401 906 5475 epotas
921 5399 1099 5476 impiorum
1154 5417 1228 5464 cum
1241 5400 1281 5461 de
1296 5398 1441 5476 peccatis
1456 5398 1651 5471 conteritur,
1665 5400 1700 5460 et
1711 5395 1867 5475 passionis

305 5523 371 5569 nou
396 5500 664 5581 multiplicabunt
690 5513 813 5569 ramos,
830 5497 1017 5559 et‘radices
1032 5498 1099 5558 im·
1153 5496 1285 5557 minium
1315 5493 1520 5563 recordatur,
1546 5490 1588 5552 ad
1616 5495 1714 5570 cuius
1758 5486 1880 5553 memori

305 5604 545 5677 mnndaesuper
556 5612 716 5659 cacumen
727 5596 829 5672 petrae
842 5596 974 5668 sonant,
990 5594 1099 5672 »quia
1154 5592 1290 5655 humilis
1303 5589 1421 5662 iactus,
1436 5589 1626 5651 mundatur.

1203 5725 1231 5794 ἲ)
1251 5722 1337 5795 vulg.
1355 5739 1362 5779 :
1378 5721 1440 5778 erit.
1473 5790 1479 5800 Ι

1203 5796 1231 5864 2)
1252 5794 1336 5865 linig.
1354 5810 1360 5850 :
1376 5791 1539 5863 suscipiam.

338 4260 517 4335 significatur
531 4256 687 4325 humilitas,
705 4270 768 4327 quae
780 4254 864 4327 lugat
877 4253 1057 4326 superbiam3
1070 4260 1099 4310 et

338 4348 482 4423 quomodo
494 4344 621 4405 Christus
634 4352 678 4401 est
688 4350 779 4417 petra,
796 4341 928 4416 superbis
941 4341 1030 4411 arida,
1043 4340 1096 4398 bu·

338 4439 453 4495 milibus
465 4433 592 4493 humida.

343 5735 384 5802 (it
403 5729 504 5787 versio
522 5725 646 5790 arabica,
662 5735 691 5782 et
716 5724 849 5801 paraphr.
863 5722 978 5794 chaid.;
994 5724 1098 5797 vulg:

307 5801 417 5860 duxerit
429 5800 519 5861 virum
533 5797 661 5852 alterum.
