3950 6200
1823 62 1833 67 ⁵
1922 70 1923 105 l

719 260 723 267 ,

692 330 748 388 ΑΙ)
776 327 915 388 OPERA
943 328 976 386 S.
1005 325 1181 421 euronii
1209 327 1398 389 PADUANI
1788 331 1835 395 θ]

218 324 281 387 tea

222 483 319 546 iuxta
342 484 542 548 conditionis
571 500 631 546 sue
655 486 777 548 statum
810 484 1016 548 domicilium
1071 483 1112 545 de
1136 484 1254 547 ordine
1278 485 1443 548 minorum
1472 485 1601 548 litteras
1627 485 1753 563 quidem
1773 503 1838 550 nes·
1920 516 1921 521 κ

224 581 451 665 possidebant,
467 582 553 660 quod
569 586 603 645 et
618 583 681 660 ipsi
696 584 782 646 ostio
796 583 910 660 templi
932 598 1015 659 pro·
1072 581 1198 644 cientes
1221 583 1279 644 sed
1303 576 1460 645 uirtutem
1475 583 1586 645 littere
1607 583 1756 661 operibus
1768 585 1836 648 edo-

222 679 347 756 pinquc
371 678 486 740 limine
513 679 740 742 imminebat.
779 681 942 753 Quicum
980 679 1015 739 in
1071 681 1184 742 centes
1200 681 1255 757 qui
1279 681 1313 743 et
1325 681 1420 744 iuxta
1433 680 1562 741 ordinis
1581 682 1719 743 statuta.
1734 680 1839 744 elemo-
1921 698 1923 729 ¹

221 776 330 854 primo
355 776 539 838 iuuentutis
564 777 670 838 flore.
693 777 825 839 felicem
847 777 936 838 huno
956 792 1017 853 ge·
1070 776 1144 838 sine
1166 777 1304 855 petendo
1323 777 1433 854 gratia
1459 820 1468 838 .
1496 776 1538 839 ad
1562 778 1838 840 monasteriumin

221 873 374 935 nuissent
388 873 519 935 fllium.
549 874 591 936 ab
611 875 684 953 ipso
699 876 788 937 sacri
802 874 1014 952 baptismatis
1071 888 1136 950 quo
1161 874 1215 935 uir
1234 876 1293 936 Del
1317 873 1581 945 conuersabatur
1596 890 1694 952 quam
1708 890 1841 951 sepeno-
1919 886 1923 925 s

220 965 335 1031 fonte.
371 968 569 1031 Feruandus
595 970 627 1032 ei
655 985 776 1032 nomen
805 970 1012 1048 imponunt.
1069 970 1226 1033 niebant.
1248 971 1296 1033 Ad
1312 987 1485 1049 quoscum
1504 988 1548 1034 ex
1567 987 1680 1034 more.
1701 972 1751 1033 die
1771 989 1838 1050 qna-

219 1067 315 1127 Hunc
330 1065 487 1127 nimirum
504 1067 538 1127 in
553 1067 744 1145 supradicte
757 1069 872 1129 sancte
882 1068 942 1130 Dei
953 1083 1015 1144 ge·
1069 1068 1146 1130 dam
1168 1069 1224 1130 uir
1237 1068 1297 1131 Dei
1320 1068 1480 1131 uisitandl
1495 1069 1604 1145 gratia
1622 1070 1779 1131 secrecius
1793 1085 1834 1130 ac·

219 1162 351 1225 nitricis
375 1163 549 1225 Ecclesia.
579 1164 685 1226 sacris
711 1164 833 1227 litteris
861 1163 1016 1226 imbuen-
1069 1166 1226 1228 cessisset
1252 1211 1261 1227 .
1284 1165 1373 1229 inter
1397 1168 1508 1228 cetera
1534 1182 1600 1244 que
1627 1165 1754 1228 locutus
1778 1167 1837 1228 ert.
1922 1178 1923 1217 1

219 1259 297 1320 dum
310 1259 469 1322 tradunt.
494 1262 528 1322 et
538 1259 685 1327 futorum
700 1261 822 1323 Christi
837 1276 1014 1339 preconem
1070 1262 1131 1325 bec
1146 1279 1276 1341 quoque
1300 1262 1406 1326 dixit.
1430 1263 1564 1325 Ordinis
1585 1262 1691 1325 uestri
1712 1262 1838 1325 habitum

219 1356 361 1434 quodam
376 1358 531 1435 presagio
544 1358 773 1420 ministrorum
788 1358 911 1421 Christi
930 1359 1014 1420 edu-
1069 1344 1191 1423 fratres
1205 1360 1377 1422 karissimi
1393 1360 1508 1422 animo
1521 1359 1733 1422 desiderandi
1747 1360 1837 1420 susci·
1922 1374 1923 1377 ’

219 1453 340 1517 cationi
358 1456 578 1517 committunt.
1069 1458 1158 1534 piam
1173 1459 1202 1519 si
1215 1474 1268 1520 me
1282 1474 1361 1520 mox
1376 1458 1412 1520 ut
1430 1459 1660 1533 introgressus
1684 1457 1790 1518 fuero.
1806 1457 1837 1518 ad

259 1552 385 1616 Lectio.
401 1555 469 1613 III.
504 1554 562 1615 Est
597 1555 708 1615 autem
743 1553 837 1616 iuxta
873 1553 1013 1616 eandem
1069 1558 1192 1617 terram
1218 1557 1462 1616 Saracenorum
1486 1556 1618 1616 mittere
1641 1553 1839 1632 spoponderi-
1922 1567 1923 1607 1

219 1664 319 1726 quam
342 1649 548 1726 prediximus
576 1650 747 1713 ciuitatem
774 1651 1015 1714 Monasterium
1068 1652 1134 1714 tis.
1158 1651 1315 1730 quatinus
1330 1668 1404 1714 cum
1420 1653 1545 1713 sanctis
1564 1651 1765 1730 martyribus
1779 1666 1839 1712 ne·
1920 1668 1923 1707 r

220 1745 383 1824 quoddam
398 1745 439 1808 de
453 1747 571 1809 ordine
586 1748 694 1810 sancti
709 1749 907 1826 Augustini.
925 1749 1014 1810 baud
1068 1764 1147 1810 rear
1169 1752 1204 1812 et
1224 1765 1286 1825 ego
1308 1749 1467 1827 consequi
1491 1763 1614 1810 corone
1629 1749 1837 1825 participium.
1922 1766 1923 1804 ς

218 1843 516 1919 longeamenibus
531 1845 680 1908 distans.
697 1845 732 1907 in
743 1862 806 1924 qua
819 1845 867 1926 (1)
888 1846 1016 1908 uirire·
1069 1846 1132 1918 Qui
1144 1862 1212 1907 non
1225 1846 1385 1909 mediocri
1400 1845 1523 1923 gaudio
1535 1861 1579 1908 ex
1595 1846 1683 1908 tanti
1699 1845 1761 1907 uiri
1774 1858 1838 1906 oer-
1922 1850 1923 1855 ’

219 1939 346 2017 ligione
363 1940 505 2004 famosi.
529 1943 566 2009 in
580 1943 734 2005 canonici
754 1945 920 2020 regularis
946 1943 1013 2005 ha·
1068 1942 1120 2003 bis
1143 1944 1347 2006 exhilarati.
1371 1942 1458 2004 diem
1472 1958 1536 2020 qno
1557 1943 1619 2004 he‘c
1643 1942 1726 2005 flant
1747 1941 1840 2019 proxi·
1920 1962 1923 2001 1

218 2037 290 2100 bitu
305 2039 444 2100 Domino
460 2038 684 2102 famulantur.
701 2039 749 2103 nd
770 2040 1015 2117 hunedenique
1069 2056 1158 2101 mum
1184 2043 1376 2119 sequentem
1402 2041 1628 2102 constituunt.
1653 2041 1687 2102 et
1708 2052 1840 2100 nemora

219 2135 328 2195 locum
344 2136 398 2196 uir
412 2137 471 2197 Dei
494 2137 615 2214 spretis
640 2137 755 2198 mundi
776 2136 1012 2200 oblectationi·
1069 2137 1254 2212 pericnlum
1275 2137 1412 2198 trahat.
1435 2136 1566 2213 tempus
1581 2134 1752 2198 dilationis
1773 2149 1838 2211 pre·
1920 2157 1923 2195 ς

217 2232 280 2294 bus
291 2247 327 2295 se
339 2234 528 2297 transtulit.
538 2235 571 2297 et
580 2235 733 2297 canonici
743 2235 908 2311 regularis
923 2233 1015 2296 habi·

218 2330 1014 2410 tumhumilidevotionesuscepit.ubicumannis

218 2427 322 2490 terme
359 2428 487 2511 duobus
514 2431 736 2493 commoratus
760 2474 768 2490 .
792 2429 1014 2507 frequentiam

217 2526 401 2587 amicorum
417 2526 481 2603 piis
492 2526 658 2588 mentibus
670 2527 894 2604 importunam
909 2528 1015 2588 susti-

219 2623 358 2696 nuisset,
373 2624 409 2684 ut
424 2638 554 2684 omnem
572 2623 635 2685 sibi
651 2623 910 2701 perturbationis
922 2623 1015 2686 elus-

218 2719 347 2781 cemodi
370 2720 580 2780 occasionem
591 2720 759 2801 tolleret.
779 2721 892 2782 natale
906 2721 1014 2783 solum

219 2816 304 2894 quod
330 2816 372 2878 ad
400 2817 609 2879 eneruandos
641 2818 759 2879 uiriles
786 2818 916 2879 animos
948 2834 1014 2880 non

218 2912 431 2975 mediocriter
459 2915 568 2989 potest
593 2957 604 2977 .
626 2913 859 2991 derelinquere
884 2915 1012 2987 statuit,

218 3011 374 3088 quatinus
389 3009 492 3071 alieni
505 3012 638 3087 aggeris
654 3011 769 3074 littore
780 3012 919 3074 tutatus.
945 3015 1014 3075 Deo

219 3108 370 3188 quincius
382 3109 527 3171 militare
539 3112 670 3187 posset.
683 3109 822 3173 obtenta
836 3109 942 3186 igitur
953 3111 1014 3172 uix

218 3206 374 3285 precibus
402 3207 591 3284 Superioris
613 3208 748 3270 licentia
771 3223 839 3269 non
862 3208 1013 3270 ordinem

220 3302 277 3363 sed
302 3301 410 3363 locum
435 3302 608 3364 mutauit.
637 3304 671 3364 et
694 3301 736 3364 ad
772 3303 1012 3365 monasterium

219 3401 335 3461 sancte
357 3400 466 3461 crucis
482 3399 522 3460 de
538 3399 713 3461 colimbria
732 3401 768 3462 in
784 3400 923 3478 spiritus
940 3400 1013 3462 ier-

103 3489 106 3494 ’
195 3583 198 3586 ‚
218 3513 300 3559 uore
313 3513 349 3560 se
360 3497 550 3560 transtulit.

256 3596 371 3658 Lectio
378 3598 418 3657 Il
421 3598 468 3662 ll.
480 3596 559 3657 Post
566 3595 629 3657 hec
641 3596 752 3658 autern
765 3611 840 3657 cum
851 3579 1012 3674 reliquias

217 3694 407 3755 sanctorum
430 3735 438 3753 .
464 3692 604 3754 fratrum
631 3692 786 3756 videlicet
817 3694 1011 3760 minorum.

216 3790 370 3852 dominus
385 3792 498 3866 petrus
519 3790 629 3851 inians
653 3805 673 3852 a
697 3791 870 3852 marocbio
891 3791 1014 3865 depor-

217 3888 322 3948 tasset
338 3929 346 3946 .
369 3887 402 3947 et
422 3886 603 3949 eorundem
618 3888 746 3950 meritis
761 3888 961 3949 miraculose
976 3903 1012 3949 se

217 3982 394 4046 liberatum
420 3999 480 4061 per
505 3999 620 4045 omnes
643 3986 792 4062 Yspanie
819 3985 1012 4062 prouincias

216 4082 438 4159 diuulgasset.
461 4081 601 4145 audiens
618 4097 737 4143 seruus
759 4083 819 4143 Dei
844 4083 1011 4144 Antonius

216 4181 302 4243 mira
324 4195 388 4257 que
411 4194 549 4257 percos
571 4178 715 4242 flebant.
740 4179 885 4242 directus
909 4183 961 4243 est
978 4181 1013 4243 et

216 4281 251 4340 in
268 4278 463 4341 fortitudine
478 4276 616 4355 spiritus
629 4278 747 4340 sancti.
759 4279 1012 4358 accingensqne

217 4377 377 4439 cinctorio
402 4375 478 4438 fidei
505 4391 603 4437 renes
626 4391 704 4438 suos
725 4374 905 4437 roborabat
926 4375 1010 4438 bra·

135 4499 141 4520 ·
217 4474 351 4538 ellium.
374 4475 578 4535 armaturam
590 4471 639 4553 (2)
650 4473 714 4535 zeli
729 4473 843 4534 illius.
868 4472 1012 4535 dicebat·

217 4586 281 4648 que
294 4571 329 4631 in
344 4572 449 4631 corde
458 4587 529 4631 sno.
543 4574 568 4634 O
581 4572 610 4632 si
625 4587 678 4632 me
690 4572 883 4634 sanctorum
891 4572 1013 4648 marty-

217 4683 291 4729 rum
306 4682 441 4726 suorum
454 4682 576 4728 corone
592 4669 786 4754 participem
803 4667 875 4730 iore
889 4668 1011 4744 digna-

216 4768 309 4830 retur
321 4763 511 4826 Altissimus
527 4807 535 4823 .
552 4766 578 4827 O
593 4765 622 4825 si
645 4781 698 4827 me
715 4765 802 4827 flexo
814 4766 940 4843 poplite
951 4781 1011 4843 pro

217 4863 350 4926 nomine
373 4863 453 4925 Jesu
478 4862 564 4923 oolla
586 4851 781 4929 tendentem
800 4863 928 4924 lictoris
952 4864 1011 4924 in-

202 4957 348 5026 ''ueniret
381 4959 514 5036 gladius
542 5003 551 5020 .
579 4962 682 5021 Putas
716 4959 870 5021 uidebot
908 4963 1011 5022 Putas

216 5057 431 5122 iocunditatis
456 5056 538 5123 illud
561 5060 691 5133 tempus
705 5056 872 5134 implebol
893 5060 962 5120 Hec
978 5061 1012 5121 et

216 5158 269 5221 bis
284 5156 407 5217 similia
419 5155 540 5226 tacitus
553 5169 669 5226 secum
681 5154 889 5233 loquebatur.

255 5254 381 5316 Lectio
397 5256 432 5312 V.
448 5252 665 5314 Morabantur
678 5254 788 5313 autem
804 5251 919 5330 eodem
932 5253 1011 5313 tem·

216 5368 296 5438 pore
309 5366 375 5413 non
389 5350 519 5426 longea
534 5349 670 5411 ciuitate
680 5347 871 5410 Conimbria
886 5349 921 5410 in
936 5349 1010 5410 loco

216 5449 273 5527 qni
297 5450 433 5508 sanctus
456 5447 620 5519 Antonius
646 5445 857 5532 appellatur.
890 5445 1010 5508 tratres

253 5577 293 5641 tlt
314 5579 344 5634 ln
356 5591 423 5648 qun.
460 5627 462 5631 ,

252 5652 292 5723 qt)
312 5650 473 5704 Armatura.

1069 2233 1233 2392 01dLuelcttto.
1262 2333 1316 2391 VI.
1353 2329 1527 2392 Fratribus
1554 2329 1660 2406 igitur
1686 2326 1842 2397 letabunde

1069 2426 1340 2489 remanentibus.
1363 2427 1497 2488 domum
1520 2427 1620 2488 rediit
1649 2442 1764 2489 servus
1791 2423 1840 2485 liei
1921 2450 1923 2489 ς

1068 2525 1231 2586 Antonius
1244 2539 1345 2602 super
1359 2523 1488 2586 dictisa
1501 2525 1612 2601 priore
1626 2523 1790 2586 licentiam
1801 2537 1843 2598 pe·

1070 2621 1191 2683 titurus
1205 2622 1294 2693 .Qua
1309 2621 1466 2682 nimirum
1483 2621 1637 2698 precibus
1653 2622 1780 2683 extorta
1792 2619 1842 2680 ira·

1068 2721 1136 2781 tres
1151 2720 1306 2796 promissi
1320 2734 1386 2780 non
1400 2718 1612 2780 immemores
1636 2762 1645 2779 .
1663 2720 1761 2797 juxta
1774 2732 1842 2779 con·

1068 2815 1192 2878 dictum
1216 2816 1304 2878 facto
1328 2831 1427 2877 mane
1455 2816 1689 2879 conueniunt:
1714 2818 1749 2878 et
1773 2813 1843 2876 reli-

1068 2914 1178 2989 gionis
1192 2928 1253 2976 sue
1268 2913 1417 2976 habitum
1433 2913 1468 2974 in
1484 2914 1688 2975 monasterio
1709 2914 1781 2974 uiro
1796 2910 1844 2972 Dei
1922 2945 1923 2949 =

1069 3012 1163 3072 ocius
1176 3012 1372 3088 imponunt.
1396 3011 1489 3084 Quod
1504 3026 1579 3071 cum
1594 3009 1717 3071 iactum
1729 3008 1843 3070 fuisset:

1068 3125 1248 3170 accurrens
1264 3110 1399 3187 quidam
1415 3108 1456 3170 de
1470 3107 1630 3171 fratribus
1645 3124 1684 3170 ac
1696 3121 1845 3170 concano-
1922 3175 1923 3180 ἵ

1069 3208 1154 3268 nicis
1169 3209 1242 3283 ejus
1256 3206 1292 3266 in
1317 3205 1540 3268 amaritudine
1566 3205 1677 3268 cordis
1698 3203 1844 3283 loqueba·

1068 3305 1123 3365 tur
1136 3303 1250 3366 dicens
1267 3304 1381 3366 .Uade
1394 3303 1480 3365 uade
1502 3347 1510 3364 .
1534 3302 1612 3381 quia
1634 3301 1842 3365 sanctuseris.
1922 3341 1923 3376 3

1106 3401 1233 3463 Lectio.
1256 3404 1330 3462 Vll.
1341 3400 1389 3463 Ad
1406 3416 1503 3479 quem
1527 3415 1710 3462 conuersus
1729 3400 1782 3461 uir
1796 3395 1845 3459 Dei

1067 3499 1231 3564 Antonius
1245 3520 1253 3558 ε
1268 3497 1386 3559 humili
1407 3513 1489 3561 uoce
1515 3498 1708 3577 respondit.
1732 3497 1841 3558 dicens.
1922 3537 1923 3540 ,

1068 3597 1149 3657 Cum
1165 3611 1217 3657 me
1232 3597 1384 3657 sanctum
1396 3594 1467 3657 lore
1481 3595 1631 3657 audieris
1648 3639 1656 3656 .
1673 3597 1773 3657 Deum
1786 3592 1844 3654 col·

1067 3692 1246 3780 laudabis.
1269 3695 1309 3754 Et
1320 3692 1374 3753 bis
1398 3692 1496 3755 dictis
1517 3691 1639 3754 fratres
1653 3691 1756 3769 gradu
1770 3705 1842 3752 con·

1068 3790 1132 3852 cito
1148 3789 1280 3852 domum
1301 3790 1482 3867 properant
1506 3834 1515 3850 .
1539 3790 1609 3852 ete
1635 3788 1774 3866 uestigio
1793 3801 1842 3848 se·
1922 3831 1923 3862 3

1067 3890 1222 3965 quantem
1237 3902 1361 3949 nouum
1377 3887 1541 3964 hospitem
1556 3888 1591 3948 in
1608 3887 1791 3950 ostensione
1802 3899 1845 3945 ca·

1066 3985 1178 4046 ritatis
1194 3984 1400 4062 suscipiunt.
1423 3986 1547 4046 Uerum
1562 3984 1642 4063 quia
1657 3982 1843 4046 irruentium

1066 4082 1102 4142 in
1117 4097 1154 4143 se
1169 4083 1343 4159 pareutum
1356 4097 1493 4143 suorum
1504 4081 1664 4159 impetum
1674 4082 1731 4143 Dei
1741 4093 1844 4143 seruus
1922 4117 1923 4156 3

1068 4177 1267 4241 formidabat
1291 4223 1299 4240 .
1321 4179 1572 4256 requirenoium
1596 4194 1674 4241 eum
1697 4178 1845 4241 sollicitu-

1067 4276 1177 4339 dinem
1198 4277 1354 4354 sagacius
1370 4276 1540 4339 declinare
1555 4277 1749 4355 satagebat.
1771 4276 1844 4336 Nam
1922 4311 1923 4350 q

1066 4377 1100 4437 et
1114 4376 1240 4437 mutato
1256 4373 1442 4436 uocabulo.
1464 4374 1628 4436 Antonios
1643 4375 1715 4451 ipse
1728 4372 1785 4434 sibi
1796 4385 1845 4431 uo
1922 4413 1923 4444 q

1066 4487 1143 4533 men
1158 4471 1316 4548 imposuit
1334 4515 1342 4532 .
1365 4473 1398 4533 et
1412 4473 1556 4549 quantus
1571 4471 1667 4533 uerbi
1681 4471 1739 4533 Dei
1758 4481 1843 4547 preco

1066 4568 1197 4631 futurus
1210 4570 1299 4631 esset
1313 4612 1322 4628 .
1335 4568 1477 4646 quodam
1491 4569 1647 4645 presagio
1660 4564 1842 4645 designauit.

1066 4667 1229 4727 Antonius
1243 4666 1331 4727 enim
1346 4710 1354 4725 .
1372 4666 1468 4742 quasi
1481 4665 1548 4726 alte
1562 4666 1684 4728 tonans
1698 4665 1817 4728 dicitur.

1106 4765 1232 4825 Lectio.
1248 4767 1342 4825 Vlll.
1356 4765 1396 4825 nt
1414 4778 1533 4824 reuera
1556 4779 1625 4824 uox
1645 4765 1719 4826 eius
1734 4765 1766 4824 ut
1777 4758 1843 4823 tuba
1922 4761 1923 4818 l

1067 4863 1273 4923 uehemens.
1307 4861 1386 4938 quia
1411 4876 1486 4922 cum
1513 4861 1712 4937 sapientiam
1740 4860 1793 4922 liei
1812 4856 1839 4916 in

1067 4958 1226 5035 mysterio
1252 4958 1481 5020 absconditam
1503 4958 1592 5019 inter
1613 4958 1775 5035 perlectos
1796 4955 1840 5016 lo·

1066 5058 1223 5134 queretur
1237 5076 1244 5116 ε
1258 5055 1340 5118 talia
1354 5058 1387 5116 et
1401 5057 1468 5116 tam
1484 5055 1648 5132 protunda
1663 5055 1704 5119 de
1718 5054 1843 5131 scripto·
1922 5063 1923 5134 J

1066 5155 1113 5214 ris
1129 5153 1294 5215 intonuit.
1318 5155 1355 5214 ut
1368 5150 1421 5214 uel
1437 5168 1535 5214 rarus
1547 5168 1606 5229 pro
1620 5150 1842 5215 consuetudine
1922 5231 1923 5234 Ἴ

1065 5266 1166 5312 sensu
1190 5249 1238 5330 (3)
1264 5250 1468 5311 exercitatus
1484 5293 1491 5308 .
1509 5250 1764 5312 dissertudinem
1787 5248 1842 5308 lin·
1922 5261 1923 5296 i

1064 5351 1129 5424 gu'e
1144 5347 1251 5425 ipsius
1264 5347 1454 5424 intelligere
1471 5349 1592 5424 posset.

1104 5448 1230 5507 Lectio.
1254 5448 1315 5506 IX.
1344 5445 1475 5508 Sensim
1500 5461 1580 5522 ergo
1606 5448 1639 5508 et
1671 5461 1728 5523 per
1745 5444 1842 5508 incre-

1104 5575 1143 5648 (3)
1164 5576 1287 5633 Sensim.
