3950 6200
230 246 288 307 131

224 403 444 469 oreditoribus
462 406 727 468 Bononiensibus
749 405 959 485 fidejussorio
980 423 1020 470 ac

227 503 457 581 principaliter
476 503 648 580 obligaris,
669 504 785 565 eodem
800 507 837 566 (1.
858 505 894 567 10
908 506 1020 569 anima

222 617 290 669 sua
302 603 436 677 iurante
449 617 484 662 se
500 601 674 677 pecuniam
687 601 793 678 ipsam
806 603 938 664 statutis
952 606 1023 664 ter-

227 698 328 759 minis
343 697 540 770 soluturum,
558 699 634 775 quia
651 700 793 775 pecunia
807 701 880 776 ipsa
895 699 1020 761 eisdem

227 794 381 857 terminis
407 810 474 855 non
499 796 610 857 extitit
636 796 817 872 persoluta,
839 798 876 858 tu
899 796 1020 858 exinde

228 907 362 963 noxam,
385 891 438 953 331
458 894 570 954 001010
587 893 726 969 periurii
747 895 779 955 10
798 893 947 955 10310303
967 894 1023 954 10-

226 990 389 1060 currisse,
422 988 517 1050 nobis
549 989 721 1050 humiliter
749 990 956 1068 supplicasti,
985 991 1023 1051 01

228 1100 331 1162 super
349 1086 412 1147 hoc
431 1085 656 1157 conscientiae,
675 1087 708 1148 et
724 1086 820 1148 iamae
840 1090 905 1148 tuae
925 1086 1020 1147 salu-

228 1181 332 1244 briter
347 1181 521 1243 consulere
540 1182 764 1257 dignaremur.
781 1183 936 1245 volentes
951 1182 1020 1257 igi-

228 1280 283 1341 tur
301 1278 361 1341 tibi
376 1278 488 1340 taliter
499 1280 686 1355 prouidere,
703 1280 790 1356 quod
804 1280 938 1342 illorum
946 1283 1023 1357 jus-

224 1376 335 1439 titiam
349 1391 417 1439 non
431 1375 602 1448 laedamus,
617 1376 678 1439 tibi
692 1376 884 1453 luq‘usmodi
898 1391 1023 1439 noxam
1093 1436 1099 1449 ,

226 1471 430 1535 remittimus
453 1473 487 1534 31
518 1472 630 1534 notam
660 1472 920 1535 misericorditer
941 1471 1023 1535 abo-

226 1568 346 1642 lemus,
363 1569 538 1631 dummodo
549 1569 768 1633 creditoribus
786 1570 869 1647 ipsis
887 1570 1025 1633 salisia-

223 1666 311 1739 cias,
328 1668 364 1728 ut
377 1666 509 1728 1303113.
525 1668 643 1728 Datum
658 1669 826 1741 Laterani,
843 1666 941 1729 nonis
955 1681 1022 1728 no-

226 1758 385 1838 vembris,
399 1777 487 1825 anno
502 1763 687 1827 undecimo.

338 2098 391 2157 Aci
411 2099 640 2171 praepositum
658 2098 692 2158 ct
711 2097 915 2159 conventam

478 2187 768 2261 sacroue-penses.

498 2305 516 2363 3
528 2304 661 2364 novemb.
678 2306 757 2367 itio.

354 2418 543 2507 [Wirtcmhmg.
553 2419 679 2483 Urknnd,
692 2419 713 2481 l,
724 2418 780 2478 311,
791 2433 817 2470 n.
831 2418 899 2483 333]

265 2528 324 2587 Eos
333 2540 399 2584 cum
411 2527 543 2585 omnibus
557 2525 641 2583 bonis
652 2524 704 2584 sub
716 2525 792 2583 beati
806 2527 883 2584 Petri
894 2533 923 2584 31
936 2540 988 2585 sua

470 2605 646 2678 protectione
657 2605 784 2676 suscipit.

270 2721 438 2783 Honorius
449 2721 634 2798 episcopus,
645 2735 762 2782 331303
771 2735 942 2783 33130100
950 2719 1022 2792 Dei,

231 2817 361 2880 dilectis
376 2817 456 2879 111113
474 2817 652 2894 praeposito
672 2818 705 2879 et
722 2817 900 2880 conventui
917 2820 1025 2879 Rece-

231 2913 466 2991 burgensibus,
484 2913 636 2987 salutem,
652 2914 717 2975 etc.

273 3011 493 3072 sacrosancta
508 3013 658 3072 Romana
675 3009 823 3073 Ecclesia
842 3009 977 3075 devotos
992 3012 1026 3072 at

231 3108 376 3174 humiles
386 3109 473 3170 illios
483 3123 526 3171 ex
535 3110 678 3171 assuetae
686 3110 819 3185 pietatis
831 3109 941 3172 oiilcio
952 3124 1026 3185 pro·

232 3207 369 3285 pensius
383 3205 523 3283 diligere
541 3206 714 3268 consuevit
730 3207 774 3279 et,
790 3221 832 3268 ne
846 3222 1025 3284 pravorum

232 3304 405 3365 bominum
420 3297 582 3365 molestiis
597 3303 776 3378 agitentur,
795 3318 853 3364 eos
867 3304 1025 3381 tanquam

231 3400 288 3477 pia
303 3400 409 3462 mater
428 3415 496 3461 suae
516 3399 732 3476 protectionis
747 3399 930 3461 munimine
944 3416 1026 3463 con-

232 3496 357 3559 ierere.
378 3497 571 3573 eapropter,
594 3495 707 3558 dilecti
730 3496 766 3556 10
792 3497 932 3557 Domino
950 3495 1023 3569 dlii,

231 3595 353 3658 restris
363 3595 464 3671 justis
476 3592 756 3671 postulationibus
769 3593 865 3670 grato
879 3608 1024 3655 concur·

232 3693 345 3756 130133
359 3706 510 3764 0333030,
531 3705 692 3767 personas
705 3691 837 3752 3031103
851 3692 885 3753 01
903 3690 1025 3763 locum,

233 3788 268 3850 10
279 3804 344 3865 quo
356 3787 470 3848 313100
481 3788 562 3849 33113
574 3785 732 3863 obsequio
743 3786 934 3864 mancipati,
950 3802 1026 3849 cum

233 3884 385 3950 omnibus
396 3883 503 3956 bonis,
520 3899 593 3961 quae
606 3883 642 3944 in
655 3884 907 3960 praesentiarum
920 3884 1027 3945 10110-

232 3980 391 4042 nabiliter
417 3980 574 4057 possidat,
607 3979 722 4041 autin
753 3980 901 4042 futurum
925 3982 1026 4059 justis

232 4078 351 4152 modis,
367 4077 548 4155 praestante
562 4077 713 4149 Domino,
729 4077 852 4155 poterii
872 4078 1024 4156 adipisci,

233 4176 294 4242 sub
306 4175 396 4238 beati
416 4174 506 4235 Petri
524 4175 557 4236 ei
570 4175 684 4236 nostra
700 4175 903 4250 protectione
918 4176 1027 4237 susci-

232 4275 352 4352 pimus.
378 4271 576 4349 specialiter
598 4272 721 4344 001310,
746 4273 865 4344 terras,
888 4289 1026 4350 posses-

232 4372 344 4433 siones
363 4371 397 4432 et
417 4369 485 4431 alia
505 4368 592 4429 bona
607 4370 729 4442 uestra,
752 4368 839 4431 sicut
854 4385 895 4430 ea
914 4370 1026 4431 omnia

228 4469 330 4546 juste,
347 4465 507 4527 canonice
522 4481 561 4526 ac
575 4465 714 4543 pacifice
727 4465 915 4543 possidetis,
932 4467 1026 4530 vobis

233 4565 267 4628 31
294 4576 354 4646 per
377 4577 437 4624 303
465 4562 667 4623 monasterio
693 4563 1028 4626 nostraauctoritate

233 4658 422 4739 apostolica
433 4657 678 4729 confirmamus,
688 4659 721 4720 31
730 4661 903 4735 praesentis
912 4660 1027 4738 scripti

233 4755 420 4837 patrocinio
435 4753 688 4815 communimus.
706 4755 800 4816 Nulli
818 4770 898 4831 ergo
912 4756 1026 4817 homi-

233 4871 314 4918 num
325 4853 426 4915 liceat
439 4851 526 4913 hanc
540 4851 696 4928 paginam
714 4853 838 4913 nostrae
854 4853 1028 4915 conflrma-

232 4953 336 5016 tionis
347 4951 381 5013 31
392 4948 607 5027 protectionis
619 4947 814 5025 infringere,
827 4947 880 5010 vel
895 4950 926 5010 ei
941 4965 1028 5011 ausu

232 5048 411 5115 temerario
427 5046 604 5109 contraire.
623 5045 744 5123 Siquis
760 5047 869 5107 autem
888 5046 951 5108 hoc
970 5048 1027 5109 at-

232 5149 365 5211 tentare
383 5142 643 5222 praesumpserit,
668 5142 932 5219 indignationem
956 5159 1029 5205 om-

232 5242 414 5322 nipotentis
432 5241 503 5313 Dei,
526 5242 560 5303 et
579 5239 753 5304 beatorum
772 5239 865 5301 Petri
883 5242 916 5303 et
930 5240 1028 5303 Pauli

234 5340 459 5418 apostolorum
483 5340 567 5415 ejus,
593 5352 630 5399 33
651 5335 782 5400 0030111
801 5335 1026 5400 incursurum.

235 5438 354 5501 ilatum
367 5434 535 5507 Laterani,
548 5435 624 5497 viii
635 5433 712 5496 idus
725 5432 925 5507 novembris,
944 5451 1029 5513 pon-

235 5535 380 5597 titlcatus
394 5532 499 5594 nostri
514 5546 602 5594 anno
617 5530 802 5594 undecimo.

845 248 1020 313 HONORII
1042 254 1086 314 111
1107 254 1253 315 OPERA.

1455 418 1491 504 V

1095 568 1148 629 Ad
1161 569 1342 629 universos
1359 568 1616 643 maecenates
1630 569 1847 628 lubicensem

1332 696 1365 754 13
1377 695 1511 753 novemb.
1529 696 1609 754 1116.

1145 817 1401 882 mekbnburgbehes
1414 820 1537 878 Urknnd,
1551 821 1593 877 lli,
1606 818 1659 877 iffi,
1674 833 1701 868 n.
1717 819 1803 883 ΜΞ]

1105 944 1210 1000 Eorum
1225 941 1349 1000 familias
1365 951 1393 1000 31
1406 943 1482 1001 bona
1498 944 1551 1002 sub
1564 944 1641 1001 beati
1655 944 1731 1002 Petri
1745 951 1775 1000 31
1787 957 1842 1000 sua

1314 1032 1489 1103 protectione
1503 1033 1632 1105 suscipit.

1116 1147 1283 1207 Honorius
1291 1148 1475 1224 episcopus,
1486 1164 1603 1209 servus
1616 1163 1788 1209 servorum
1796 1147 1873 1217 Dei,

1077 1242 1207 1304 dilectis
1227 1243 1305 1304 filiis
1326 1244 1492 1306 universis
1511 1244 1752 1319 crucesignatis
1768 1244 1876 1304 Lubi-

1076 1339 1243 1409 censibus,
1263 1340 1402 1403 salutem
1420 1342 1454 1403 et
1465 1341 1691 1419 Apostolicam
1708 1340 1875 1402 benedic-

1076 1438 1211 1497 tionem.

1117 1536 1336 1596 sacrosancta
1351 1537 1500 1597 Romana
1520 1535 1667 1597 Ecclesia
1686 1535 1823 1596 3330103
1838 1536 1876 1595 01

1076 1629 1219 1691 humiles
1234 1646 1277 1692 31
1291 1633 1434 1694 assuetae
1448 1632 1581 1709 pietatis
1595 1631 1705 1694 0111010
1722 1647 1875 1709 propen-

1077 1726 1147 1787 sius
1159 1726 1298 1802 diligere
1312 1728 1495 1802 consuevit,
1507 1731 1551 1802 01,
1567 1744 1609 1791 03
1621 1744 1799 1805 pravorum
1812 1727 1874 1789 ho·

1077 1824 1202 1885 minum
1233 1824 1394 1886 molestiis
1415 1826 1594 1902 agitentur,
1624 1841 1683 1887 eos
1710 1827 1875 1902 tanquam

1076 1920 1132 1997 pia
1145 1921 1251 1982 mater
1269 1938 1338 1984 suae
1353 1923 1568 1998 protectionis
1583 1921 1767 1984 munimine
1786 1937 1874 1983 con·

1077 2017 1200 2078 lovere.
1222 2019 1301 2079 Cum
1323 2020 1427 2095 igitur
1441 2020 1512 2081 zelo
1533 2019 1610 2080 11331
1630 2036 1669 2082 ac
1684 2019 1874 2080 3030110013

1077 2116 1221 2188 accensi,
1246 2116 1341 2193 signo
1369 2117 1511 2178 riviticae
1544 2117 1654 2179 crucis
1686 2116 1871 2192 assumpte,

1011 2196 1016 2205 '
1077 2212 1315 2287 proposueritis
1338 2213 1374 2274 in
1394 2215 1505 2275 Terrae
1530 2214 1660 2274 Sanctae
1683 2211 1872 2273 subsidium

1078 2308 1254 2384 proticisci,
1280 2326 1351 2382 nos,
1377 2311 1500 2372 3331113
1524 2310 1678 2388 precibus
1705 2309 1876 2382 inclinati,

1077 2421 1250 2482 personas,
1275 2406 1419 2468 familias
1443 2406 1477 2468 et
1500 2407 1612 2468 omnia
1634 2405 1722 2467 bona
1745 2408 1875 2479 vestra,

1078 2519 1151 2579 quae
1172 2504 1477 2579 inpresentiarum
1498 2502 1743 2566 rationabiliter
1757 2505 1876 2580 possi-

1078 2598 1174 2672 detis,
1193 2599 1253 2659 sub
1265 2599 1353 2661 beati
1369 2601 1459 2661 Petri
1482 2602 1515 2663 ei
1532 2602 1647 2662 nostra
1666 2601 1879 2677 protectione

1078 2697 1287 2774 suscipimus,
1309 2698 1342 2758 et
1355 2698 1530 2774 praesentis
1549 2698 1664 2774 scripti
1685 2697 1878 2773 patrocinio

1078 2794 1334 2869 communimus3
1358 2795 1549 2866 statuentes,
1572 2796 1618 2866 ut,
1641 2798 1816 2870 postquam
1838 2793 1878 2856 in

1078 2891 1229 2968 proximo
1244 2890 1394 2967 generali
1411 2891 1566 2968 passagio
1583 2891 1647 2952 iter
1661 2890 1880 2966 arripueritis

1078 2988 1350 3059 transmarinum,
1367 2987 1472 3050 donec
1492 2987 1532 3048 de
1552 2990 1665 3049 303110
1688 2988 1799 3048 133110
1819 2988 1879 3050 331

1079 3083 1170 3147 obitu
1194 3085 1381 3147 certissime
1414 3085 1644 3163 cognoscatur,
1668 3084 1728 3146 sub
1757 3083 1881 3147 deien-

1079 3183 1173 3244 sione
1198 3183 1398 3259 Apostolicae
1423 3183 1517 3244 Sedis
1542 3198 1582 3243 aa
1606 3182 1718 3244 omnia
1741 3181 1877 3258 integra

1079 3281 1237 3342 maneant
1254 3281 1287 3340 31
1301 3280 1424 3356 quieta.
1442 3279 1535 3342 Nulli
1554 3295 1634 3356 ergo
1651 3280 1786 3342 omnino
1806 3279 1877 3341 110-

1079 3378 1204 3438 minum
1218 3377 1318 3438 liceat
1331 3376 1419 3438 hanc
1433 3378 1589 3454 paginam
1603 3378 1726 3438 nostrae
1740 3377 1879 3453 protec-

1079 3473 1180 3536 tionis
1190 3473 1384 3550 iniringere,
1399 3473 1881 3536 3310100301001310110000-

1079 3567 1249 3632 11011081
1271 3569 1345 3647 quis
1373 3572 1485 3632 autem
1505 3571 1569 3633 hoc
1597 3572 1761 3632 attentare
1787 3586 1882 3647 prae·

1080 3668 1269 3744 sumpserit,
1281 3667 1544 3743 indignationem
1554 3666 1790 3744 omnipotentis
1801 3667 1879 3740 Dei,

1081 3767 1114 3826 ct
1137 3764 1309 3827 beatorum
1335 3763 1428 3825 Petri
1453 3766 1486 3826 31
1521 3763 1617 3825 Pauli
1647 3763 1880 3841 apostolorum

1081 3866 1164 3940 ejus,
1181 3876 1217 3922 se
1235 3861 1366 3923 0033111
1384 3861 1609 3922 1000130100.
1632 3861 1751 3921 Datum
1770 3860 1880 3921 Late-

1080 3958 1165 4030 rani,
1182 3961 1257 4020 XVi
1272 3958 1432 4020 kalendas
1449 3957 1645 4031 decembris,
1662 3957 1882 4034 pontificatus

1080 4056 1187 4118 nostri
1201 4070 1288 4117 anno
1304 4055 1490 4119 undecimo.

1447 4242 1503 4328 vi

1133 4395 1185 4455 Ad
1203 4395 1435 4454 lemicensem
1449 4391 1483 4453 ct
1501 4394 1824 4468 Rccbcburconsem

1385 4492 1570 4563 episcopos.

1337 4618 1370 4676 13
1385 4617 1519 4675 novemb.
1537 4619 1616 4677 1113.

1153 4740 1409 4806 [Meklenburgisclres
1420 4742 1547 4801 Urkund„
1561 4741 1604 4801 iv,
1617 4741 1805 4808 13001031]

1081 4856 1131 4914 Eis
1144 4855 1310 4914 00030103
1324 4857 1489 4929 permittant
1499 4863 1530 4914 ut
1541 4856 1668 4914 universi
1682 4857 1885 4931 crucesignati

1117 4942 1300 5011 Lublcenses,
1316 4944 1365 5016 qui
1383 4952 1592 5017 proposuerunt
1606 4944 1636 5000 iu
1654 4945 1749 5001 131113
1764 4946 1886 5007 8000103

1116 5029 1274 5087 subsidium
1293 5031 1444 5104 proficisci,
1466 5039 1565 5089 contra
1590 5033 1773 5105 protectionis
1795 5034 1886 5096 Sedis

1116 5119 1287 5192 apostolica
1298 5127 1427 5178 tenorem
1439 5119 1475 5178 ab
1488 5119 1630 5194 aliquibus
1643 5120 1842 5180 molestentur.

1122 5245 1289 5309 Honorius
1299 5246 1486 5324 episcopus,
1495 5261 1611 5309 servus
1620 5260 1794 5308 serrorum
1804 5251 1881 5326 Dei,

1082 5341 1328 5405 venerabilibus
1344 5342 1501 5405 iratribus
1518 5340 1750 5422 [Brunwardo]
1775 5347 1883 5409 zuri-

1082 5438 1179 5499 nensi
1191 5440 1224 5502 et
1237 5437 1406 5520 [ilenrico]
1417 5439 1881 5521 Racbeburgausiepiscopis,

1083 5536 1223 5597 salutem
1239 5539 1271 5598 at
1283 5536 1504 5613 apostolicam
1518 5535 1794 5599 benedictionem.
