3950 6200
140 354 189 420 av

139 527 236 576 mrum
250 508 371 587 putent.
387 507 493 585 Atque
507 505 590 567 illud
605 508 657 589 est
674 522 802 574 verum,
819 504 906 583 quod

137 609 245 673 civitati
268 606 342 667 buic
364 604 530 666 maximus
553 604 659 666 honos
678 604 783 674 venit,
809 603 843 663 in
866 617 907 664 ea

138 707 207 769 tanti
221 704 325 765 Sancti
340 701 531 763 venerabile
548 717 669 777 corpus
685 717 771 762 esse.
786 702 906 762 Postea

134 818 212 875 vero,
225 817 282 863 nec
296 801 416 862 multos
431 799 473 860 ad
493 799 575 866 dies,
603 798 644 858 ad
657 797 871 860 reiectionem
887 812 907 859 e

135 915 213 961 nore
233 898 377 961 vocatus.
390 912 467 958 cum
490 895 713 958 discumberet
731 896 818 957 inter
832 893 906 955 lra-

133 1000 201 1069 tres,
215 994 273 1057 sibi
287 993 428 1056 delicere
442 994 532 1056 vires
552 993 668 1055 sensit.
698 992 822 1055 Deinde
842 991 906 1054 do-

134 1093 243 1156 loribus
256 1094 391 1170 repente
404 1092 523 1164 aucus,
548 1091 765 1167 languescere
786 1090 904 1166 magis,

133 1193 217 1267 atque
230 1190 332 1266 magis
356 1188 467 1266 coepit.
491 1191 602 1265 Ipsum
617 1187 750 1261 iratres,
767 1186 853 1264 qnod
871 1201 907 1248 se

129 1290 189 1365 jam
211 1287 372 1349 sustinere
398 1286 562 1363 nequiret,
590 1285 738 1346 brachiis
760 1283 923 1361 amplecs

134 1386 244 1456 tuntur,
267 1383 473 1460 eundemque
497 1383 683 1453 sublevant,
700 1398 740 1443 ac
755 1382 906 1459 paratum

132 1482 161 1543 iu
181 1481 329 1544 lectulum
356 1480 613 1559 haudquaquam
637 1482 755 1543 tenera
780 1481 905 1558 pluma,

132 1578 180 1641 sed
193 1594 253 1656 quo
265 1577 396 1640 solebat
415 1578 476 1650 uti,
498 1578 658 1640 stramine
671 1578 755 1640 duro
770 1576 905 1649 lactum,

48 1700 49 1709 ,
132 1675 238 1750 quanta
262 1674 403 1750 possunt
420 1672 606 1750 diligentia,
631 1675 665 1734 et
687 1672 826 1734 caritate
848 1686 906 1733 re-

47 1840 48 1845 *
131 1770 250 1846 ponunt.
274 1772 350 1848 Ipse
368 1771 490 1838 autem,
511 1784 553 1831 ne
571 1769 726 1832 valetudo
749 1768 907 1831 iratribus

131 1867 251 1928 molesta
271 1870 374 1940 esset,
400 1868 517 1929 statuit
538 1882 557 1928 e
576 1867 719 1929 consilio
740 1866 907 1929 sociorum

130 1965 258 2027 Paduam
282 1964 464 2042 proticisci.
491 1965 639 2042 Denique
663 1980 764 2026 curru
792 1965 907 2026 vectus

47 2082 48 2091 ¹
130 2062 333 2125 nonintravit
348 2063 529 2126 civitatem.
546 2062 689 2125 Divertit
712 2062 845 2140 quidem
865 2062 907 2123 ad

129 2159 353 2223 nonasterium
368 2159 469 2222 Cellas
492 2160 634 2235 veteris3
664 2159 697 2221 id
719 2160 907 2237 proximum

128 2257 240 2320 civitati
259 2259 333 2320 est:
351 2258 421 2319 tum
435 2258 472 2319 ut
487 2258 677 2320 remaneret
695 2273 770 2318 cum
788 2257 903 2320 iratri-

127 2353 178 2416 bus
188 2355 241 2433 qui
254 2355 286 2416 id
302 2355 408 2416 multa
422 2370 520 2433 prece
535 2355 766 2433 deposcerent3
788 2356 859 2417 tum
873 2355 909 2417 ut

128 2468 262 2529 pompam
276 2451 422 2530 fugeret,
448 2452 534 2530 quod
559 2453 685 2515 reditus
700 2453 752 2514 sui
769 2453 906 2529 pervul-

128 2552 192 2625 gata
205 2548 291 2612 lama
308 2550 444 2612 obviam
463 2550 528 2611 sibi
550 2551 668 2613 civitas
682 2551 752 2613 tota
765 2550 906 2612 veniret.

128 2646 263 2709 Fratrum
272 2647 334 2720 ibi,
352 2662 392 2709 ac
401 2647 594 2709 monialium
608 2650 807 2710 conventum
820 2648 907 2711 Ordo

125 2744 274 2807 llinomm
289 2744 447 2807 habebat.
462 2747 638 2808 Crescente
653 2749 764 2807 autem
779 2745 905 2818 dolore,

126 2844 222 2905 noster
246 2845 388 2906 sanctus
414 2845 641 2912 Sacramenta,
658 2843 706 2903 uti
725 2842 820 2921 jubet
839 2844 906 2905 Eo·

126 2939 225 3014 clesia,
245 2941 397 3003 mirabili
413 2940 567 3019 quadam,
592 2957 631 3002 ac
643 2957 745 3019 prope
760 2941 907 3003 incredi-

126 3035 175 3100 bili
187 3039 365 3103 devotione
380 3039 538 3117 sumpsit:
556 3038 697 3117 hymnos
710 3055 851 3118 quoque,
867 3055 906 3101 ao

125 3139 253 3213 psalmos
282 3153 362 3200 cum
385 3137 515 3200 caeteris
536 3137 577 3199 ad
601 3138 679 3200 vitae
703 3141 905 3215 postremum

44 3298 45 3301 ,
123 3236 372 3313 usquedixit.1n
388 3235 507 3297 coelum
519 3235 712 3297 verooculis
724 3235 908 3313 aspiciebat

44 3366 45 3371 κ
123 3331 205 3408 dxis;
220 3333 365 3412 proinde
377 3334 613 3410 interrogatus,
633 3334 711 3410 quid
726 3334 903 3411 aspiceret,

44 3452 45 3455 ¹
122 3432 277 3507 respondit
290 3434 413 3493 :Video
423 3434 631 3493 Delminum:
647 3433 716 3493 Nec
731 3431 827 3509 plura
843 3431 905 3493 :ad

120 3528 224 3590 celum
237 3529 340 3591 beata
357 3529 417 3590 illa
431 3528 544 3589 anima
557 3528 703 3590 evolavit
718 3528 830 3589 idibus
849 3531 908 3606 ju-

121 3623 186 3686 niis.
207 3630 278 3689 Hoc
298 3626 365 3688 luit
388 3640 477 3687 auno
500 3627 574 3702 post
601 3627 716 3687 uatum
737 3627 904 3687 Christum

121 3722 311 3786 dccxxxi.
338 3726 415 3801 Ipse
443 3738 524 3785 vero
548 3724 658 3785 astatis
681 3740 751 3786 suaa
782 3739 905 3785 aunum

120 3819 315 3895 trigesimum
329 3837 371 3884 ac
384 3821 514 3882 sextum
527 3820 656 3897 agebat.

152 3920 272 3997 Quippe
284 3919 397 3995 virgo,
405 3918 454 3980 uti
468 3919 578 3992 natus,
590 3919 637 3980 ita
648 3918 717 3981 vita
731 3917 907 3981 defunctus

120 4017 171 4076 est.
194 4017 293 4080 Color
320 4017 354 4079 ei
375 4016 535 4094 subniger
558 4016 631 4079 luit.
662 4017 802 4094 Hispani
827 4018 904 4094 qni-

119 4109 193 4186 dsm,
208 4115 297 4192 quod
314 4114 384 4177 sint
398 4114 526 4175 Mauris
538 4114 693 4191 proximi,
709 4114 820 4176 colore
833 4113 907 4177 sub·

118 4208 195 4285 nigri
207 4214 297 4274 sunt.
317 4213 452 4275 Statura
473 4227 554 4273 vero
579 4212 740 4273 mediocri
761 4212 823 4274 ltrit
837 4212 904 4273 mi-

118 4320 185 4383 nor3
194 4309 251 4371 sed
260 4309 491 4387 corpulentus,
499 4308 800 4387 atquebidropicus
811 4311 884 4371 erat
897 4331 904 4370 :

118 4399 330 4479 meletenuis,
353 4406 452 4484 atque
474 4406 628 4481 devotus;
650 4407 686 4469 ut
705 4407 762 4485 qui
777 4406 907 4469 videret

117 4499 225 4575 ipsum,
252 4504 358 4566 etlam
377 4519 445 4564 nun
466 4519 682 4580 cognoscens,
710 4504 818 4565 virum
840 4503 904 4566 bo-

117 4610 186 4659 num
197 4602 338 4677 aspectu
354 4600 437 4677 ipso,
452 4615 491 4661 ac
506 4603 658 4662 sanctum
673 4617 747 4663 esse
762 4603 903 4678 putaret.

116 4688 191 4753 Caro
213 4709 289 4765 sua,
314 4707 390 4771 quae
404 4693 438 4754 et
452 4692 565 4754 colore
581 4693 738 4765 naturali,
765 4694 813 4756 uti
828 4695 906 4756 sunt

117 4785 258 4865 Hispani,
275 4792 313 4852 et
325 4790 445 4867 grandi
465 4791 659 4852 austeritate
677 4792 766 4863 vitae,
787 4794 821 4854 et
840 4806 904 4852 va·

117 4881 254 4949 latudine
276 4886 439 4964 subnigra
464 4889 497 4949 et
520 4903 639 4965 aspera
662 4889 789 4951 viventi
803 4891 901 4961 esset,

115 4993 149 5041 ea
171 4999 250 5046 mox
276 4984 401 5061 spiritu
425 4981 547 5047 emisso
578 4986 818 5048 candidissima
840 4990 901 5059 est,

115 5079 372 5160 tractabilisque,
389 5098 429 5144 ac
444 5084 557 5145 suavis
570 5084 668 5146 iacta.
681 5086 796 5162 Neque
811 5100 904 5159 vero,

115 5177 147 5238 nt
157 5178 265 5242 solent
280 5181 416 5253 mortui,
438 5181 556 5255 oculis,
570 5185 629 5244 aut
643 5181 729 5242 facie
743 5182 905 5245 terrefac-

114 5275 162 5335 tus
173 5281 234 5348 est,
252 5276 315 5340 sed
329 5281 465 5355 aspectu
485 5279 584 5355 longe
604 5279 680 5356 plus
700 5279 799 5342 solito
814 5279 905 5342 hila-

116 5370 168 5442 ris,
188 5390 229 5437 ac
250 5376 432 5453 jucundus,
459 5380 495 5438 ut
515 5391 726 5455 nequaquam
741 5379 901 5447 mortuus,

114 5468 166 5530 sed
179 5473 311 5545 vivere,
323 5488 363 5535 ac
377 5474 549 5550 quiescere
562 5475 743 5537 videretur.
759 5478 828 5548 Quo
842 5492 904 5537 au-

114 5566 174 5627 tem
189 5569 359 5646 expiravit
377 5571 442 5643 die,
459 5572 574 5634 eodem
587 5573 659 5650 ipso
674 5574 770 5650 quasi
784 5574 902 5635 vivens

113 5662 226 5730 abbati
252 5668 470 5742 vercellensi,
491 5670 550 5748 qul
577 5670 692 5732 clausa
714 5672 749 5733 iu
770 5687 903 5736 camera

678 338 1002 409 paciscentium
1018 373 1059 390 -
1073 338 1182 405 vlit.

1693 342 1757 403 eso

961 502 1253 581 contemplaretur,
1279 517 1320 563 ac
1338 502 1431 564 solus
1455 501 1554 573 esset,
1582 502 1756 579 apparui-t3

962 601 1104 678 dataque
1128 600 1329 663 salutatione
1350 600 1391 661 ad
1408 614 1496 671 eum,
1518 601 1554 660 in
1569 600 1641 667 haec
1656 600 1758 661 verba

960 697 1092 760 locutus
1117 699 1167 760 est
1183 719 1190 758 :
1208 702 1261 760 lla
1275 699 1405 771 relicto,
1426 699 1547 771 Pater,
1569 700 1661 772 apud
1680 703 1756 759 Po·

960 797 1067 858 duom
1089 802 1210 870 mette,
1234 800 1279 857 ud
1306 798 1461 870 patruum
1484 809 1604 871 perpe.
1630 795 1756 857 Deinde

961 908 1063 955 manu
1079 895 1219 969 tangens
1242 895 1366 970 guttur,
1386 893 1507 969 ipsum,
1533 909 1632 970 quam
1658 895 1756 968 pate·

962 992 1066 1062 retur,
1080 991 1279 1067 aegritudine
1296 990 1460 1062 liberavit,
1474 994 1572 1066 atque
1587 989 1690 1052 veluti
1705 1006 1758 1052 ca·

961 1102 1054 1149 mera
1076 1102 1231 1164 egressus
1255 1086 1401 1149 evanuit.
1429 1086 1557 1164 Ubique
1575 1090 1685 1148 autem
1699 1102 1758 1164 per

961 1183 1107 1253 domum,
1140 1200 1180 1245 ac
1209 1184 1376 1247 civitatem
1410 1184 1606 1263 perquirens
1634 1184 1755 1257 Abbas,

962 1280 1049 1358 quod
1065 1284 1137 1358 ejus
1150 1282 1298 1344 amicitia
1314 1283 1473 1353 uteretur,
1493 1297 1532 1343 ac
1552 1283 1685 1359 putaret
1700 1283 1756 1360 lp·
1844 1276 1846 1287 ⁴

962 1394 1035 1438 sum
1051 1379 1086 1439 in
1102 1380 1298 1456 Hispaniam
1321 1378 1510 1456 proticisci:
1527 1395 1601 1441 oum
1623 1392 1685 1442 nec
1700 1380 1756 1458 ip-

962 1491 1047 1549 sum,
1066 1493 1126 1538 uec
1141 1477 1198 1554 qui
1213 1492 1289 1539 eum
1305 1476 1454 1549 vidisset,
1471 1477 1638 1539 inveniret
1647 1494 1758 1554 quem·

962 1589 1072 1649 quam,
1098 1574 1275 1646 intellexit,
1302 1576 1459 1637 Sanctum
1474 1576 1508 1636 et
1521 1575 1609 1636 diem
1634 1575 1759 1637 obiisse

963 1686 1070 1744 suum,
1087 1674 1120 1734 et
1130 1674 1299 1735 coelestem
1312 1671 1352 1733 ad
1369 1673 1512 1749 patriam
1526 1688 1716 1751 properare.

1004 1769 1127 1831 Paduae
1151 1771 1262 1832 autem
1283 1771 1422 1831 mortem
1442 1772 1526 1847 ejus,
1540 1786 1615 1831 cum
1637 1770 1757 1832 iratres

963 1869 1054 1929 metu
1077 1867 1299 1930 multitudinis
1315 1867 1532 1937 occultarent,
1551 1882 1757 1945 voxpuero·
1820 1914 1827 1927 .
1929 1848 1930 1917 j

963 1978 1038 2024 rum
1068 1964 1212 2042 undique
1243 1964 1409 2043 patefecit.
1445 1965 1506 2038 Qui
1547 1967 1636 2027 euim
1662 1967 1758 2043 pueri

962 2063 1060 2123 erant
1084 2061 1218 2135 Paduae,
1242 2062 1390 2125 universi
1414 2063 1527 2124 divino
1545 2079 1624 2125 reor
1637 2064 1759 2141 spiritu

964 2157 1105 2232 incitati,
1123 2160 1367 2238 quamprimum
1386 2160 1534 2230 ,excessit
1558 2161 1673 2233 avita,
1698 2176 1757 2238 per

964 2255 1080 2317 urbem
1104 2257 1254 2320 dolentes
1278 2259 1475 2320 catervatim
1501 2275 1567 2320 una
1590 2275 1671 2322 vooe
1686 2258 1758 2320 ola-

964 2352 1099 2416 mabant
1128 2375 1136 2415 ε
1161 2358 1253 2430 Heu,
1279 2360 1360 2430 beu,
1388 2358 1549 2418 mortum
1572 2358 1625 2418 est
1645 2358 1758 2419 Pater

962 2452 1121 2513 Sanctus.
1150 2455 1242 2526 Heu,
1278 2455 1440 2516 mortuus
1471 2455 1521 2515 est
1547 2455 1760 2529 prvoedlcalor·

962 2551 1125 2611 extantus.
1141 2552 1232 2624 Heu,
1254 2552 1415 2612 mortuus
1428 2552 1480 2613 cst
1494 2552 1635 2613 sanctus
1650 2552 1759 2614 Auto-

962 2648 1053 2706 nius.
1071 2647 1131 2708 ilis
1146 2646 1282 2709 vocibus
1298 2649 1480 2710 commotus
1496 2649 1648 2726 populus,
1663 2650 1756 2711 tanto

963 2756 1038 2803 cum
1060 2741 1207 2817 servore3
1230 2744 1372 2807 dixerim
1387 2744 1533 2808 fortasse
1548 2746 1660 2807 verius
1682 2762 1758 2808 cum

963 2837 1088 2913 lurore,
1127 2839 1168 2902 ad
1195 2841 1362 2903 mortuum
1391 2845 1549 2905 Sanctum
1577 2843 1754 2905 visendum

962 2937 1065 3010 venit,
1100 2938 1136 3000 ut
1163 2940 1385 3002 remanssisse
1417 2940 1453 3001 in
1481 2939 1617 3003 civitate
1652 2940 1758 3003 ferme

961 3033 1076 3096 nullus
1100 3034 1199 3097 homo
1222 3036 1401 3111 masculus,
1427 3053 1489 3100 nec
1510 3037 1644 3100 loemina
1662 3038 1759 3102 vide·

962 3133 1069 3196 retur.
1092 3134 1339 3197 Multitudinem
1370 3151 1436 3198 nou
1468 3137 1620 3214 capiebat
1645 3136 1753 3214 locus;

962 3246 1027 3307 quo
1043 3231 1164 3293 lactum
1180 3234 1240 3305 est,
1256 3234 1292 3296 ut
1308 3233 1364 3310 qui
1379 3233 1420 3295 ob
1435 3234 1642 3297 devotionem
1658 3235 1756 3297 adve-

962 3330 1096 3401 nerant,
1119 3329 1170 3390 illi
1195 3330 1259 3407 ipsi
1279 3330 1480 3407 perturbatis
1503 3332 1641 3406 animis,
1667 3332 1755 3409 quod

962 3425 1094 3502 praeire,
1129 3426 1260 3499 videre,
1292 3432 1430 3504 tangere
1473 3432 1601 3506 Corpus
1629 3431 1754 3506 Sancti,

961 3522 1021 3583 atii
1034 3525 1111 3585 ante
1124 3523 1209 3586 alios
1223 3526 1418 3594 niterentur,
1441 3526 1697 3605 indiscreteque‚
1719 3531 1756 3591 ut

962 3620 1050 3683 solet
1063 3621 1197 3698 vulgus,
1211 3638 1250 3684 ac
1266 3624 1400 3685 omnino
1417 3625 1552 3696 vellent,
1572 3626 1605 3687 et
1620 3626 1752 3702 pugnis,

961 3720 996 3780 et
1017 3719 1138 3796 gladiis
1160 3719 1367 3783 dimicarent.
1392 3723 1507 3801 Neque
1529 3740 1609 3785 vero
1622 3724 1755 3786 animos

962 3817 1170 3893 perturbavit
1183 3834 1312 3897 parum,
1329 3819 1414 3898 quod
1429 3821 1575 3883 civitatis
1590 3837 1669 3899 pars
1690 3822 1754 3884 de·

961 3912 1050 3976 lerre
1063 3916 1171 3993 ipsum
1186 3918 1222 3978 iu
1235 3916 1363 3990 urbem,
1379 3920 1412 3981 et
1424 3919 1459 3979 ln
1474 3935 1539 3997 qua
1551 3936 1640 3981 utrae
1650 3923 1752 3999 jacet,

962 4013 1105 4075 ecclesia
1119 4015 1250 4077 Sanctae
1263 4016 1535 4094 blariaesepelire
1545 4038 1553 4077 ε
1565 4033 1645 4094 pars
1664 4019 1757 4080 nullo

962 4111 1058 4187 pacto
1082 4112 1220 4183 moveri,
1243 4112 1301 4174 sed
1331 4130 1394 4191 qua
1424 4116 1523 4190 esset,
1548 4116 1584 4175 in
1612 4117 1756 4179 ecclesia

962 4207 1062 4270 Cellae
1072 4210 1166 4271 extra
1178 4211 1300 4272 moenia
1312 4225 1486 4274 remanere
1498 4212 1631 4274 vellent.
1644 4215 1691 4274 lta
1701 4229 1756 4291 pa-

960 4306 1045 4367 ratis
1068 4307 1356 4384 utrimque-armis
1378 4309 1496 4371 civitas
1518 4311 1587 4372 tota
1609 4312 1756 4374 maximo

960 4403 1006 4462 in·
1019 4403 1174 4478 tumultu,
1197 4419 1237 4466 ac
1261 4405 1408 4482 periculo
1424 4422 1543 4484 pugnae
1562 4407 1635 4470 luit.
1663 4409 1758 4486 Opti·

960 4503 1067 4562 mates
1087 4516 1178 4573 vero,
1204 4503 1238 4564 at
1263 4502 1319 4580 qui
1334 4503 1525 4581 prudentes,
1542 4521 1582 4568 ac
1595 4506 1661 4567 viri
1676 4507 1755 4569 boni

960 4599 1068 4672 erant,
1084 4598 1183 4660 simul
1198 4615 1272 4661 cum
1287 4602 1461 4678 potestate,
1478 4618 1517 4665 ac
1534 4604 1694 4682 episcopo
1705 4622 1758 4668 re-

960 4694 1132 4758 sistebant.
1159 4697 1284 4760 civitas
1306 4698 1442 4776 quidem
1471 4700 1576 4763 libero
1601 4703 1636 4764 in
1665 4706 1755 4766 statu

959 4792 1043 4858 erat,
1061 4807 1122 4853 nec
1137 4793 1278 4871 imperio
1294 4795 1406 4868 ullius,
1424 4799 1487 4859 aut'
1500 4798 1670 4860 dominatu
1683 4814 1756 4875 per·

959 4890 1069 4966 petuo,
1082 4891 1138 4952 sed
1156 4892 1407 4968 magistratibus
1420 4895 1552 4969 annuis,
1568 4896 1601 4957 et
1613 4895 1754 4959 consilio

959 4986 1093 5063 publico
1118 4988 1306 5066 regebatur.
1333 4993 1483 5053 Potestas
1504 5007 1584 5054 vero
1597 4994 1665 5054 tum
1681 4997 1755 5057 erat

960 5084 1083 5147 Paduae
1098 5086 1263 5149 (infredus
1285 5090 1485 5149 Luciuorum
1508 5106 1527 5151 e
1543 5089 1669 5152 familia
1685 5092 1754 5152 Gu-

959 5199 1079 5244 manus
1105 5184 1200 5248 civis.
1225 5187 1286 5258 Qui
1312 5188 1422 5247 autem
1437 5187 1613 5263 episcopus
1628 5189 1711 5259 erat,
1724 5190 1753 5251 is

957 5281 1102 5344 Jacobus
1117 5283 1250 5344 nomine
1262 5283 1456 5354 vocabatur,
1474 5283 1604 5360 origine
1620 5285 1751 5362 quidem

959 5379 1154 5451 Paduauus,
1180 5380 1237 5441 sed
1262 5379 1410 5458 plebeius
1434 5381 1534 5453 civis,
1560 5381 1681 5444 litteris
1707 5386 1755 5446 ta-

958 5491 1045 5548 men,
1072 5492 1261 5539 aemorum
1284 5479 1505 5540 sanctimonia
1529 5481 1752 5544 venerandus.

958 5575 1108 5651 Denique
1131 5577 1224 5638 tanto
1247 5576 1283 5637 in
1307 5576 1438 5639 turbine
1453 5577 1572 5640 civitas
1589 5578 1754 5657 judicium

957 5674 1007 5735 rei
1022 5672 1122 5751 liujus
1135 5673 1177 5736 ad
1191 5674 1386 5753 episcopum
1398 5675 1525 5739 detulit.
1543 5679 1575 5738 Is
1589 5693 1670 5741 vero
1680 5678 1755 5756 pla·
