3950 6200
107 389 124 448 s
639 389 839 460 normula
859 392 914 458 an
934 390 1167 456 awanam.
1702 392 1723 450 a
1803 345 1805 348 ’

105 546 156 610 loo
177 545 321 608 edentia
339 545 450 610 lumen
481 547 628 616 inlesum
645 571 653 611 ε
669 549 801 632 quippe,
834 549 872 613 ut
923 548 1144 618 randissimus
1164 549 1278 628 ,peter
1308 550 1480 625 Benignns
1515 547 1718 623 aennensis,

105 643 224 705 marn
245 646 491 718 Bonavenrsra,
512 662 588 712 cum
616 663 741 724 paucas
771 647 868 712 litte-
923 647 1029 720 nostri
1074 647 1220 716 sodalitii
1263 647 1493 725 primicerius,
1533 646 1720 712 communis

104 756 149 802 ras
169 740 271 814 sciret,
295 742 501 818 postmodum
525 744 561 808 in
584 745 706 812 litteris
730 744 873 823 proiecit
923 740 1030 804 nostri
1050 739 1129 808 boni
1145 741 1179 804 ot
1199 739 1336 802 honoris
1355 739 1479 804 ardeus
1498 740 1633 811 zelator,
1651 740 1720 801 im-

103 837 268 912 murdim,
297 855 364 902 non
392 840 500 904 solum
523 842 662 917 orando,
688 843 747 908 sed
768 842 869 908 etism
924 838 1031 914 posito
1039 840 1205 916 praecepto
1220 838 1253 899 ot
1263 838 1441 902 commissa
1451 837 1627 916 provincia
1636 837 1721 899 cele·

103 934 229 1010 legando.
923 934 1053 1002 briones
1075 935 1183 1002 nosci
1195 935 1341 1004 nominis
1355 935 1457 1007 virus,
1473 951 1614 1012 quorum
1627 949 1719 1018 prae-

132 1033 210 1104 Quod
228 1033 358 1111 legebat
371 1036 568 1115 quandoque
582 1038 618 1100 in
632 1039 738 1104 sacris
752 1037 869 1114 nona,
924 1033 1053 1098 sentior
1069 1032 1157 1098 lama
1176 1048 1276 1112 quam
1291 1033 1426 1112 scripta,
1442 1049 1516 1112 quae
1536 1032 1570 1093 in
1586 1033 1721 1108 angulis

103 1133 128 1194 et
149 1131 224 1207 quod
248 1134 353 1198 sema
376 1135 488 1200 animo
509 1136 871 1213 injeceratteneciter
924 1129 1718 1216 amputatoquedelitescunt,ablattisclareia,

102 1228 870 1312 inprimebatmemorise(l).Humanioresetiem
924 1243 944 1288 a
963 1227 1101 1304 pulvere
1124 1230 1158 1292 et
1178 1228 1337 1305 temporis
1358 1219 1484 1306 injuria
1506 1227 1717 1310 vendicandi,

102 1325 205 1390 litteras
220 1329 423 1406 juvenculus
448 1331 596 1396 audiere
614 1331 786 1403 sonavit„
806 1347 870 1394 aa.
924 1323 1067 1388 Difficile
1082 1324 1161 1388 licet
1172 1326 1205 1387 et
1217 1325 1420 1390 laboriosum
1431 1324 1494 1386 hoc
1505 1328 1723 1408 praeceptum,

102 1437 213 1500 rumque
225 1426 408 1504 aliqualem
420 1429 627 1512 comparavit
640 1428 805 1500 notitiam,
821 1430 870 1496 ita
924 1421 1007 1486 mibi
1033 1421 1140 1488 ratem
1166 1424 1320 1500 gratum:
1335 1421 1603 1504 nibilenimtam
1626 1421 1721 1498 dens,

102 1521 129 1582 nt
141 1522 257 1590 amero
268 1526 305 1588 et
319 1525 464 1602 simplici
480 1527 626 1602 potuerit
640 1541 782 1592 exarare
796 1543 870 1594 aar·
924 1518 1050 1591 deravi,
1073 1535 1172 1597 qnam
1198 1522 1235 1584 ut
1256 1522 1393 1584 nomina
1421 1520 1634 1602 eorumqui
1659 1534 1722 1584 ros

102 1631 185 1690 ncnc,
207 1637 279 1697 pue
294 1622 473 1690 orendoet
497 1623 638 1700 tegendo
666 1624 871 1701 percipiebat
924 1618 1176 1694 praecesserunt,
1207 1619 1241 1679 et
1265 1633 1406 1698 quorum
1431 1617 1564 1686 labores
1588 1619 1721 1682 nmmos

102 1717 238 1791 ursaria.
254 1720 446 1797 Undeargo
461 1720 522 1786 tihi
544 1721 647 1797 digna
675 1722 867 1795 admirata),
923 1713 1066 1780 fulciunt
1084 1718 1117 1776 et
1143 1717 1268 1794 augent
1290 1715 1448 1790 honores,
1461 1715 1577 1780 sintin
1591 1730 1721 1778 memo-

101 1813 421 1887 qnodltraneiscusax
433 1818 614 1902 scriptura
625 1834 713 1896 ppnu
727 1819 869 1886 humilia
923 1812 977 1874 ria
989 1813 1134 1888 aterum
1150 1813 1280 1891 et-qnod
1297 1813 1332 1880 in
1345 1812 1503 1878 Ecclesiae
1523 1812 1719 1896 obsequium

100 1911 124 1972 et
140 1912 318 1989 spiritualia
347 1917 585 1995 conscripserit
610 1918 794 1995 opuscula.
812 1917 869 1996 opi
923 1909 1130 1984 laborarunt,
1146 1911 1185 1974 in
1201 1910 1367 1989 publicam
1386 1913 1420 1983 ct
1439 1913 1636 1992 praesentem
1652 1914 1719 1976 Ec·

100 2008 247 2086 Scripturas
264 2014 439 2076 doctorem
459 2015 602 2078 babebat
616 2016 651 2077 in
674 2017 794 2088 mente,
810 2017 868 2093 qui
923 2007 1035 2068 clasiae
1050 2008 1346 2070 cedatutilitatem.
1366 2011 1467 2070 Facta
1487 2009 1718 2071 mihiestam·

98 2107 868 2191 rauonrstuurumaupunxn,setempuaonne
923 2104 1090 2181 procopia
1109 2106 1718 2182 pluraabmarasctbibliotnocasin

97 2205 258 2277 preteribat
273 2208 400 2287 absque
422 2209 583 2271 lectionar
602 2213 738 2272 omnem
752 2227 867 2273 remo.
923 2200 1011 2262 Urbe
1021 2203 1157 2264 etenira
1168 2202 1289 2263 Urbem
1300 2203 1430 2265 visendi
1445 2205 1478 2265 et
1487 2205 1673 2276 evolvendi,
1686 2207 1720 2265 et

97 2299 166 2362 vebis
180 2305 387 2382 scrupulum,
412 2306 446 2369 et
460 2307 620 2369 admirari
635 2308 794 2380 cessabis,
811 2309 867 2386 qni
922 2299 1046 2375 passim
1061 2298 1182 2376 ubique
1197 2299 1426 2371 Occurrehant
1436 2300 1717 2377 quiamplissimae

97 2396 231 2462 lancisa
251 2403 392 2480 spiritus
407 2419 474 2466 non
484 2419 621 2481 prorsus
628 2405 778 2480 ignarus,
792 2405 867 2481 ipsa
922 2396 1030 2458 cnivis
1051 2396 1206 2473 religioni
1228 2398 1310 2460 satis
1325 2399 1462 2473 possent
1476 2397 1595 2460 honori
1608 2400 1642 2459 et
1656 2414 1716 2459 or-

96 2494 229 2570 opuscula
242 2516 390 2561 cumsuo
401 2500 583 2563 contuleris
592 2505 738 2563 auctore.
750 2503 864 2575 Plane,

96 2591 197 2666 attint,
212 2598 289 2675 ipse
305 2613 402 2675 quem
418 2600 572 2662 emittunt
584 2600 749 2676 spiritum,
765 2601 868 2661 Frau-

95 2685 215 2751 cisranns
246 2693 319 2766 est;
336 2693 446 2769 ipsum
470 2693 599 2770 spirant
622 2695 864 2756 Franciscum:

95 2784 118 2843 et
130 2784 152 2844 si
164 2786 249 2850 bunc
266 2788 382 2850 loetum
406 2789 506 2852 alteri
530 2790 749 2868 adscripseris
766 2792 864 2869 patri,

95 2879 276 2947 ulnarinus
309 2886 501 2964 apparebit3
522 2890 551 2949 si
574 2889 765 2961 Francisco,
787 2904 865 2952 vere

93 2981 241 3056 anninus,
260 3000 339 3045 vere
353 2984 533 3060 legitimus.

119 3077 189 3142 Nori
201 3083 238 3144 te
260 3081 428 3144 curiosius
441 3083 550 3147 adhuc
562 3084 648 3148 scire
662 3083 761 3158 velle,
778 3084 865 3146 tande

91 3178 147 3248 post
165 3178 297 3256 integra
318 3180 441 3242 saecula
457 3181 539 3242 mihi
555 3182 627 3243 baso
642 3185 748 3260 Opera
764 3182 863 3244 colli-

44 3280 45 3289 ’
90 3273 168 3345 mum
184 3278 218 3339 et
230 3277 424 3339 illustrandi
449 3279 586 3356 irrepsit
603 3280 760 3352 studium,
777 3280 863 3357 quod

90 3381 135 3430 nec
155 3374 272 3436 Patres
297 3375 416 3447 nostri,
437 3391 499 3437 nec
519 3376 637 3437 horum
652 3378 863 3453 antesignani

44 3492 46 3521 r
90 3463 138 3527 tan
155 3473 249 3532 vasto
262 3472 423 3549 temporis
450 3474 560 3536 tractu
584 3476 661 3536 sunt
688 3475 860 3551 aggressi:

44 3632 45 3635 Ἴ
92 3562 863 3641 Dicamsincere,meumhocconamaninFran-

89 3658 159 3735 cisai,
173 3665 206 3725 si
219 3682 291 3744 quae
306 3670 368 3740 est,
384 3666 528 3741 laudem,
546 3668 588 3730 ah
603 3669 746 3731 aliorum
770 3670 862 3732 vitu·

44 3802 45 3807 1
89 3761 204 3831 pandi
232 3764 342 3825 studio
371 3766 553 3842 sumpsisse
574 3767 758 3829 exordium.
780 3769 861 3828 Cum

88 3855 264 3921 enuscioli
279 3860 425 3938 quidam,
452 3878 513 3924 suo
539 3863 712 3926 dumtaxat
733 3864 860 3942 jndicio

90 3954 197 4017 ceteris
217 3958 448 4035 sapientiores,
470 3961 566 4023 nobis
580 3960 811 4039 objicerentin
823 3978 861 4023 re

44 4070 45 4131 3
92 4044 229 4115 litteraria
244 4054 415 4132 ignaviam
438 4058 472 4120 et
491 4058 705 4135 imperitiam,
721 4074 860 4136 eamque

44 4164 45 4203 1
91 4146 174 4209 veluti
186 4150 400 4216 haereditario
420 4155 598 4231 opprobrio
613 4154 654 4217 ah
670 4156 860 4218 institutore

91 4246 261 4319 censitam
284 4250 482 4328 adiicerent,
503 4252 594 4313 volui
609 4253 650 4314 ob
665 4252 779 4314 oculos
794 4270 858 4330 po-

91 4350 154 4401 nere
176 4344 272 4423 anus
297 4349 405 4409 sancti
427 4348 492 4410 viri
513 4348 710 4421 doctrinam,
736 4365 857 4427 exque

44 4448 45 4451 ’
93 4440 192 4503 nnat
216 4459 283 4505 non
313 4446 381 4506 tam
409 4446 570 4518 nescium,
599 4463 698 4524 quarn
729 4447 856 4521 volunt,

92 4529 180 4609 snam,
202 4556 262 4602 nec
283 4541 431 4603 studium
445 4542 634 4605 litterarum
654 4545 724 4606 suis
739 4560 858 4606 exem·

92 4627 350 4710 pleinterdixisse‚
365 4638 423 4700 sed
435 4641 659 4716 consuluisse3
674 4642 781 4704 imoet
790 4644 858 4704 tam

92 4723 211 4794 clereex
224 4735 353 4812 Regula
379 4738 637 4815 proscripsisse,
665 4740 702 4800 ut
729 4745 859 4803 asserat

92 4820 294 4894 Bonarentura
321 4831 381 4911 (2),
400 4849 444 4895 ex
467 4836 594 4911 Regula
623 4839 747 4913 patere,
771 4838 856 4914 quod

93 4915 246 4989 Minoribus
271 4945 315 4990 ex
338 4930 524 4992 intentione
544 4935 581 4993 B.
606 4933 777 4995 Francisci
798 4934 856 4994 in-

94 5018 191 5083 enubit
202 5025 332 5088 studere
345 5043 353 5099 ;
367 5029 403 5090 et
415 5028 501 5104 quod
517 5029 620 5089 nullis
632 5030 711 5091 aliis
725 5030 858 5106 religio·

95 5108 128 5171 sis
138 5116 200 5190 plus
213 5124 369 5201 competit
382 5125 577 5201 praedicare,
592 5141 635 5186 ex
644 5127 774 5189 ratione
788 5129 858 5189 sta·

93 5204 136 5364 211ss
150 5217 205 5287 sni,
227 5235 325 5296 quam
340 5220 394 5282 liis
409 5222 465 5299 qui
485 5221 573 5283 lianc
595 5223 756 5299 Regulam
776 5241 857 5301 pro-

136 5312 211 5373 ntur.

122 5403 262 5475 rumare
278 5416 390 5476 autem
410 5431 520 5477 meum
534 5419 739 5495 propositum
754 5434 856 5481 reve-

119 5556 240 5652 lli-idem
260 5571 287 5627 iu
309 5574 429 5646 legen,
448 5588 474 5629 c.
490 5575 534 5646 ll,
551 5575 580 5631 iu
602 5576 691 5648 princ.
709 5575 855 5647 indideru3

92 5640 112 5684 r.
125 5633 184 5696 l,1u
196 5643 306 5725 princip.

44 5770 46 5827 i
119 5703 154 5773 ti)
170 5707 267 5768 Bonan
278 5729 308 5770 vn
320 5728 395 5783 cu,
413 5715 530 5789 Regulo
544 5716 571 5788 Ξ,
584 5716 612 5773 iu
629 5716 694 5774 line.

44 5844 46 5863 t

921 2495 1089 2556 ramento.

959 2592 1715 2670 Acapiteautemincipiendumduxi,etipsum

920 2688 1155 2751 illustrandum
1181 2691 1408 2762 Franciscum,
1429 2706 1449 2751 a
1473 2704 1538 2766 quo
1561 2690 1714 2751 illustre-

921 2801 995 2847 mur
1008 2788 1120 2859 etnos,
1132 2789 1165 2849 et
1175 2803 1194 2848 a
1206 2804 1270 2865 quo
1285 2788 1325 2849 ad
1342 2804 1420 2849 suos
1433 2787 1592 2849 doctrinae
1603 2787 1717 2864 splen-

920 2883 981 2944 dor
1004 2884 1193 2947 descendat.
1224 2884 1387 2946 Laboravi
1412 2886 1448 2945 in
1469 2886 1712 2962 investigando,

919 2981 1070 3044 laboravi
1089 2983 1123 3045 et
1138 2982 1173 3044 in
1191 2982 1389 3045 illustrando
1407 2998 1480 3061 quae
1500 2982 1712 3059 investigavi.

920 3080 1085 3152 Quasdam
1108 3081 1196 3142 enim
1219 3080 1271 3142 vel
1292 3079 1459 3142 obsoletas
1482 3080 1536 3142 vel
1552 3079 1713 3142 barbaras

918 3193 1017 3239 voces
1042 3179 1231 3254 exprimere
1254 3179 1410 3254 oportuit,
1435 3178 1521 3239 alias
1543 3178 1585 3239 ad
1607 3179 1713 3239 nostri

918 3275 1019 3353 hujus
1044 3276 1204 3352 temporis
1229 3274 1495 3337 fundatissimam
1510 3276 1712 3352 theologiam

918 3388 1128 3449 componere,
1141 3373 1311 3435 variorum
1325 3368 1464 3450 insuper
1476 3373 1627 3436 codicum
1638 3389 1714 3435 con-

917 3470 1067 3542 cordare,
1084 3469 1136 3531 vel
1152 3472 1188 3531 ut
1202 3471 1376 3531 minimum
1394 3470 1577 3542 insinuare,
1595 3471 1712 3532 diver-

916 3583 971 3629 sas
986 3568 1149 3629 lectiones
1164 3569 1197 3629 et
1209 3568 1250 3629 ad
1264 3569 1380 3644 Operis
1394 3568 1614 3645 splendorem,
1628 3569 1712 3630 Lec-

915 3665 999 3728 toris
1016 3665 1191 3728 utilitatem
1203 3666 1391 3728 restituere.

955 3763 1067 3825 Nolim
1078 3763 1333 3825 autemuesidiae
1349 3765 1407 3825 aut
1421 3763 1560 3825 incuriae
1575 3765 1707 3825 nostros

915 3861 1082 3939 quispiam
1120 3861 1252 3923 incuset
1284 3861 1470 3923 anteriores
1499 3861 1706 3934 consodales,

915 3959 1001 4035 qnod
1023 3959 1058 4019 in
1074 3958 1163 4019 hunc
1175 3975 1279 4035 usque
1294 3958 1382 4021 diem
1394 3958 1482 4020 hanc
1501 3958 1711 4035 neglexerint

914 4055 1157 4118 collectionem.
1191 4056 1331 4128 Etenim,
1368 4058 1589 4132 praeterquam
1624 4055 1710 4131 quod

914 4153 1073 4229 quidquid
1087 4153 1142 4214 hic
1157 4168 1218 4228 ego
1233 4152 1387 4214 omnibus
1407 4153 1522 4222 offero,
1545 4153 1581 4213 in
1596 4167 1709 4213 rerum

913 4253 1103 4314 nostrarum
1119 4251 1330 4312 monimentis
1348 4251 1497 4312 notatum
1510 4250 1707 4322 invenerim,

913 4348 1091 4426 primaevos
1122 4346 1199 4408 illos
1225 4349 1357 4409 nostros
1380 4348 1492 4424 patres
1518 4347 1591 4423 plus
1616 4349 1709 4424 operi

912 4446 1094 4507 indulsisse
1106 4444 1335 4521 responderim
1350 4460 1448 4521 quarn
1460 4445 1599 4516 calamo,
1618 4447 1652 4507 et
1671 4445 1708 4508 in

912 4543 1041 4619 agendo
1056 4542 1130 4620 plus
1145 4557 1255 4617 operae
1280 4558 1378 4619 quarn
1397 4543 1432 4602 in
1453 4542 1628 4604 scribendo
1643 4560 1708 4621 po-

912 4641 1033 4711 suisse,
1046 4656 1120 4701 cum
1134 4640 1245 4717 iisque
1259 4640 1418 4712 sensisse,
1433 4640 1616 4718 quiveram
1629 4642 1707 4718 phi-

912 4737 1097 4814 losophiam
1110 4753 1177 4798 non
1189 4735 1303 4809 verba,
1321 4738 1378 4799 sed
1394 4754 1448 4799 res
1463 4740 1581 4815 putant
1596 4738 1655 4818 (3),
1674 4740 1706 4800 et

911 4836 1007 4897 illum
1019 4834 1083 4895 sibi
1094 4836 1250 4897 statuisse
1263 4835 1413 4896 ordinem
1428 4835 1578 4907 docendi,
1596 4838 1632 4897 ut
1646 4836 1705 4896 alii

911 4932 1099 5005 verborum,
1120 4932 1171 4993 illi
1185 4947 1265 4994 vero
1287 4948 1398 4993 rerum
1414 4933 1561 5009 magistri
1586 4933 1705 4993 merito

911 5029 1105 5091 dicerentur
1120 5026 1178 5107 (4).
1200 5030 1270 5091 Nec
1294 5028 1414 5090 obinde
1437 5030 1545 5090 Patris
1567 5028 1703 5099 monita,

911 5127 1117 5188 salutariave
1135 5125 1372 5202 haecdogmata
1388 5125 1577 5202 neglexisse
1590 5126 1706 5187 dicen-

911 5224 956 5292 di,
981 5225 1059 5300 quia
1084 5223 1125 5284 ad
1141 5223 1273 5284 modum
1289 5225 1582 5301 Pythagoraeorum
1597 5223 1703 5286 disci-

912 5320 1064 5399 pulorum
1079 5311 1270 5383 memoriter
1282 5324 1431 5383 tenentes
1443 5322 1606 5398 praecepta
1622 5325 1702 5385 Doc

910 5419 1006 5491 toris,
1020 5419 1156 5495 ingenio
1171 5434 1231 5495 pro
1250 5418 1346 5479 libris
1365 5419 1552 5481 utebantur.
1574 5419 1621 5480 Ad
1642 5423 1704 5482 Sa-

946 5576 989 5720 }3)
1009 5578 1126 5645 Plator,
1135 5579 1212 5635 Oret.
1222 5591 1242 5645 r,
1253 5579 1294 5633 De
1306 5579 1371 5634 virt.
1384 5578 1521 5635 Alexand.
1533 5588 1595 5651 post
1610 5581 1700 5663 princ.

960 5649 989 5775 l?
1005 5647 1092 5721 Aug,
1106 5649 1124 5704 l.
1135 5651 1172 5714 ll,
1185 5647 1221 5705 de
1233 5647 1348 5717 Ordine,
1360 5664 1386 5706 c.
1402 5651 1446 5718 lt),
1461 5657 1530 5706 tom.
1545 5653 1566 5707 1.
1584 5653 1701 5713 lireroo.

910 5720 973 5792 Apo
984 5734 1032 5792 og.
1045 5719 1157 5777 advers.
1174 5720 1277 5776 numu.
1295 5728 1352 5776 aut.
1370 5723 1429 5790 lin,
1443 5728 1510 5777 ttrln.
1524 5723 1559 5779 ll.
