3950 6200
106 293 160 357 145

106 453 246 526 rucuma,
274 467 341 515 nos
363 450 606 516 venerabilibus
624 449 782 514 tratribus
803 464 884 513 nos-

105 551 157 612 tris
159 593 215 610 .....
228 549 428 611 Zuerinensi
431 592 490 609 .....
510 547 783 625 Racbeburgensi
799 547 880 608 et...

105 647 266 708 Lubicensi
278 646 446 723 episcopis
456 647 651 723 pernostras
659 645 884 707 litterasman·

106 743 231 813 davisse,
261 745 310 815 ut,
340 744 367 804 si
396 744 451 820 qui
475 744 605 804 eosdem
635 744 884 817 crucesignatos

105 842 204 901 oontm
217 840 437 915 protectionis
452 843 484 902 et
496 840 645 901 mandati
661 840 766 901 nostri
788 842 884 901 teno-

708 291 936 353 uP1sroLAE.
964 287 1043 353 LIB.
1065 292 1122 357 XI.

1676 299 1734 359 146

936 451 1127 528 Apostolica
1157 451 1281 530 scripta
1315 454 1533 530 mandamus,
1569 456 1734 535 quatenus

938 548 1129 625 hujusmodi
1153 566 1310 611 manuum
1332 553 1562 629 injectoribus,
1589 555 1655 615 nisi
1671 571 1733 617 eo·

938 660 1011 705 rum
1040 645 1185 706 diflicilia
1201 647 1301 709 suerit
1322 651 1355 710 et
1382 651 1527 712 enormis
1558 668 1731 724 excessus,

938 745 1189 819 propterquam
1216 746 1336 808 merito
1358 748 1398 808 ad
1422 749 1540 810 Sedena
1566 751 1735 826 Apostoli-

938 855 1011 900 cam
1027 841 1093 902 sint
1104 842 1264 914 mittendi,
1276 859 1315 905 ao
1328 844 1405 905 aliis
1418 846 1446 906 si
1462 863 1498 907 se
1513 850 1733 908 correxerunt

103 939 300 998 remtemere
323 926 499 999 molestare
523 938 804 1014 praesumpserint,
818 937 884 1012 ipsi
934 938 1179 1013 juxtalormam
1194 941 1347 1002 Ecclesiae
1359 942 1530 1016 absolutis,
1543 946 1734 1021 etinjuncto

103 1035 455 1112 eosapraesumptione
479 1035 681 1111 hujusmodi,
703 1034 884 1097 monitione

103 1131 273 1208 praemissa,
304 1146 366 1208 per
399 1147 574 1193 censuram
606 1131 882 1203 ecclesiasticam,

104 1228 315 1303 appellatione
330 1230 469 1301 remota,
485 1229 619 1305 cognita
632 1228 774 1291 veritate
789 1244 884 1290 com-

103 1327 233 1400 pescant.
256 1326 379 1387 Datum
400 1326 569 1397 Laterani,
586 1328 630 1387 IV
644 1325 805 1387 kalendas
820 1326 883 1387 de·

104 1421 246 1495 cambris,
272 1422 488 1500 pontificatus
519 1423 626 1486 nostri
654 1438 742 1485 anno
776 1423 884 1485 unde-

105 1534 185 1580 cino.

420 1753 554 1841 XVIII

119 1914 336 1977 adeodatam
356 1914 565 1989 moaaostertt
586 1913 725 1976 Salaciae
738 1914 866 1975 Martae

164 2014 399 2083 luciacensis,
415 2011 634 2074 Pictcveoata
648 2012 814 2092 dtoeoests.

356 2157 517 2216 {decemb
534 2158 613 2216 1226.

127 2288 231 2356 mearat,
244 2292 295 2342 lib.
311 2291 357 2350 xl,
371 2305 412 2356 ep.
427 2291 482 2343 396.
495 2291 552 2341 blas.
565 2292 602 2342 La
613 2292 687 2343 Porta
700 2290 735 2340 du
746 2289 839 2353 Theib]

104 2415 203 2473 Facitci
216 2423 393 2489 potestatem
417 2415 575 2473 monachos
601 2413 741 2487 quosdam
765 2428 881 2471 mones·

129 2503 183 2559 terii
195 2502 251 2572 suI,
269 2505 320 2575 qui
330 2503 360 2559 in
373 2503 698 2559 excommunicationem
713 2500 834 2559 diversis
848 2500 884 2558 de

129 2593 211 2649 musis
224 2595 419 2659 incurrerant,
436 2589 610 2647 absolvendi.

133 2725 881 2803 Honoriusepiscopus,servasservorumliei,

103 2822 202 2885 dilecto
226 2825 301 2885 tilio
304 2868 378 2883 ......
404 2822 516 2883 abbati
538 2821 732 2883 monasterii
753 2823 883 2883 Sanctae

105 2921 201 2982 llariae
223 2918 458 2992 Lucionensis,
484 2919 689 2981 pictavensis
715 2919 881 2991 dioecesiS,

105 3017 238 3091 salntem,
254 3021 319 3079 etc.

131 3117 174 3177 lix
193 3120 269 3188 tua,
301 3115 350 3176 fili
375 3115 488 3187 abbae,
513 3115 740 3177 insinuatione
761 3115 882 3177 didici-

100 3227 168 3286 mus,
183 3213 273 3291 quod
288 3213 441 3274 nonnulli
455 3213 649 3274 monasterii
662 3215 710 3275 tui
728 3213 883 3274 monachi

101 3325 150 3384 pro
184 3310 336 3373 violenta
371 3325 530 3370 manuum
561 3310 741 3387 injectione
775 3309 809 3371 in
846 3326 882 3370 se

100 3407 190 3482 ipsos,
226 3414 259 3471 et
281 3408 423 3470 clericos
451 3407 630 3468 saeculares
655 3408 690 3468 in
719 3424 881 3469 canonem

100 3503 278 3567 inciderunt
301 3506 477 3566 sententiae
499 3506 727 3581 promulgatae,
748 3505 881 3582 quidam

99 3615 164 3661 roro
179 3602 215 3662 in
230 3601 346 3662 eodem
368 3601 572 3662 monasterio
588 3602 807 3662 atmonIacum
826 3595 883 3662 ba·

98 3693 228 3759 luerunt
241 3699 440 3773 ingressum,
456 3698 515 3758 alii
530 3700 631 3758 etiam
644 3715 704 3774 pro
720 3700 882 3774 denegata

99 3792 156 3866 tibi,
183 3795 230 3855 tili
260 3796 373 3867 abbas,
399 3795 587 3857 obedientia
609 3795 730 3867 debita,
748 3796 881 3872 quidam

100 3893 195 3953 eumin
213 3910 274 3971 pro
295 3892 485 3954 detentione
507 3893 634 3970 proprii
653 3893 882 3953 excommuni-

101 3991 228 4051 cationIs
252 3991 451 4051 sententiam
477 3991 707 4060 incurrerunt,
741 4005 880 4065 quorum

102 4087 218 4160 qnidam
232 4086 454 4149 absolutionis
469 4085 630 4147 benedicto
653 4102 720 4146 non
736 4085 878 4157 obtent0,

101 4184 369 4261 presumpserunt
403 4183 516 4244 divine
551 4181 662 4243 olticia
695 4177 878 4254 celebrare,

103 4279 217 4353 quidam
235 4297 315 4342 vero
340 4280 382 4340 ad
404 4295 518 4340 sacros
543 4280 677 4341 ordines
702 4281 779 4341 sunt
798 4296 880 4356 pro·

103 4378 176 4437 moti.
204 4381 251 4439 De
273 4379 423 4455 ipsorum
452 4378 564 4454 itaque
589 4377 697 4438 salute
716 4377 880 4439 sollicitus

103 4474 268 4546 postutasti,
301 4476 337 4537 ut
365 4491 440 4536 cum
467 4490 525 4536 eos
551 4474 666 4536 venire
690 4474 731 4534 ad
763 4475 879 4536 sedem

102 4569 305 4644 Apostolicam
315 4571 493 4648 oporteret,
509 4571 541 4632 et
552 4570 733 4632 verendum
748 4586 880 4634 asseras

103 4678 134 4728 ne
144 4668 180 4728 ad
196 4671 344 4732 nostram
357 4668 521 4730 veniendo
546 4668 758 4744 praesentiam
772 4685 879 4745 vaga-

104 4766 200 4826 rentur
222 4770 255 4828 et
282 4767 404 4828 salutis
426 4768 522 4842 cnjus
537 4781 639 4826 causa
659 4766 813 4828 venirent
827 4768 881 4827 in-

104 4865 254 4925 currerent
290 4863 549 4931 detrimentum,
576 4862 753 4938 providere
780 4880 881 4941 super

103 4951 152 5017 loc
163 4960 423 5022 misericorditer
437 4959 663 5035 dignaremur.
678 4962 746 5020 Nos
769 4965 878 5021 antem

103 5052 212 5127 plenam
225 5059 266 5120 de
279 5058 374 5119 vobIs
387 5056 545 5117 fiduciam
557 5055 752 5128 othnentes
768 5058 880 5118 consi-

104 5147 232 5217 derantes
256 5171 410 5233 quoque,
440 5153 527 5230 quod
559 5153 733 5230 religionis
766 5154 878 5216 favore

104 5249 185 5312 multa
203 5255 237 5314 in
260 5251 490 5330 regularibus,
516 5267 588 5326 quaa
607 5268 673 5313 non
690 5254 879 5329 pateremur

103 5341 214 5413 inaliis
234 5353 454 5420 sustinemus,
476 5348 670 5410 dIscretioni
682 5351 803 5412 restrae
818 5366 879 5427 per

939 1035 987 1095 eis
1003 1037 1090 1111 quod
1106 1036 1146 1097 de
1162 1040 1239 1113 jure
1262 1038 1364 1099 luerit
1390 1041 1641 1117 injungendum,
1669 1042 1732 1103 ob-

939 1134 1071 1193 servata
1087 1148 1216 1211 quoque
1240 1134 1329 1196 clrca
1352 1136 1553 1199 simoniacos
1566 1140 1732 1200 constitu-

939 1229 1029 1291 tione
1044 1231 1185 1291 Concilii
1196 1232 1375 1306 generalis,
1390 1233 1522 1297 faciatis
1534 1236 1735 1297 auctoritate

939 1328 1053 1388 nostra
1068 1343 1144 1388 oum
1168 1328 1346 1405 praedictis,
1370 1331 1427 1407 qui
1445 1331 1559 1393 taliter
1585 1332 1735 1394 celebra-

939 1425 1027 1496 runt,
1044 1425 1076 1486 et
1093 1440 1206 1485 sacros
1228 1425 1361 1487 ordines
1382 1430 1610 1504 susceperunt,
1637 1427 1735 1505 prout

939 1521 1126 1581 enlmarum
1141 1537 1275 1583 suarum
1291 1523 1389 1586 saluti
1400 1525 1551 1586 videritis
1564 1525 1731 1602 expedire.

938 1618 1057 1679 Datum
1073 1620 1240 1693 Laterani,
1256 1620 1408 1683 kalendis
1433 1622 1627 1697 decembris,
1645 1638 1733 1684 anno

939 1716 1125 1777 undecimo.

1269 1945 1273 1953 ·
1288 1896 1380 1982 XIX

966 2046 1019 2106 Ad
1039 2046 1194 2109 abactam
1214 2049 1249 2110 et
1271 2051 1477 2112 concentum
1493 2050 1700 2112 morzosterit

1233 2150 1436 2209 Zottdeasts.

1202 2275 1221 2330 l
1237 2274 1366 2333 decemb.
1386 2277 1465 2335 1226.

962 2363 965 2369 ι
1047 2395 1307 2461 [Wirteanhergiscbes
1318 2399 1388 2457 Uala,
1401 2400 1444 2459 ΙΙΙ,
1455 2398 1510 2457 207,
1519 2414 1545 2448 n.
1555 2399 1622 2463 722]

938 2518 986 2576 Eis
998 2518 1046 2591 jus
1067 2527 1232 2591 patronatus
1246 2521 1375 2578 ecclesiae
1395 2523 1423 2579 S.
1444 2523 1541 2579 blariae
1559 2522 1730 2581 Cladrubru·

972 2606 1070 2753 {effi
1096 2606 1257 2683 [Kladrau],
1284 2611 1481 2682 possessiones
1508 2618 1536 2668 et
1559 2611 1634 2669 bona
1663 2626 1732 2669 con·

979 2821 1339 2900 HonoriusepiscopuS,
1351 2840 1466 2901 servus
1478 2826 1731 2898 serrorumliei,
1819 2892 1825 2911 ⁸

938 2918 1068 2980 dilectis
1083 2919 1199 2980 liliis...
1216 2921 1327 2983 abbati
1343 2924 1376 2983 et
1396 2923 1573 2984 conventui
1595 2936 1732 2983 monas-

937 3016 1014 3077 terii
1050 3016 1232 3078 Zvildensis
1270 3016 1501 3099 [axviesaltent
1529 3020 1670 3081 salutem
1700 3020 1733 3081 et

937 3115 1160 3190 Apostolicam
1175 3114 1449 3179 benedictionem.

976 3211 1079 3272 Justis
1111 3213 1292 3288 petentium
1317 3214 1492 3275 desideriis
1520 3215 1656 3290 dignum
1682 3213 1732 3276 est

937 3323 997 3368 nos
1024 3308 1156 3370 facilem
1181 3310 1330 3386 praebere
1356 3327 1554 3393 consensum
1581 3314 1616 3373 et
1641 3312 1729 3384 vota,

937 3421 1046 3481 quaea
1066 3407 1207 3468 rationis
1223 3408 1355 3468 tramite
1377 3424 1443 3469 non
1459 3409 1659 3480 discordant,
1677 3409 1731 3469 el-

937 3500 1025 3562 lectu
1061 3505 1281 3579 prosequente
1324 3506 1500 3581 complere.
1537 3506 1730 3581 Eapropter,

937 3597 1050 3659 dilecti
1071 3599 1106 3658 in
1129 3601 1268 3661 DomIno
1284 3600 1361 3669 tllii,
1377 3602 1496 3662 vestris
1507 3603 1608 3678 justis
1622 3603 1733 3678 postu·

936 3695 1117 3756 lationibus
1136 3698 1231 3771 grato
1251 3700 1487 3759 concurrentes
1502 3714 1654 3767 assensu,
1673 3701 1730 3774 J'us

936 3794 1130 3869 patronatus
1145 3792 1296 3854 ecclesiae
1313 3797 1443 3856 Sanctae
1456 3796 1572 3856 Mariae
1587 3795 1729 3856 Cladru-

937 3888 1124 3961 brudensis,
1142 3891 1369 3965 possessiones
1384 3893 1493 3954 etalia
1506 3892 1592 3953 hona
1603 3895 1725 3966 vestra,

935 4002 1067 4048 necnon
1082 3987 1252 4048 libertates
1267 3991 1301 4050 et
1315 3990 1549 4062 immunitates
1572 4007 1611 4051 ao
1621 3991 1730 4052 ratio-

936 4083 1067 4143 nabiles
1088 4086 1190 4145 vestri
1214 4087 1407 4149 monasterii
1427 4087 1683 4148 consuetudines
1698 4087 1731 4149 et

935 4179 1097 4241 hactenus
1110 4181 1316 4254 observatas,
1333 4185 1420 4245 sicut
1443 4200 1482 4245 ea
1504 4185 1604 4260 Juste,
1628 4199 1732 4244 cano-

935 4278 1009 4338 nice
1025 4293 1063 4339 ac
1085 4279 1223 4355 pacifice
1248 4279 1415 4353 obtinetis,
1437 4281 1531 4342 vobis
1550 4283 1582 4342 et
1595 4297 1655 4357 per
1670 4296 1730 4342 vos

936 4375 1000 4451 ipsi
1019 4376 1220 4437 monasterio
1240 4379 1352 4439 vestro
1371 4379 1570 4440 auctoritate
1589 4381 1732 4454 Aposto-

934 4472 1000 4533 lica
1026 4473 1273 4543 confirmamus,
1293 4474 1325 4534 et
1346 4475 1520 4558 praesentis
1541 4475 1655 4552 scripti
1676 4493 1732 4553 pa·

935 4570 1077 4630 trooinio
1104 4571 1355 4631 communimus·
1377 4572 1469 4632 Nulli
1491 4589 1571 4648 ergo
1596 4574 1730 4636 omnino

935 4667 1107 4727 hominum
1129 4667 1229 4729 liceat
1244 4668 1330 4729 banc
1343 4668 1499 4746 paginam
1514 4672 1635 4732 nostrae
1651 4688 1732 4733 oon-

935 4764 1133 4825 flrmationis
1159 4766 1353 4842 intringere,
1379 4767 1431 4828 rel
1456 4768 1489 4828 ei
1512 4785 1598 4829 ausu
1625 4771 1731 4831 teme·

934 4863 1027 4923 rario
1039 4862 1218 4946 contraire.
1234 4863 1269 4924 Si
1278 4864 1353 4939 quis
1368 4864 1478 4925 autem
1493 4865 1557 4927 hoc
1567 4867 1729 4927 attentare

934 4960 1196 5036 praesumpserit,
1211 4959 1476 5035 indignationem
1494 4960 1728 5037 omnipotentis

934 5057 1005 5129 Dei,
1023 5058 1056 5119 et
1069 5057 1242 5118 beatorum
1264 5058 1356 5118 Petri
1379 5058 1413 5120 et
1436 5059 1533 5119 Pauli
1550 5057 1728 5134 Apostolo-

935 5170 1009 5215 rum
1036 5158 1119 5232 eJ'us,
1143 5170 1178 5215 se
1200 5155 1331 5215 noverit
1359 5154 1582 5216 incursurum.
1611 5157 1729 5215 Datum

934 5253 1104 5320 Laterani,
1129 5253 1159 5312 ΙΙ
1181 5267 1287 5312 nonas
1302 5252 1498 5324 decembris,
1516 5252 1729 5329 pontificatus

933 5350 1039 5411 nostri
1056 5366 1144 5410 anno
1164 5349 1349 5410 undecimo.
