3950 6200
250 298 309 360 aar
862 290 1040 353 aouoan
1061 290 1107 353 111
1128 291 1276 356 oram.
1835 302 1892 364 1ae

250 456 356 530 decet,
382 455 512 520 uultum
536 453 569 517 et
591 453 739 515 animum
765 450 936 516 curaveris
958 465 1046 513 sere-
1094 451 1656 530 justitia,etalia‚quaeadrestram
1670 445 1892 522 utilitatemet

250 570 344 617 nare.
361 553 593 616 Desiderantes
607 566 686 626 ergo
699 550 797 620 hanc,
815 549 911 626 quasi
928 564 1046 626 quam-
1099 549 1373 625 tranqnillitatem
1385 552 1552 628 pertinent
1563 554 1691 615 utiliter
1702 557 1888 631 provideri3

252 652 328 713 dam
351 651 517 717 nebulam,
537 666 557 710 a
572 648 621 710 tui
636 647 816 709 serenitate
830 646 975 707 nominis
990 661 1047 706 re·
1098 647 1201 708 totum
1213 647 1459 722 patrimonium,
1469 650 1555 726 qnod
1566 649 1666 711 hahet
1676 654 1893 714 Romauallc·

250 764 395 818 movere,
419 763 458 808 ac
472 745 574 807 simul
592 761 652 822 pro
667 744 772 821 ipsius
786 746 898 804 Terre
914 743 1045 803 Sanctae
1100 743 1203 804 clesia
1217 759 1237 804 a
1250 744 1455 806 Radicoiano
1467 762 1572 822 usque
1588 750 1738 819 Romam,
1752 752 1891 825 excepta

251 845 410 915 subsidio,
431 843 485 904 cni
497 844 555 904 tua
571 845 604 905 et
619 841 766 919 ejusdem
782 841 873 916 regis
892 838 1047 901 reconci·
1099 841 1249 901 marchia
1258 842 1476 915 anconitana,
1489 843 1610 904 ducatu
1622 846 1760 922 Spoleti,
1775 849 1888 918 Reate,

250 943 345 1004 liatio
361 942 411 1002 est
430 940 609 1018 plurimum
624 939 825 1010 necessaria,
843 937 1044 1014 satagentes,
1100 952 1140 998 ac
1156 938 1305 1010 sabinia,
1320 955 1420 1011 curae,
1431 940 1597 1014 regimini,
1612 942 1646 1001 et
1659 943 1821 1003 custodiae
1836 945 1891 1019 ip-

250 1040 463 1101 serenitatem
487 1039 579 1102 tuam
607 1053 800 1106 monemus,
829 1050 985 1110 rogamus
1014 1035 1048 1095 et
1101 1035 1170 1095 sius
1187 1037 1276 1111 regis
1297 1036 1452 1098 duximus
1472 1039 1752 1109 committendum,
1769 1042 1891 1100 tenen-

250 1136 463 1198 ohsecramus
475 1136 511 1195 in
523 1135 663 1196 Domino
675 1137 756 1196 Jesu
772 1133 913 1204 Christo,
929 1134 1046 1208 postu·
1101 1132 1503 1205 dum,custodiendum,et
1516 1136 1892 1214 servandum,quamdiu

248 1234 356 1295 lantes
371 1248 580 1310 premanere
595 1230 744 1310 speciali,
763 1231 926 1309 quatenus
937 1232 1045 1290 tecum
1101 1229 1141 1291 de
1157 1232 1281 1301 nostra,
1310 1233 1343 1293 et
1367 1231 1523 1294 Ecclesiae
1547 1234 1706 1295 Romana
1719 1233 1822 1296 inerit
1835 1251 1893 1294 ro-

247 1332 320 1410 ipse
331 1331 530 1406 recogitans,
548 1345 647 1407 quam
660 1328 840 1390 absurdum
853 1328 907 1399 sit,
917 1328 1046 1388 tantum
1101 1327 1239 1401 luntnte,
1263 1328 1460 1390 nominatim
1486 1330 1739 1402 Radicoianum,
1775 1333 1895 1392 Prece-

250 1430 284 1490 et
306 1428 408 1489 talem
436 1427 545 1488 virum
577 1425 751 1487 occasione
780 1424 954 1486 affinitatis
979 1425 1046 1485 tuae
1101 1442 1190 1497 nam,
1224 1426 1527 1502 aquapendentem,
1555 1429 1891 1500 Montemdasconem‚

249 1525 508 1601 magnificentiae
523 1523 674 1602 deprimi,
690 1540 764 1584 cum
778 1522 883 1583 solam
902 1519 1048 1581 familia-
1101 1525 1254 1594 Martem,
1268 1524 1442 1585 Valentem.
1473 1525 1630 1597 Insulam,
1656 1527 1800 1587 Martan.
1822 1542 1894 1589 cum

250 1625 384 1685 ritatem
408 1624 473 1683 tuae
495 1620 708 1683 sublimitatis
727 1620 877 1696 adeptos,
894 1633 954 1694 per
973 1632 1047 1677 eam
1102 1620 1178 1682 aliis
1191 1621 1285 1689 locis,
1302 1638 1375 1697 quae
1389 1621 1429 1681 ab
1440 1621 1520 1683 olim
1535 1626 1783 1684 consueverunt
1790 1626 1896 1700 juris-

250 1720 367 1783 deceat
376 1720 529 1792 exaltari,
540 1735 579 1780 ac
593 1717 779 1796 saepedictae
794 1719 905 1777 Terrae
917 1717 1047 1778 Sanctae
1103 1718 1239 1779 dictioni
1256 1719 1429 1779 castellani
1445 1719 1726 1781 Montistlasconis
1741 1720 1893 1795 subesse3

250 1818 426 1880 utilitatem
470 1816 665 1886 attendens,
702 1814 826 1876 dictum
869 1827 983 1888 regem
1012 1812 1048 1871 in
1102 1816 1897 1892 Verall.Petroniam.salvisproventihusdilecto

250 1916 434 1992 imperialis
456 1915 573 1991 cratiae
584 1912 823 1991 plenitudinem
843 1924 1046 1979 reassumas,
1104 1913 1172 1973 tilio
1196 1915 1310 1998 nostro
1331 1915 1369 1974 R.
1391 1914 1521 1975 Sanctae
1536 1915 1651 1976 Mariae
1671 1916 1706 1975 in
1721 1915 1898 1976 cosmedin

251 2029 392 2089 eumque
405 2012 465 2074 tihi
478 2014 527 2074 sic
545 2011 727 2072 efficaciter
737 2007 946 2078 reconcilies,
963 2005 1048 2082 quod
1104 2010 1244 2071 diacono
1263 2010 1427 2071 cardinali
1442 2013 1621 2084 concessis,
1637 2014 1734 2084 Orde,
1748 2013 1898 2074 Mortal-

252 2111 301 2173 tui
314 2111 527 2171 serenitatem
542 2108 646 2169 animi
659 2123 740 2183 erga
756 2122 843 2177 eum,
859 2105 933 2180 ipsa
948 2102 1049 2163 exhi·
1103 2109 1173 2169 tum
1206 2108 1458 2178 Centumcellas,
1489 2111 1678 2177 cornetum,
1705 2111 1897 2182 Perusiam,

252 2208 344 2271 tione
356 2208 467 2285 operis
489 2206 698 2281 manifestem
714 2220 788 2265 cum
814 2203 844 2263 si
871 2202 1051 2277 diligenter
1104 2205 1305 2278 Urhemret.,
1333 2206 1523 2277 tudertum,
1552 2206 1818 2282 Balneoregium,
1836 2209 1901 2268 vi-

253 2305 406 2368 attendas
421 2306 515 2374 illud,
532 2320 596 2382 quo
615 2304 673 2364 tihi
694 2303 830 2379 iunctus
849 2301 909 2371 est,
931 2300 1050 2360 rincu-
1103 2302 1266 2374 terhinm,
1295 2303 1476 2375 Narniam,
1508 2306 1663 2366 Sanctum
1702 2306 1898 2376 Geminum,

253 2403 334 2472 lum,
350 2403 449 2465 facile
469 2403 576 2482 possis
591 2400 765 2462 advertere
782 2398 947 2459 neminem
962 2410 1047 2467 esse,
1106 2403 1268 2462 struncon
1278 2402 1380 2462 salvis
1392 2401 1607 2477 proventibus
1619 2401 1738 2463 dilecto
1752 2402 1821 2463 tilio
1832 2419 1900 2464 no-

255 2517 400 2579 persona
424 2500 486 2561 filii
508 2500 558 2561 tui
580 2499 753 2560 dumtaxat
778 2497 927 2572 excepta,
944 2494 1000 2569 qui
1017 2494 1049 2553 te
1103 2495 1163 2559 hili
1177 2499 1250 2560 viro
1264 2500 1362 2559 Petro
1377 2498 1520 2575 Capucio
1536 2501 1783 2574 consanguineo
1799 2503 1833 2562 et
1845 2516 1899 2561 os·

254 2598 418 2659 sincerius
440 2598 512 2674 ipso
534 2611 612 2672 rege
634 2595 773 2670 diligere
790 2592 918 2664 debeat,
935 2591 989 2652 rel
1009 2588 1050 2650 de
1103 2597 1203 2658 tiario
1234 2598 1347 2657 nostro
1376 2596 1543 2657 concessis
1568 2619 1574 2656 :
1598 2599 1752 2669 Tuscan„
1769 2599 1899 2666 ortam,

255 2698 392 2773 quotue
415 2694 602 2753 sublimitas
626 2690 781 2752 fiduciam
803 2689 907 2766 possit
932 2702 1050 2762 gerere
1104 2694 1276 2765 Ameliam,
1311 2696 1415 2769 Nape,
1450 2694 1617 2755 civitatem
1656 2695 1895 2766 castellanam,

257 2792 443 2853 certiorem.
482 2791 524 2850 Ut
555 2789 667 2849 autem
701 2786 870 2862 intelligas
898 2784 1048 2862 plenius,
1105 2791 1296 2862 Gallesium,
1314 2791 1416 2851 salvis
1429 2792 1642 2867 proventibus
1657 2793 1827 2852 concessis
1843 2793 1901 2852 di-

255 2904 354 2965 quam
382 2887 498 2948 infime
524 2884 830 2946 reconciliationem
859 2880 1049 2956 hujusmOdi
1104 2889 1190 2950 lecto
1206 2889 1275 2948 filio
1288 2890 1401 2949 nostro
1412 2889 1557 2964 AEgidio,
1572 2891 1628 2949 SS.
1641 2891 1767 2950 Cosmae
1783 2891 1816 2949 et
1831 2892 1904 2950 Da·

256 2985 458 3055 affectemus,
476 2967 695 3059 ecce'proptar
705 2981 768 3041 noc
783 2978 960 3056 specialius
971 2978 1049 3038 mn-
1104 2985 1208 3046 miani
1223 2985 1363 3047 diacono
1388 2986 1561 3057 cardinali,
1586 2986 1900 3059 mahumetana,

255 3083 357 3144 timus
369 3081 410 3143 ad
425 3082 458 3142 ie
472 3080 628 3141 dilectum
647 3078 752 3139 filium
767 3077 919 3139 abbatem
936 3074 1050 3137 sancii
1105 3101 1177 3162 quae
1194 3083 1265 3160 ipsa
1278 3084 1427 3144 Ecclesia
1442 3086 1591 3146 Romana
1610 3082 1721 3155 habet,
1739 3084 1791 3144 ve]
1807 3086 1904 3146 tenet

255 3180 392 3241 Martini
409 3177 641 3245 viterbiensis,
662 3175 891 3237 Cisterciensis
907 3171 1046 3243 Ordinis,
1105 3181 1191 3242 inira
1205 3183 1364 3243 terminos
1376 3182 1587 3258 ppaenctaios‚
1600 3198 1673 3241 cum
1688 3182 1902 3257 pertinentiis

253 3277 393 3339 l³i01¹0m
406 3275 631 3353 praesentium,
649 3275 758 3335 Virum
775 3272 887 3348 utique
903 3270 1050 3346 pruden-
1105 3281 1186 3351 suis,
1201 3283 1233 3341 et
1241 3280 1372 3358 juribus
1387 3281 1563 3340 universis.
1577 3279 1718 3357 Ideoque
1731 3279 1906 3340 uniuersi-

252 3375 330 3447 tem,
346 3374 540 3449 religiosum
552 3373 586 3434 a
595 3371 707 3444 naum,
725 3369 940 3430 serenitatem
957 3367 1051 3428 tuam
1105 3378 1206 3439 tatem
1235 3379 1379 3438 vestram
1409 3393 1580 3437 monemus
1613 3379 1646 3437 et
1678 3376 1905 3439 exhortamur
1954 3414 1955 3431 ,

257 3471 472 3550 deposcentes
490 3470 625 3541 attente,
642 3464 1050 3545 quatenusiasumdmmo
1106 3475 1275 3546 attentius,
1293 3490 1332 3535 ac
1353 3491 1415 3551 per
1437 3474 1627 3550 apostolica
1646 3472 1740 3534 vobis
1768 3474 1902 3551 scripta
1954 3546 1955 3549 Ἴ

255 3570 368 3632 verius
384 3584 445 3629 nos
458 3568 492 3628 in
509 3567 593 3644 ipso,
610 3582 707 3627 cures
720 3566 755 3626 in
770 3565 823 3637 us,
840 3579 912 3641 qua
931 3561 973 3622 aa
987 3560 1052 3621 1100
1107 3571 1167 3633 sun
1182 3572 1317 3633 obtentu
1329 3572 1446 3647 gratiae
1462 3573 1595 3643 nostrae,
1610 3574 1643 3631 et
1657 3570 1766 3630 debito
1783 3570 1903 3631 caeti-

256 3665 426 3741 negotium
441 3665 618 3745 pertinent,
636 3664 669 3725 ei.
684 3662 800 3723 addire
813 3661 1004 3729 Clementer,
1019 3659 1052 3718 Θῒ
1105 3671 1194 3736 tatis,
1208 3686 1271 3746 quo
1294 3669 1388 3730 nobis
1414 3668 1585 3739 tenemini,
1614 3668 1753 3743 fipmitcp
1775 3668 1904 3743 praeci.

257 3762 438 3824 eitlcaciter
450 3761 622 3822 exaudire.
632 3761 750 3820 Datum
764 3756 933 3827 Laterani,
943 3754 1052 3815 Vlka·
1107 3767 1226 3845 pientio
1248 3766 1455 3838 mandamus,
1472 3767 1635 3842 qiiatenus
1655 3765 1763 3840 ipsum
1785 3781 1906 3841 regem

258 3858 374 3919 lendas
400 3857 572 3929 februarii,
597 3855 811 3932 POmiflCfliUS
837 3852 943 3914 110⁵is1
963 3865 1051 3912 anno
1106 3864 1304 3940 recipientes
1324 3863 1487 3934 hilariter,
1504 3864 1537 3923 et
1560 3863 1693 3937 dignam
1713 3861 1744 3921 ei
1758 3861 1906 3923 honori-

259 3954 445 4015 undecimo.
1107 3960 1273 4021 dcentiam
1285 3959 1491 4031 exhibentes,
1504 3959 1611 4019 eidem
1633 3961 1793 4034 tanquam
1808 3961 1906 4021 rica-

1106 4058 1157 4119 rio
1182 4060 1216 4118 et
1236 4057 1442 4133 procuratori
1469 4058 1594 4126 nosho,
1611 4059 1643 4116 et
1656 4056 1819 4116 Ecclesiae
1833 4061 1906 4119 Ro-

611 4147 700 4233 LVI
1107 4169 1214 4215 manae
1241 4153 1411 4214 humiliter
1425 4154 1459 4215 et
1470 4153 1651 4214 efficaciter
1676 4153 1905 4225 intendentes,

1107 4251 1171 4312 sihi
1185 4251 1225 4312 de
1234 4250 1368 4328 juribus
1382 4251 1484 4312 curiae
1496 4250 1653 4326 quamdiu
1667 4251 1830 4313 Ecclesiae
1846 4255 1909 4312 Ro·

306 4292 358 4354 Ad
376 4303 495 4353 omnes
512 4292 653 4363 populor
668 4301 736 4362 per
751 4285 1003 4361 patrimonium
1382 4347 1388 4360 ,
1616 4350 1622 4362 ,
1747 4347 1753 4359 ,

1107 4365 1214 4410 manae
1241 4348 1420 4425 placuerit,
1451 4347 1537 4423 quod
1566 4346 1757 4424 hujusmodl
1787 4364 1908 4409 curam

370 4389 531 4450 Ecclestae
542 4389 708 4447 Rs’manae
728 4382 941 4444 mammo&
1107 4447 1210 4521 gerat,
1228 4446 1357 4520 integre
1367 4444 1606 4520 respondendo,
1620 4447 1681 4505 etc.

522 4516 693 4589 ”ianuam
714 4516 793 4573 ¹²²⁷·
1146 4545 1264 4605 Datum
1289 4542 1458 4611 Laterani,
1473 4545 1518 4603 vl
1541 4540 1702 4602 kalendas
1722 4539 1904 4614 februarii,

392 4632 528 4697 fflaynald,
542 4632 637 4683 Annei.
652 4632 685 4682 ud
701 4644 760 4681 ann.
779 4628 849 4687 ml,
862 4627 923 4691 ili]
1107 4656 1195 4703 anno
1209 4641 1394 4701 undecimo·

259 4754 316 4811 Eos
330 4748 467 4807 comedia
481 4747 620 4806 iohannis
635 4742 1052 4819 Hierosolymitoniregisccm·
1107 4792 1114 4803 .

295 4831 389 4897 mittit,
400 4843 507 4900 eosque
519 4833 650 4884 monetet
662 4821 941 4882 hortaturutdictum
951 4835 1052 4894 regem

294 4909 421 4967 hilariter
433 4907 574 4979 recipiant
584 4907 667 4977 eique
682 4911 817 4975 tanquam
833 4902 940 4959 vicario
950 4907 980 4957 et
991 4914 1053 4975 pro
1446 4860 1555 4947 LVII

294 4989 416 5048 curatori
429 4986 592 5060 apostolico
605 4984 749 5041 humiliter
761 4980 920 5038 intendant.
1165 5015 1217 5077 Ad
1231 5016 1385 5073 consules
1399 5011 1434 5072 et
1447 5015 1612 5084 populum
1631 5010 1846 5074 Tiburtinos·

299 5121 502 5186 «carissimi
515 5121 549 5180 in
566 5119 697 5180 Christo
710 5117 771 5178 filii
788 5115 894 5177 nostri
911 5117 930 5178 J
933 5113 1052 5175 oannis
1366 5141 1401 5198 23
1420 5140 1544 5214 januarii
1562 5139 1641 5197 Μ.

259 5218 554 5297 Hierosolymitani
562 5214 801 5291 regisillustris
808 5212 1049 5281 strenuitatem,

260 5318 523 5392 industriamque
537 5312 726 5391 pensantes,
746 5310 910 5388 simulque
922 5307 1051 5369 firmam

260 5432 363 5492 spem,
378 5413 598 5489 fiduciamque
614 5409 774 5479 tenentes,
792 5408 877 5485 quod
890 5421 950 5483 per
962 5407 1054 5482 ejus.
1107 5394 1156 5450 Eis
1171 5389 1288 5448 mandat
1304 5388 1577 5488 1111111111118111110116
1592 5387 1774 5488 §ubidcensis
1788 5402 1906 5446 monas·

260 5513 335 5575 dem
349 5512 438 5589 regis
465 5508 686 5587 prudentiam,
711 5507 800 5569 inter
818 5520 880 5568 ros
898 5503 1054 5581 poterunt
1338 5486 1400 5534 tarn
1416 5476 1687 5550 lessstusdeslslassi

261 5609 371 5672 sedari
397 5607 583 5679 discordiae,
600 5604 761 5670 custodiri
782 5603 907 5675 stratae,
924 5598 1053 5663 servari
1147 5597 1315 5661 Honorius
1323 5595 1513 5673 episcopus,
1522 5609 1822 5657 servusservorum
1835 5590 1906 5657 Dei,

1244 5263 1417 5330 [Spicilecinm
1429 5262 1602 5322 Liberiaunm,
1617 5262 1673 5321 ⁷18,
1686 5276 1712 5310 n.
1726 5262 1763 5326 7.]
