3950 6200
95 318 183 379 1169
209 356 213 360 -

83 478 201 541 sande
224 477 400 558 objiciant.
423 497 442 540 ›
469 480 568 544 Felix
591 483 685 556 est»
709 484 789 549 licut
816 485 898 551 dicit

88 578 317 649 Paschasius,
331 575 410 656 (1)«
429 579 484 638 cui
508 578 538 639 si
560 578 761 657 oinciantur
778 584 895 670 culpae,

80 674 212 736 laudes
228 690 247 735 e
261 676 398 750 regione
420 678 581 738 assistunt
604 694 677 754 quae
699 679 813 756 culpas
836 697 894 741 re-

82 770 235 846 pellunt
246 770 474 833 Sibilaverunt
485 774 521 833 ut
535 774 773 851 serpentesper
784 775 898 837 occul·

78 868 172 940 tam
203 871 237 929 et
261 868 368 929 levem
393 869 615 931 tentationem
644 892 651 930 ε
683 871 897 937 fremuerunt

83 964 251 1026 dentibus
272 965 343 1025 suis
364 966 402 1027 ut
424 965 539 1027 leones
560 982 621 1044 per
638 967 848 1031 manifestam
863 971 897 1032 et

84 1062 473 1137 gravemtentationem.

133 1160 218 1220 Item
245 1159 380 1233 tempus
401 1159 452 1221 est
464 1162 626 1235 faciendi,
641 1164 798 1233 homme,
817 1162 895 1241 quia

85 1255 196 1330 lugeo
206 1277 214 1330 3
226 1255 259 1316 et
269 1255 331 1316 hoc
340 1255 643 1332 propterdereetum
656 1259 791 1334 gratiam
807 1258 895 1320 unde

87 1352 129 1412 in
150 1352 295 1413 Threnis
321 1351 365 1432 (1,
387 1352 439 1435 16)
457 1374 465 1414 r
481 1370 500 1413 ο
517 1353 645 1416 Idcirco
666 1370 728 1431 ego
745 1354 892 1432 plorans,

89 1450 130 1510 et
143 1449 265 1510 oculus
288 1464 383 1511 meus
411 1450 578 1512 deducens
596 1467 713 1528 aquas,
730 1468 749 1513 a
764 1453 817 1514 vel
839 1452 894 1513 la-

89 1561 242 1624 crymas,
259 1563 277 1606 v
292 1547 371 1624 quia
391 1536 489 1624 longe
510 1547 617 1609 factus
638 1550 689 1611 est
706 1565 726 1609 a
746 1564 799 1610 me
814 1565 896 1611 oon-

93 1644 241 1718 solator,
258 1646 455 1706 convertens
479 1645 625 1706 animam
649 1662 757 1707 meam
788 1645 894 1709 :facti

89 1742 176 1802 sunt
197 1741 259 1802 lilii
274 1741 339 1802 mei
352 1741 484 1818 perditi,
502 1742 659 1820 quoniam
675 1744 896 1807 invaluitini·

88 1838 241 1899 micus.»
254 1841 366 1914 Longe
380 1838 486 1900 iactus
499 1842 550 1900 est
560 1840 751 1902 consolator
761 1842 896 1919 propter

88 1934 260 1996 defectum
272 1936 389 2011 gratiae
406 1958 414 1996 ι
431 1935 510 1998 iacti
526 1939 604 1999 sunt
623 1938 826 2015 tiliiperditi‚
842 1938 895 1999 vi-

89 2032 219 2093 delicet
244 2048 345 2109 opera
367 2032 454 2094 bona
481 2049 541 2110 per
564 2034 652 2096 mala
674 2051 795 2112 opera:
813 2050 897 2112 qno·

90 2129 189 2191 niam
219 2130 362 2192 invaluit
388 2130 545 2193 inimicus
574 2132 703 2194 scilicet
729 2133 893 2195 diabolus.

134 2226 220 2286 Item
229 2227 364 2302 tempus
377 2229 538 2300 faciendi,
550 2228 896 2304 quiadisstpaverunt

89 2324 347 2399 terremtatem·
383 2323 424 2384 de
452 2340 517 2401 qua
546 2324 765 2401 dissipatione
787 2326 895 2387 isaias

91 2418 163 2499 (24,
180 2421 247 2481 let
260 2419 293 2499 5)
310 2441 317 2479 :
332 2437 350 2481 ο
366 2420 512 2482 Deduxit
526 2420 628 2494 orbis,
649 2421 819 2484 infirmata
846 2425 896 2485 est

92 2517 240 2579 altitudo
267 2517 381 2594 populi
413 2518 569 2592 terrae,et
591 2519 681 2580 terra
702 2519 825 2582 inlecta
846 2520 896 2582 est

92 2613 136 2677 ah
166 2613 411 2678 habitatoribus
449 2616 519 2676 suis
541 2631 549 2676 :
575 2617 653 2693 quia
696 2616 894 2693 transgressi

91 2713 174 2773 sunt
199 2711 304 2787 leges,
330 2712 542 2776 mutaverunt
562 2716 629 2790 jus,
648 2712 896 2791 dissipaverunt

90 2807 204 2869 t'oedus
239 2808 487 2885 sempiternum.
515 2810 704 2872 »Deduxit
743 2810 833 2879 orbis
858 2810 894 2871 in

92 2906 232 2984 peccata
255 2896 447 2968 :infirmata
470 2907 520 2968 est
538 2907 679 2970 altitudo
699 2908 864 2971 virtutum
885 2929 892 2969 ε

95 3005 129 3066 et
141 3007 246 3077 terra,
262 3001 349 3065 idest
370 3004 494 3065 terreni
514 3003 627 3066 inlecti
644 2988 723 3068 sunt'
741 3005 783 3067 ah
798 3005 896 3067 hahi-

95 3100 265 3164 tatoribus
289 3101 371 3173 suis
387 3101 476 3164 idest
496 3104 624 3179 peccati
637 3104 801 3179 sangnine
817 3103 895 3164 sunt

92 3198 215 3278 polluti
237 3214 298 3275 per
320 3214 460 3274 pravum
485 3198 673 3275 exemplum
697 3198 895 3260 cohabitan-

93 3297 180 3357 tium
199 3316 206 3355 :
226 3295 304 3371 quia
321 3296 507 3371 trangressi
530 3298 608 3357 sunt
633 3285 736 3371 leges,
756 3298 895 3357 natura-

92 3390 161 3452 lem
174 3391 314 3463 scilicet,
322 3393 356 3453 et
363 3392 521 3469 scriptam
536 3393 729 3465 Mosaicam‚
746 3397 779 3455 et
790 3396 895 3454 Evau-

92 3488 238 3564 gelicam
266 3510 274 3549 ε
304 3491 518 3551 mutaverunt
548 3492 606 3566 jus
641 3491 894 3552 consuetudinis

93 3585 227 3647 scilicet
240 3584 389 3648 honestae
407 3602 414 3646 :
429 3585 680 3663 dissipaverunt
688 3586 796 3649 foedus
811 3603 895 3649 sem·

94 3684 278 3759 piternum,
295 3683 381 3759 qvvod
411 3684 627 3761 perpigerunt
650 3684 684 3744 in
707 3684 891 3763 baptism03

93 3780 185 3840 unde
209 3779 410 3841 Ecclesiaste
426 3778 491 3857 (10,
514 3779 547 3860 8)
565 3803 573 3841 :
591 3782 654 3853 Qui
680 3782 820 3859 dissipat
840 3798 896 3845 se·

93 3892 183 3953 pem,
200 3875 287 3938 idest
310 3876 429 3953 legem,
455 3878 620 3940 mordebit
646 3893 721 3939 eum
745 3878 893 3953 coluber,

94 3973 186 4035 idest
199 3971 370 4048 diabolus;
384 3974 417 4035 et
431 3974 466 4034 in
490 3975 725 4037 Ecclesiastico
737 3974 802 4055 (36,
817 3975 892 4055 27);

95 4070 198 4133 «Ubi
221 4085 287 4131 non
307 4072 359 4133 est
379 4086 485 4147 sepes,
509 4072 686 4149 diripietur
700 4074 892 4150 possessio:

95 4170 130 4230 et
145 4167 203 4230 uhi
225 4183 291 4229 non
313 4169 363 4229 est
386 4169 517 4241 mulier,
543 4170 733 4246 ingemiscit
746 4186 894 4247 egeus.»

95 4265 160 4328 Ubi
176 4281 243 4327 non
259 4266 309 4327 est
323 4281 419 4343 sepes
435 4266 529 4342 legis,
555 4268 701 4329 animam
725 4268 892 4340 muniens,

95 4361 304 4439 diripietura
316 4362 522 4424 daemonibus
532 4364 691 4426 virtutum
705 4365 892 4441 possessio:

95 4462 137 4521 Et
148 4458 205 4521 uhi
215 4475 280 4519 uon
289 4462 339 4520 est
348 4460 479 4532 mulier,
492 4460 578 4523 idest
588 4461 792 4523 sensualitas
807 4462 891 4535 viro,

94 4555 314 4618 idestrationi
327 4555 770 4635 obtemperans,ingemiscit
780 4574 892 4641 egens,

96 4653 229 4715 scilicet
245 4654 358 4714 anima
382 4653 576 4716 infirmitate
595 4656 721 4732 peccati
742 4655 891 4732 lahorat3

97 4750 187 4812 unde
210 4737 458 4812 Deuteronomii
482 4750 547 4829 (22,
560 4750 594 4830 5)
613 4768 620 4813 :
637 4753 713 4813 Non
735 4752 895 4814 induetur

96 4847 219 4909 mulier
241 4848 334 4908 veste
357 4847 465 4919 virili,
496 4865 557 4910 nec
582 4849 635 4910 vir
662 4850 775 4912 utetur
802 4852 894 4912 veste

96 4944 264 5017 seminea3
279 4943 366 5021 quod
391 4944 428 5006 nt
442 4944 575 5023 quaudo
593 4945 783 5007 dominatur
802 4962 892 5019 caro,

96 5042 130 5104 et
154 5041 294 5116 spiritus
316 5042 506 5105 ancillatur.
521 5044 568 5103 De
584 5043 647 5105 hac
661 5038 892 5120 dissipatione,

97 5140 171 5202 Joel
187 5137 324 5217 (1,10ad
334 5137 386 5217 12)
397 5160 404 5199 ε
415 5139 595 5200 confusum
609 5143 660 5202 est
671 5142 818 5203 triticum
829 5145 891 5203 etc.

97 5239 132 5298 et
145 5239 246 5297 Amos
261 5234 304 5314 (2,
313 5233 347 5313 4)
362 5253 369 5295 :
388 5238 495 5312 Super
508 5236 616 5299 trihus
631 5237 814 5300 sceleribus
828 5240 892 5301 etc.

138 5335 221 5394 item
233 5333 368 5407 tempus
388 5335 547 5407 lactendi,
564 5335 641 5411 quia
657 5337 765 5398 vitlem
785 5342 894 5413 legem

98 5432 197 5494 tuam
212 5428 260 5508 (2)
274 5445 531 5505 superatorum,
552 5433 586 5494 et
614 5433 783 5508 topazion,
808 5434 894 5496 idest

136 5617 177 5685 (1)
188 5613 249 5673 Lib.
266 5616 303 5672 ll.
323 5615 514 5674 commentar.
530 5616 559 5675 in
576 5618 706 5676 tament.
722 5620 779 5677 ter.

483 325 591 387 raas
620 325 765 387 parua.
780 355 821 372 -
838 328 1059 395 exrosrrro
1088 333 1132 393 nv
1160 302 1363 394 rennues.

1670 334 1748 394 1170

951 506 1052 568 super
1064 490 1273 568 temporalia,
1289 492 1323 552 et
1345 488 1457 550 carnis
1482 487 1747 565 voluptates3de

952 587 1236 664 quihusllabacnc
1252 586 1296 666 (2,
1304 586 1466 666 6):Vaeei,
1478 587 1534 663 qui
1548 585 1748 663 multiplicat

943 698 1103 757 unusne,
1118 685 1278 762 quoniam
1291 686 1452 761 aggravat
1464 686 1579 744 contra
1600 698 1637 743 se
1660 682 1747 742 den-

951 798 1024 842 sum
1040 783 1157 844 lutum.
1172 784 1255 844 Caro
1271 797 1307 843 se
1330 781 1430 842 habet
1449 779 1489 840 ad
1504 780 1612 841 instar
1624 779 1748 856 topazii

951 877 1073 956 lapidis
1088 880 1238 956 pretiosi,
1253 880 1309 955 qui
1325 879 1449 956 quanto
1462 877 1592 953 magnis
1611 876 1747 952 politur,

949 976 1042 1037 tanto
1057 977 1164 1052 magis
1180 976 1397 1038 ohscuratur:
1415 975 1471 1035 sed
1488 975 1518 1035 si
1533 975 1661 1035 naturae
1676 987 1746 1033 suae

950 1088 1026 1134 eum
1041 1073 1233 1150 reliqueris,
1257 1073 1383 1134 clarius
1404 1072 1504 1133 lucet.
1528 1073 1583 1133 Sic
1607 1072 1640 1132 et
1656 1084 1746 1140 car0,

950 1171 1075 1248 quanto
1099 1171 1294 1245 diligentins
1319 1173 1468 1238 curatur,
1485 1166 1699 1238 immundior,
1715 1167 1750 1227 et

950 1267 1126 1329 obscurior
1147 1267 1298 1329 redditur
1314 1288 1322 1328 ε
1338 1266 1429 1338 Quod
1446 1267 1474 1326 si
1495 1266 1617 1326 diviuae
1630 1264 1748 1340 gratia

950 1364 1139 1442 reliqueris,
1154 1364 1286 1442 plenius
1299 1364 1501 1426 illustratur.

1170 1550 1310 1612 SERMO
1326 1550 1522 1611 CCXXXIV.

987 1727 1028 1783 De
1043 1725 1192 1798 multiplici
1211 1724 1357 1796 apertione
1377 1724 1455 1795 oris;
1474 1722 1511 1780 de
1522 1721 1666 1794 lacrpvnis,
1685 1727 1714 1778 et

1180 1812 1284 1871 ellectu
1307 1812 1514 1886 lacrymarum.

951 1974 994 2048 Os
1003 1981 1267 2059 meemffoperut,
1284 1984 1318 2044 et
1326 1983 1464 2043 ultrast
1477 1964 1653 2054 spiritum,
1666 1983 1748 2054 quta

989 2081 1156 2141 mandata
1179 2080 1240 2141 tuo
1268 2080 1516 2140 desiderabam.
1544 2076 1647 2155 (Psal.
1675 2077 1746 2148 118,

991 2175 1076 2255 131.)

992 2329 1030 2388 In
1043 2326 1216 2403 apertione
1227 2325 1296 2387 oris
1304 2326 1345 2387 ad
1359 2323 1748 2387 contessionemattraei

950 2423 1747 2500 spirttrcmadremissionempeccatorumllunc

950 2520 1103 2598 spiritum
1125 2536 1192 2580 non
1212 2520 1385 2581 attrahunt
1401 2519 1516 2580 miseri
1545 2514 1744 2591 idololatrae,

950 2633 1089 2695 quorum
1109 2617 1199 2679 labia
1223 2617 1272 2678 ita
1290 2616 1354 2678 sihi
1369 2617 1553 2688 adhaerent,
1571 2615 1657 2693 quod
1678 2630 1746 2675 non

950 2714 1146 2792 aperiuntur
1160 2714 1201 2774 ad
1215 2712 1470 2775 consessionem.
1487 2714 1633 2797 Attraat
1646 2716 1749 2788 spirt-

950 2813 1035 2884 tum,
1050 2810 1090 2873 de
1111 2827 1175 2888 quo
1193 2811 1227 2870 in
1247 2810 1390 2871 Threnis
1411 2808 1455 2886 (4,
1472 2809 1526 2889 20)
1542 2828 1549 2870 ;
1566 2810 1745 2886 «Spiritus

949 2909 1019 2971 oris
1053 2909 1161 2970 nostri
1188 2908 1341 2969 Christus
1369 2907 1529 2968 Dominus
1558 2908 1674 2983 captus
1697 2907 1747 2968 est

948 3005 1146 3082 inpeccatis
1166 3005 1300 3076 uostris,
1318 3005 1372 3066 cui
1391 3004 1561 3064 diximus:
1579 3003 1746 3065 inumbra

948 3105 1006 3166 tua
1027 3106 1178 3165 vivemus
1201 3103 1235 3163 in
1250 3102 1421 3163 (tentibus.
1435 3119 1453 3160 s
1467 3102 1646 3177 Eleganter
1660 3101 1746 3163 dici-

948 3203 1005 3263 tur
1023 3222 1030 3260 :
1051 3200 1205 3275 Spiritus
1231 3203 1305 3261 oris
1329 3199 1444 3260 nostri
1472 3201 1639 3269 Christus,
1668 3197 1747 3274 quia

949 3297 1035 3358 sicut
1050 3296 1189 3373 spiritus
1198 3295 1277 3367 oris,
1286 3311 1360 3357 cum
1374 3295 1566 3366 attrahitur,
1579 3309 1646 3355 non
1656 3293 1747 3356 vide·

948 3394 1014 3465 tur,
1031 3392 1089 3453 sed
1113 3393 1288 3468 postquam
1306 3392 1467 3452 attractus
1487 3390 1598 3462 fuerit,
1617 3390 1745 3452 emitti-

948 3491 1014 3563 tur,
1029 3493 1062 3551 et
1073 3489 1206 3551 videtur
1223 3510 1231 3549 :
1249 3488 1297 3549 sic
1311 3488 1344 3549 et
1358 3487 1509 3549 Christus
1529 3503 1604 3548 cum
1618 3503 1678 3564 per
1691 3487 1748 3547 in-

949 3587 1154 3649 hahitantem
1167 3585 1310 3662 gratiam
1326 3585 1367 3646 ab
1379 3585 1491 3662 aliquo
1506 3584 1662 3657 trahitur,
1679 3601 1746 3646 uon

949 3684 1113 3758 sentitur;
1138 3682 1195 3743 sed
1220 3698 1264 3744 ex
1283 3697 1348 3759 quo
1367 3683 1521 3759 receptus
1543 3682 1655 3755 tuerit,
1686 3695 1747 3758 per

949 3796 1050 3859 opera
1077 3779 1246 3841 exteriora
1280 3778 1524 3842 manifestatur.
1561 3782 1627 3840 Per
1656 3777 1746 3839 hunc

948 3879 1032 3943 vivit
1046 3878 1169 3950 anima,
1186 3877 1260 3937 sine
1284 3878 1358 3953 ipso
1374 3893 1440 3937 non
1465 3877 1564 3950 vivit;
1588 3876 1676 3937 unde
1692 3891 1746 3936 se-

950 3975 1073 4052 quitur.
1090 3975 1159 4036 Nos
1181 3957 1216 4035 in
1239 3973 1406 4049 gentibus,
1427 3973 1515 4035 idest
1529 3974 1617 4035 inter
1631 3974 1747 4049 gentes

948 4071 1049 4149 positi
1063 4071 1215 4132 vivemus
1224 4071 1285 4131 suh
1295 4070 1412 4132 umbra
1421 4070 1498 4145 tua;
1515 4070 1602 4130 unde
1615 4070 1650 4130 in
1664 4071 1746 4130 Can·

948 4168 1025 4230 ticis
1039 4165 1083 4246 (2,
1099 4167 1133 4247 3)
1151 4189 1158 4228 :
1175 4184 1194 4227 ο
1210 4168 1277 4229 Sub
1291 4167 1407 4228 umbra
1419 4168 1522 4239 illius,
1543 4182 1639 4243 quem
1655 4166 1746 4227 desi-

948 4265 1157 4333 deraveram,
1173 4264 1244 4325 sedi
1262 4286 1269 4325 :
1284 4264 1459 4326 etdructus
1473 4266 1545 4341 ejus
1556 4262 1662 4323 dulcis
1675 4261 1746 4337 gut·

948 4363 1017 4425 turi
1032 4377 1143 4424 meo.»
1158 4364 1238 4422 Haec
1265 4364 1316 4421 est
1338 4360 1454 4420 umbra
1475 4360 1584 4420 crucis
1609 4359 1744 4421 Christi.

949 4459 1074 4521 Umbra
1098 4459 1220 4520 avertit
1241 4458 1344 4519 solem
1366 4456 1408 4518 ah
1429 4473 1480 4531 eo,
1497 4456 1554 4533 qui
1576 4457 1669 4518 sedet
1683 4456 1745 4517 sub

949 4556 1087 4618 arbore:
1101 4555 1149 4616 sic
1160 4556 1192 4616 et
1203 4557 1238 4616 tu
1255 4555 1285 4615 si
1298 4553 1415 4616 sedeas
1428 4553 1489 4616 snb
1502 4553 1624 4616 arbore
1636 4554 1746 4616 crucis

949 4654 1084 4724 Christi,
1126 4651 1242 4713 umbra
1277 4655 1349 4729 ejus
1385 4651 1489 4713 solem
1514 4652 1747 4729 prosperitatis

949 4749 1127 4813 mundanae
1147 4766 1167 4812 a
1192 4752 1227 4811 te
1252 4750 1391 4821 avertet,
1413 4750 1499 4812 sicut
1520 4748 1561 4810 ab
1576 4750 1634 4809 illa
1655 4747 1746 4809 fideli

949 4847 1062 4909 anima
1084 4847 1265 4919 averterat,
1292 4863 1366 4923 qua
1381 4844 1533 4907 dicebatr
1549 4862 1568 4904 s
1584 4844 1651 4906 Sub
1667 4860 1744 4904 um-

948 4946 1009 5007 hra
1024 4945 1128 5016 illius,
1145 4960 1243 5021 quem
1256 4943 1526 5005 desideraveram
1539 4942 1622 5003 sedi.
1639 4958 1658 5002 s

989 5045 1071 5105 item
1088 5063 1095 5101 :
1112 5044 1237 5116 aperui
1260 5055 1298 5101 os
1320 5054 1448 5110 meum,
1464 5039 1498 5100 et
1519 5040 1656 5101 attroaez'
1671 5042 1748 5112 spt-

948 5142 1070 5212 rttum,
1085 5154 1122 5200 os
1136 5137 1265 5198 scilicet
1285 5137 1406 5197 mentis
1424 5136 1543 5212 aperui
1557 5135 1598 5197 ad
1613 5136 1745 5197 intelli·

948 5237 1094 5313 gendum
1109 5249 1240 5297 sacram
1254 5234 1471 5310 scripturam,
1488 5236 1521 5295 et
1533 5234 1656 5295 attraxi
1672 5234 1745 5310 spi-

948 5335 1050 5395 ritum
1061 5331 1259 5403 intellectus,
1275 5331 1353 5406 quia
1364 5331 1516 5391 intellexi
1525 5330 1626 5393 verba
1640 5345 1749 5391 sacrae

949 5429 1142 5506 scripturae,
1168 5444 1241 5505 quae
1267 5427 1419 5504 spiritus,
1444 5421 1479 5489 et
1500 5428 1568 5490 vita
1597 5429 1685 5501 sunt,
1709 5429 1746 5489 ut

984 5614 1024 5687 (1)
1035 5612 1121 5686 vulg.
1141 5610 1294 5669 :mandata
1309 5618 1373 5692 tua.¹
