3950 6200
1791 320 1850 382 204

210 323 274 384 203
651 326 706 385 Ab
728 325 866 385 OPERA
888 326 921 384 S.
945 325 1165 386 FRANCISCI
1185 324 1412 386 ASSISIATIS

209 482 272 543 das
287 481 466 543 dioecesani
480 481 626 558 episcopi
650 480 735 543 forte
749 481 930 554 vacaverit,
951 482 1007 541 in·
1059 481 1250 543 thesaurus.
1276 480 1452 543 Constituti
1467 482 1564 542 erant
1577 479 1730 541 minister
1744 490 1851 553 gene·

213 579 311 640 terim
343 579 452 640 omnia
488 578 714 639 ecclesiastica
748 581 957 639 sacramenta
985 594 1006 639 a
1059 579 1153 648 ratis,
1171 578 1274 641 etalii
1294 594 1413 654 graves
1432 577 1691 652 Ordinispatres
1707 574 1851 635 Pontid-
1935 614 1936 617 ,

212 674 334 736 ricinis
349 674 515 751 episcopis
530 674 688 751 accipere
706 674 821 745 libere,
836 676 869 736 et
881 673 1006 750 absque
1060 675 1108 735 cis
1129 677 1264 736 nomine
1277 678 1310 738 et
1326 675 1535 745 auctoritate,
1552 672 1773 734 commissarii
1789 670 1853 731 bu-

213 771 475 832 contradictione
486 771 636 848 possitis3
651 771 701 832 sic
710 773 821 832 tamen
837 773 873 831 ut
887 786 930 830 ex
943 769 1005 830 boc
1056 775 1112 848 jus
1137 772 1378 843 translationis,
1406 770 1524 848 quibus
1544 772 1654 831 tamen
1680 784 1747 829 non
1769 768 1852 828 adeo

212 869 248 928 in
263 869 430 943 posterum
446 868 580 944 proprio
601 868 756 944 episcopo
777 867 903 928 nullum
918 882 1007 943 praa·
1060 868 1200 930 liberum
1216 868 1278 930 fuit
1291 882 1365 929 eam
1381 883 1440 944 per
1453 884 1489 927 se
1503 866 1624 937 facere,
1640 882 1717 927 nam
1733 865 1855 926 cirita-

208 964 372 1042 judicium
386 965 572 1039 generetur.
586 965 670 1036 Quia
678 980 758 1025 varo
771 964 935 1024 interdum
947 979 1007 1023 ea·
1059 966 1102 1025 tis
1116 968 1261 1026 rectores
1282 965 1315 1026 id
1340 965 1404 1025 sibi
1424 965 1570 1024 muneris
1586 963 1852 1038 assumpserunt.

108 1060 115 1079 '
212 1061 443 1123 demecclesia
459 1077 525 1122 non
550 1061 650 1122 babet
672 1060 931 1122 locidioecesani
948 1075 1007 1120 co-
1059 1063 1378 1123 etutventumerat
1397 1061 1436 1121 ad
1461 1059 1637 1121 ecclesiam
1659 1058 1856 1119 restiterunt

212 1158 314 1234 piam,
341 1159 370 1218 si
395 1174 491 1235 quam
508 1159 699 1235 episcopum
723 1161 880 1219 Romanae
895 1155 1003 1227 seclia,

213 1258 249 1317 ut
260 1254 416 1325 diximus,
438 1256 580 1331 gratiam
604 1256 637 1316 et
659 1254 923 1315 communionem
939 1253 1004 1313 ba·

211 1350 446 1423 bentem,etde
457 1367 522 1428 quo
532 1352 664 1427 plenam
679 1352 831 1412 notitiam
841 1349 1003 1420 babeatis,

211 1463 270 1524 per
281 1465 341 1510 vos
355 1449 500 1509 transire
522 1448 709 1523 contigerit,
734 1446 776 1508 ab
789 1463 828 1509 eo
841 1447 1003 1507 benedic-

211 1545 320 1607 tiones
334 1561 501 1616 vasorum,
518 1544 550 1607 et
562 1546 718 1615 vestium,
736 1543 1005 1605 consecrationes

212 1641 380 1712 altarium,
395 1642 621 1703 ordinationes
637 1641 775 1702 fratrum
793 1640 1002 1710 clericorum,

212 1740 410 1800 auctoritate
429 1739 628 1815 apostolica
649 1739 745 1799 Sedis
770 1738 920 1813 recipere
941 1752 1004 1797 va-

212 1836 320 1897 leatis.
355 1838 435 1896 Cum
466 1838 576 1896 autam
608 1835 764 1911 generale
793 1833 1005 1896 interdictum

210 1936 310 1995 terrae
327 1933 436 2002 fuerit,
451 1931 928 2008 00001001100100010100010,
944 1945 1006 1991 ex·

213 2030 315 2091 clusis
335 2030 643 2101 excommunicatis,
668 2030 702 2090 et
722 2029 921 2099 interdictis,
938 2042 1004 2087 non

213 2127 353 2204 pulsatis
372 2128 555 2203 campanis,
581 2141 760 2202 suppressa
786 2140 868 2186 voca
890 2124 1004 2185 divina

213 2223 322 2284 officia
337 2223 519 2285 celebrare.
536 2223 617 2283 Paci
639 2238 769 2299 quoque
789 2223 823 2283 et
840 2219 1006 2296 tranquil-

213 2320 431 2381 litatirestrae
449 2322 589 2396 paterna
605 2318 638 2378 in
655 2322 823 2396 posterum
836 2317 1004 2378 sollicitu-

211 2418 289 2478 dine
304 2418 479 2494 providere
494 2417 654 2487 volentes,
671 2416 869 2477 auctoritate
892 2419 1004 2490 Apos-

95 2552 105 2563 =
210 2515 311 2577 tolica
326 2514 550 2591 probibemus,
571 2516 606 2575 ut
620 2512 708 2574 infra
723 2513 898 2573 clausuras
914 2511 1006 2571 loco-

211 2629 285 2673 rum
297 2614 483 2673 vestrorum
499 2611 611 2670 nullus
624 2611 775 2687 rapinam
799 2625 859 2669 seu
881 2608 1004 2669 furtum

212 2709 333 2781 facere,
341 2709 451 2784 ignem
463 2723 641 2784 apponere,
650 2704 1001 2782 sanguinemfundere‚

212 2805 380 2865 bominem
389 2806 515 2865 temere
529 2819 659 2880 capere,
669 2804 722 2864 vel
731 2802 932 2873 interficere,
945 2817 1004 2861 sau

212 2902 407 2963 violentiam
434 2900 556 2963 audeat
576 2916 746 2961 exercere.
770 2900 819 2960 Ad
843 2898 1003 2959 indicium

213 2999 324 3060 autem
348 2998 448 3075 ltuJ‘us
464 2997 626 3059 libertatis
642 2997 683 3059 ab
707 2997 895 3075 Apostolica
921 2995 1004 3057 Sede

212 3097 376 3175 perceptu
392 3097 490 3157 unius
512 3095 605 3157 librae
630 3111 716 3157 cerae
735 3111 882 3167 censum,
907 3093 1003 3155 nobis

212 3197 246 3257 et
256 3194 505 3256 successoribus
518 3194 640 3255 nostris
655 3194 754 3254 annis
769 3193 909 3268 singulis
923 3208 1003 3268 per-

212 3293 359 3355 solvetis.
376 3292 591 3353 Decernimus
605 3306 684 3367 ergo
710 3292 747 3352 ut
767 3291 850 3351 nulli
868 3289 1004 3351 omnino

210 3389 381 3451 bominum
394 3389 494 3451 liceat
507 3388 679 3465 praefatam
693 3388 869 3448 ecclesiam
879 3389 1004 3448 temere

211 3487 426 3565 perturbare,
455 3488 513 3548 aut
537 3490 610 3563 eJus
638 3486 725 3546 bona
758 3485 913 3557 auferre,
943 3500 1004 3545 nec

210 3583 321 3647 ablata
332 3584 487 3654 retinere,
502 3585 564 3644 etc.
577 3584 711 3643 Cunctis
722 3585 844 3647 autem,
858 3583 920 3641 etc.
937 3583 1005 3640 Da-

209 3685 280 3744 tum
291 3681 458 3751 Laterani,
471 3695 530 3756 per
540 3695 673 3739 manum
687 3679 837 3754 magistri
853 3677 1002 3747 Martini,

211 3780 245 3839 S.
263 3781 301 3839 lt.
317 3780 352 3838 Ε.
368 3775 649 3837 vicecancellarii.

249 4073 304 4132 Vl.
327 4070 441 4131 Multis
468 4070 648 4147 praemissis
677 4068 858 4146 praeludiis,
882 4083 1003 4143 magna

208 4170 395 4248 praeparata
417 4168 637 4239 solemnitate,
653 4166 786 4228 tandem
807 4166 842 4226 in
857 4165 1002 4242 profesto

209 4271 421 4331 Pentecostes
436 4265 490 4328 dic
504 4265 665 4342 vigesimo
679 4264 794 4341 quinto
810 4263 890 4324 maii
915 4261 1002 4324 facta

1060 1148 1224 1219 communi
1247 1158 1395 1219 omnium
1416 1156 1583 1218 desiderio
1602 1172 1723 1232 corpus
1737 1155 1856 1215 videre

1059 1256 1251 1326 volentium,
1269 1270 1345 1315 nam
1358 1254 1526 1330 rapientes
1544 1252 1625 1313 illud
1647 1254 1682 1313 in
1695 1251 1854 1329 superbia

1059 1355 1092 1414 et
1106 1352 1249 1413 tumultu
1260 1351 1308 1429 (1)
1319 1349 1748 1426 translationismysterium
1761 1348 1858 1409 dam·

1060 1448 1216 1510 rabiliter
1235 1448 1497 1525 propbanarunt,
1514 1462 1581 1507 non
1594 1447 1717 1523 passia
1735 1445 1857 1505 fratri·

1059 1545 1120 1606 bus
1136 1545 1293 1621 praedicto
1308 1543 1594 1620 corporidebitam
1604 1543 1858 1604 venerationem

1059 1642 1223 1713 exbiberi,
1240 1641 1317 1701 dum
1339 1642 1450 1703 omnia
1466 1640 1713 1717 perturbarunt,
1741 1641 1857 1700 omnia

1059 1739 1289 1801 confuderunt.
1308 1740 1356 1799 lta
1368 1738 1473 1800 refert
1487 1738 1641 1799 Pontifex
1655 1737 1859 1813 gravissimo

1059 1838 1100 1898 da
1123 1837 1187 1899 hac
1210 1852 1248 1897 re
1275 1835 1465 1912 diplomate,
1493 1837 1606 1896 statim
1635 1834 1857 1912 subjiciendo,

1059 1934 1138 1994 licet
1152 1932 1255 2008 aliqui
1282 1947 1325 1993 ex
1349 1932 1472 1993 nostris
1489 1932 1620 2008 culpam
1632 1946 1764 1991 omnem
1780 1931 1861 2006 reji-

1059 2031 1150 2092 ciant
1164 2030 1198 2090 in
1220 2030 1362 2100 Heliam,
1385 2031 1439 2089 cui
1459 2029 1556 2106 plura
1571 2028 1659 2089 ultra
1676 2028 1857 2088 veritatem
1935 2074 1936 2083 ,

1059 2128 1230 2204 imposita3
1266 2127 1352 2202 quod
1388 2126 1425 2188 tit
1449 2126 1661 2203 *frequenter
1691 2125 1763 2197 bis,
1798 2124 1859 2201 qui
1935 2142 1936 2147 ¹

1058 2227 1189 2300 regunt,
1205 2225 1388 2300 prasertim
1404 2225 1458 2295 iis,
1479 2239 1618 2301 quorum
1635 2223 1738 2284 semel
1754 2221 1860 2297 depe

1058 2324 1116 2383 riit
1144 2322 1269 2398 opinio,
1295 2322 1331 2382 ut
1355 2321 1455 2382 facile
1481 2322 1639 2400 quidquid
1659 2320 1704 2383 sit
1723 2319 1859 2380 maliin
1935 2374 1936 2377 ,

1059 2435 1116 2480 eos
1139 2418 1346 2489 refundatur,
1374 2418 1545 2480 et.dubiae
1570 2433 1681 2488 noxae,
1712 2432 1858 2493 quorum

1059 2518 1152 2577 actor
1171 2516 1329 2585 incertus,
1351 2516 1418 2576 illis
1440 2515 1630 2591 affigantur.
1646 2516 1806 2575 Fortasse
1821 2515 1858 2574 in

1059 2628 1099 2674 eo
1111 2613 1276 2674 laborarit
1300 2613 1425 2683 Helias,
1443 2614 1480 2672 ut
1502 2627 1567 2672 non
1584 2613 1711 2687 pateret
1725 2612 1859 2688 rapinae

1059 2727 1191 2787 corpus,
1210 2712 1243 2772 et
1257 2712 1293 2772 ut
1307 2709 1348 2771 ab
1363 2711 1510 2771 omnium
1529 2708 1719 2770 auferretur
1733 2708 1857 2779 oculis,

1059 2824 1098 2869 aa
1123 2810 1196 2869 arta
1219 2809 1256 2871 ut
1278 2807 1364 2868 nulli
1379 2807 1603 2867 innotesceret
1617 2806 1723 2876 locus,
1737 2805 1774 2865 in
1789 2822 1861 2883 quo

1058 2904 1310 2975 recondebatur,
1331 2920 1392 2965 nec
1407 2903 1593 2976 cuniculus,
1613 2904 1670 2964 aut
1683 2902 1858 2972 ostiolum,

1059 3018 1119 3079 per
1138 3002 1223 3079 quod
1239 3001 1503 3063 descendebatur
1526 3001 1565 3061 ad
1582 2999 1759 3061 ecclesiam
1775 2998 1861 3060 sub—

1060 3102 1259 3162 terraneam.
1288 3099 1425 3161 Turbati
1453 3115 1520 3160 non
1540 3114 1655 3176 parum
1675 3097 1797 3158 fratres
1813 3113 1861 3158 ex

1057 3200 1151 3260 tanto
1165 3197 1308 3259 tumultu
1319 3200 1352 3259 et
1366 3196 1518 3258 fraudato
1531 3196 1709 3266 desiderio,
1722 3211 1786 3256 nec
1796 3196 1861 3256 de-

1059 3295 1203 3366 fuerunt,
1219 3295 1277 3371 qui
1299 3294 1385 3370 apud
1411 3294 1605 3354 Pontificem
1621 3296 1859 3371 quererentur,

1059 3392 1251 3468 adquorum
1266 3391 1461 3451 relationem
1475 3390 1689 3452 vehementer
1701 3405 1859 3450 commo-

1058 3491 1124 3562 tus,
1141 3489 1326 3566 increparit
1343 3503 1462 3564 aspere
1478 3487 1668 3559 Assisiates,
1685 3487 1860 3564 jussitque

1059 3589 1096 3648 ut
1118 3602 1229 3647 coram
1258 3587 1293 3647 in
1319 3585 1407 3646 Urbe
1440 3586 1641 3662 apparerent
1666 3586 1860 3646 exsenatu

1059 3684 1162 3760 aliqui
1175 3683 1308 3757 dignam
1323 3684 1414 3744 tanta
1435 3682 1624 3743 temeritate
1646 3697 1778 3757 poenam
1794 3698 1859 3742 so-

997 3817 1003 3830 ·
1058 3781 1171 3842 futuri.
1188 3779 1336 3856 injunxit
1351 3780 1451 3841 etiam
1465 3794 1524 3854 per
1539 3779 1707 3855 piissimas
1722 3780 1755 3841 et
1768 3794 1857 3854 gra-

1057 3878 1211 3938 vissimas
1225 3878 1352 3939 litteras
1367 3877 1533 3952 episcopis
1546 3876 1709 3937 Perusino
1724 3879 1758 3936 et
1773 3879 1860 3953 Spo-

1057 3975 1179 4045 letano,
1197 3977 1232 4035 ut
1254 3975 1411 4034 curarent
1436 3972 1567 4049 plenam
1589 3973 1858 4036 satisfactionem

1057 4071 1129 4132 dari
1145 4071 1208 4147 ipsi
1225 4071 1378 4133 Pontifici
1392 4071 1493 4131 tantae
1509 4070 1652 4147 injuriae,
1672 4087 1772 4147 quam
1788 4072 1858 4134 sibi

1057 4170 1104 4230 ait
1117 4170 1310 4244 irrogatam.
1327 4167 1476 4229 liabetur
1486 4167 1522 4229 in
1534 4171 1606 4245 ejus
1622 4170 1766 4244 Regesto
1781 4185 1856 4231 nu-

1057 4281 1148 4327 mero
1162 4268 1221 4327 38:

210 4370 259 4429 est
272 4366 459 4437 translatio,
487 4364 617 4425 elevata
641 4365 770 4423 eterra
792 4377 1001 4437 magnocum
1097 4364 1276 4440 Gregorius
1311 4356 1497 4440 episcopus,
1534 4379 1650 4425 servus
1677 4379 1858 4427 serrorum

208 4466 365 4540 clangore
378 4463 532 4525 tubarum
545 4460 753 4536 aliorumque
769 4460 1003 4522 instrumento·
1056 4463 1127 4531 Dei,
1145 4457 1318 4531 Perusino,
1335 4461 1368 4522 et
1383 4461 1561 4537 Spoletano
1574 4462 1751 4538 episcopis
1767 4466 1833 4525 etc.

208 4577 283 4623 rum
309 4576 409 4636 capsa
433 4561 555 4636 lignea,
574 4560 690 4636 inqua
714 4560 865 4619 sanctum
881 4574 1002 4634 corpus
1097 4559 1309 4634 speravimus
1324 4558 1486 4618 hactenus
1509 4563 1544 4618 ut
1558 4561 1715 4634 potestas,
1740 4561 1858 4622 consi-

208 4656 461 4725 cccludebatur,
497 4657 718 4733 impositaque
756 4656 906 4732 plaustro
942 4671 1001 4716 seu
1057 4657 1150 4724 lium,
1165 4657 1198 4717 et
1211 4655 1351 4731 populus
1361 4654 1618 4715 Assisinatansis
1633 4656 1856 4734 multiplicem

208 4756 321 4817 currui
337 4754 571 4830 pulcherrimo,
585 4753 669 4813 mira
682 4756 715 4814 et
727 4754 872 4828 pretiosa
887 4754 1001 4814 varie·
1056 4753 1210 4829 gratiam,
1236 4767 1301 4828 qua
1327 4767 1384 4812 eos
1406 4750 1514 4813 adbuc
1534 4751 1568 4811 in
1594 4752 1716 4813 minori
1740 4755 1856 4818 officio

206 4856 275 4916 tate
290 4852 419 4923 ornato,
436 4867 533 4927 quern
553 4849 594 4910 ob
610 4850 777 4924 ingentem
790 4850 912 4909 molem
926 4852 1001 4910 tra·
1057 4850 1227 4912 constituti
1251 4849 1484 4925 praevenimus,
1506 4851 1538 4910 et
1558 4865 1672 4910 sumus
1689 4853 1855 4915 continuo

206 4951 329 5012 habant
342 4949 446 5010 boves
462 4961 607 5024 purpura
624 4945 783 5022 cooperti.
801 4946 841 5005 vi
856 4948 889 5007 et
899 4946 1001 5006 armis
1057 4946 1242 5024 prosecuti,
1275 4945 1362 5007 sicut
1394 4946 1566 5017 convenit,
1607 4951 1853 5023 agnoscentes,

206 5048 384 5109 voluerunt
412 5061 486 5106 esse
524 5042 682 5119 praecipui
712 5043 842 5103 actores
870 5043 905 5103 in
936 5043 1000 5105 hoc
1055 5046 1263 5108 sectarentur
1297 5043 1460 5118 agnitam,
1496 5047 1690 5106 reverenter
1726 5049 1857 5109 nostris
1935 5099 1936 5104 ,

85 5159 89 5166 ’
206 5144 394 5222 spectaculo
408 5144 500 5203 cives
513 5141 693 5202 Assisiates
708 5138 866 5202 adhibitis
886 5141 998 5203 multis
1052 5143 1271 5219 beneplacitis
1316 5142 1514 5202 omnimodis
1549 5141 1779 5218 obsequendo,
1817 5147 1856 5208 ut

205 5240 407 5311 custodibus,
417 5238 998 5310 atvalidamilitummanu,caventes
1053 5256 1184 5317 semper
1208 5239 1243 5299 in
1262 5238 1405 5314 gratiam
1426 5241 1614 5300 crescerent
1637 5241 1853 5315 ampliorem.

204 5354 247 5400 ne
259 5338 335 5399 dolo
348 5338 428 5408 ullo,
441 5337 577 5399 autarte
588 5335 826 5412 subriperetur,
834 5336 888 5396 vet
898 5351 999 5413 praes·
1053 5339 1117 5399 Sed
1131 5337 1217 5415 quod
1240 5353 1305 5397 non
1332 5336 1405 5396 sine
1424 5336 1647 5399 amaritudine
1669 5338 1853 5402 referimus

203 5437 283 5497 01010
299 5436 376 5497 01110
387 5435 536 5513 partibus
547 5435 753 5495 minueretur
762 5434 846 5495 adeo
856 5434 997 5510 insignis
1052 5434 1251 5505 venementi,
1268 5432 1333 5510 ipsi
1343 5433 1448 5509 gratis
1462 5432 1598 5509 ingrati,
1610 5433 1706 5495 nobis
1724 5437 1853 5499 malum

239 5642 283 5716 (1)
299 5640 372 5701 Vide
389 5640 525 5708 notulam,
543 5653 616 5710 qua,
632 5645 695 5710 post
712 5636 887 5711 epitaphium
903 5637 994 5695 sancti
1015 5639 1167 5706 francisci,
1185 5636 1257 5695 inim
1279 5636 1402 5709 ponitur.
