3950 6200
275 226 337 290 aad
716 224 750 286 S.
778 224 958 287 ΑΝΤΟΝΙΙ
987 219 1174 284 PADUANI
1205 222 1343 287 OPERA
1370 225 1517 287 omnm.
1807 235 1851 298 bid

274 386 377 450 vellet
398 384 522 449 deferri
546 400 605 463 per
624 364 716 447 mare
741 385 776 447 in
805 383 955 457 Tharsis,
980 382 1072 445 dedit
1126 383 1336 461 propterboc
1351 383 1432 447 dicit
1448 403 1492 447 a«
1516 386 1652 458 Quaesivi
1668 387 1758 466 illum,
1771 394 1853 457 elnon

274 484 425 557 naulum,
453 485 489 546 ut
514 482 715 558 deferretur3
741 485 775 546 et
797 481 970 546 absorbuit
995 496 1071 542 eum
1126 481 1250 544 inveni.
1268 481 1463 545 ›Seddieet
1477 483 1552 562 quis
1568 505 1575 544 ι
1589 485 1854 568 Adquidergoqm·

276 583 348 645 cete
362 605 370 643 ε
384 584 418 644 θῖ
432 580 598 643 clamabat
622 581 663 643 de
677 583 794 643 ventre
814 581 878 643 ceti
900 579 941 642 ad
958 578 1073 640 Domi·
1125 580 1240 642 rebatt
1260 583 1331 642 Hoc
1343 580 1433 652 fecit,
1448 583 1485 643 ut
1498 582 1646 644 innueret
1659 584 1761 646 multos
1773 603 1854 651 erroro

274 696 375 755 num;
399 680 432 742 et
453 679 612 758 praecepit
636 679 796 741 Dominus
820 678 915 755 pisci,
938 680 971 739 et
992 691 1073 737 evo-
1126 676 1292 756 deceptos,
1319 679 1376 755 qui
1400 679 1576 741 Dominum
1606 680 1639 740 in
1670 682 1854 758 temporalibus

278 777 363 840 mult
376 794 452 839 eum
467 778 502 838 in
517 777 657 839 aridam.
676 778 780 847 Mare,
797 775 962 837 mundus:
980 775 1070 841 cete,
1127 778 1290 852 quaerunt,
1315 777 1470 853 putantes
1492 793 1568 838 eum
1590 776 1634 838 ibi
1656 779 1796 853 invenire
1817 783 1854 842 sed

274 875 427 973 diabolus
451 897 459 936 :
484 875 598 947 Jonas,
629 876 785 953 peccator
810 896 817 935 :
847 873 993 935 Nauium
1020 874 1073 934 est
1125 873 1260 935 tramite
1291 874 1401 947 devio,
1437 874 1525 936 sicut
1557 874 1634 937 dicit
1662 876 1852 955 Philosophum
1915 902 1916 963 q

273 973 417 1051 pretium
433 973 577 1050 remigii.
598 972 736 1034 Tharais
752 972 1070 1049 interpretaturex·
1126 986 1204 1032 narn
1232 971 1281 1032 sic
1308 971 1388 1032 mali
1419 972 1528 1049 ipsum
1563 976 1714 1050 quaerunt,
1738 976 1766 1035 et
1786 991 1855 1051 appe
1915 972 1916 1055 i

273 1071 416 1149 ploratio
427 1070 764 1147 gaudii,etsigniflcat
773 1069 931 1146 gaudium
941 1067 1069 1135 mundi,
1124 1068 1210 1140 tunt,
1240 1067 1297 1131 sed
1325 1068 1374 1130 sic
1399 1069 1508 1145 ipsum
1540 1084 1605 1130 nou
1619 1069 1780 1143 inveniunt,
1798 1072 1856 1133 sieut

274 1168 315 1230 ad
330 1168 416 1246 quod
431 1169 467 1230 ut
486 1167 656 1229 deferatur
669 1168 835 1245 peccator,
852 1165 908 1228 dat
920 1165 1069 1235 naulum,
1126 1165 1181 1226 laic
1195 1164 1318 1227 dicitur
1333 1186 1341 1226 a
1356 1165 1512 1237 Quaesivi,
1528 1167 1560 1228 et
1574 1180 1639 1227 non
1659 1166 1767 1227 inveni.
1786 1168 1858 1229 bidi-

271 1266 358 1328 idest
380 1266 550 1344 propriam
577 1266 745 1339 animam,
777 1268 810 1326 et
836 1264 984 1326 defertur
1011 1278 1072 1340 per
1125 1262 1171 1324 cit
1196 1284 1203 1323 :
1226 1265 1414 1339 «Surgam,
1442 1264 1475 1325 et
1496 1263 1641 1325 circuibo
1662 1263 1803 1325 civitaten
1819 1280 1858 1341 por
1915 1278 1916 1351 l

274 1380 378 1426 mare.
395 1364 457 1425 Hic
470 1364 681 1426 devoratura
694 1361 827 1424 diabolo
840 1384 846 1421 :
866 1361 928 1423 Sed
943 1361 1021 1438 quia
1036 1360 1069 1421 id
1125 1359 1229 1434 vicos,
1244 1362 1278 1421 et
1292 1359 1432 1438 plateas.
1449 1361 1608 1423 »Civitas
1622 1361 1751 1422 mundus
1771 1363 1821 1436 est,
1837 1363 1860 1421 iu
1915 1370 1916 1439 l

275 1460 398 1532 restat;
420 1459 542 1520 clamet
565 1457 606 1519 de
629 1457 747 1519 ventre
767 1456 832 1518 ceti
853 1456 1069 1524 arrotrebas,
1125 1458 1189 1519 bac
1215 1459 1325 1519 aulem
1354 1473 1420 1519 non
1446 1459 1498 1521 est
1521 1459 1678 1521 christus.
1705 1459 1785 1521 Unde
1803 1462 1860 1520 Osee

273 1556 360 1618 idest
371 1557 412 1617 de
433 1555 658 1634 profunditate
680 1555 809 1632 peccati
827 1575 834 1614 z
851 1554 884 1615 et
899 1553 1072 1631 praecipiet
1126 1551 1240 1633 (11,9)
1258 1574 1266 1615 a
1282 1571 1301 1615 a
1315 1556 1383 1630 Ego
1398 1556 1497 1628 Deus,
1526 1555 1560 1617 et
1573 1570 1638 1616 non
1661 1555 1758 1626 bomo,
1778 1556 1804 1617 ot
1816 1570 1862 1616 nou
1915 1580 1916 1641 p

272 1654 434 1716 Dominus
447 1654 529 1723 cete,
546 1652 632 1715 idest
646 1652 779 1714 diabolo
795 1654 831 1714 ut
844 1652 976 1713 evomat
994 1665 1070 1713 eum
1125 1651 1297 1727 ingrediar
1311 1652 1492 1714 civitatem.
1518 1671 1537 1714 >
1557 1656 1604 1714 De
1618 1669 1680 1731 qua
1697 1652 1860 1715 autemclvi·

270 1750 307 1813 in
321 1750 462 1822 aridam,
484 1750 547 1812 boc
570 1751 622 1814 θεῖ
645 1750 680 1810 in
702 1749 887 1811 siccitatem
909 1748 1010 1824 ignis,
1036 1749 1071 1810 et
1124 1750 1193 1811 tate
1212 1749 1268 1811 bic
1285 1749 1509 1826 intelligatur,
1526 1750 1706 1812 ostenditur
1726 1750 1863 1811 inilabun
1915 1760 1916 1843 p

272 1847 527 1917 amorisdivini,
543 1849 600 1925 qui
622 1846 726 1908 liuida
741 1846 924 1923 restringit,
948 1847 981 1907 et
992 1860 1069 1907 res-
1126 1845 1399 1927 (3,1ad3):‹vae
1407 1848 1526 1910 civitas
1537 1849 1738 1925 sanguinum,
1747 1848 1862 1907 umrona
1915 1848 1916 1919 l

270 1947 420 2023 tringere
444 1945 534 2007 facit.
563 1944 655 2018 Quod
679 1943 859 2022 providens
886 1942 1067 2019 Propheta,
1125 1945 1290 2007 mendacii
1306 1945 1545 2008 dilaceratione
1560 1947 1656 2023 plena
1671 1968 1678 2008 a
1692 1943 1863 2008 Nonracadet
1915 1926 1916 2017 l

272 2044 377 2106 dicit:
394 2045 496 2105 ‹Non
511 2042 688 2104 absorbeat
699 2057 752 2102 me
767 2040 1012 2119 profundum.»
1031 2041 1072 2102 ut
1124 2057 1144 2104 a
1167 2043 1201 2105 te
1222 2042 1352 2120 rapina,
1374 2058 1443 2105 vox
1467 2043 1604 2120 flagelli,
1632 2045 1665 2106 et
1682 2058 1742 2105 vox
1758 2041 1862 2118 impetus

272 2142 301 2203 si
316 2140 401 2204 forte
409 2140 643 2215 absorbeatur,
660 2139 771 2202 subdit
785 2142 913 2216 petens,
937 2139 974 2200 ut
1002 2152 1069 2199 non
1124 2141 1218 2212 rotae,
1244 2142 1278 2202 et
1298 2141 1375 2219 equi
1400 2139 1583 2213 frementia,
1609 2141 1642 2204 et
1658 2138 1862 2219 quadrigata-
1915 2146 1916 2165 ¹

272 2240 392 2315 urgeat
417 2253 614 2317 supereum
635 2239 753 2314 puteus
779 2251 959 2310 ossuum,
988 2235 1067 2313 quia
1123 2237 1244 2306 ventis,
1262 2239 1295 2299 et
1318 2238 1439 2316 equitis
1459 2239 1682 2312 ascendentis,
1706 2234 1863 2299 elmicaotis
1915 2310 1916 2319 ἵ

272 2336 420 2414 quandiu
435 2351 502 2397 non
518 2334 684 2398 clauditur
707 2349 744 2396 os
765 2334 868 2412 putei,
885 2333 993 2410 potest
1007 2333 1070 2393 ba·
1123 2335 1239 2411 gladii,
1253 2336 1286 2397 et
1300 2334 1501 2413 fulgurantis
1515 2335 1634 2398 bastae.
1650 2354 1668 2396 a
1683 2337 1758 2397 Ecce
1769 2332 1862 2401 civitas,
1915 2336 1916 2419 l

270 2432 343 2495 beri
356 2449 431 2512 spes
442 2433 602 2509 exeundi3
615 2432 693 2510 quia
704 2432 852 2510 quandiu
862 2432 946 2493 vivit
955 2430 1066 2501 homo,
1123 2433 1247 2510 inqua,
1271 2433 1299 2493 si
1319 2436 1489 2511 quaeratur
1509 2434 1680 2509 Dominus,
1701 2427 1864 2494 noniuvani·
1915 2424 1916 2519 J

272 2533 307 2593 in
321 2533 577 2610 quantacunque
593 2529 820 2607 profunditate
833 2529 992 2591 vitiorum
1007 2527 1068 2589 ab·
1125 2532 1195 2604 lur;
1218 2546 1292 2608 quaa
1306 2531 1463 2593 videlicet
1483 2533 1533 2594 est
1555 2532 1674 2594 civitas
1698 2528 1862 2605 sanguinum,
1915 2538 1916 2603 l

272 2631 405 2707 sorptus
428 2629 539 2702 fuerit,
557 2628 586 2688 sl
601 2627 797 2690 clamaverit
815 2628 857 2690 ad
877 2626 1065 2698 Dominum,
1122 2627 1202 2705 quia
1223 2627 1365 2689 mundus
1383 2628 1420 2688 in
1442 2628 1592 2706 maligno
1612 2629 1732 2707 positus
1753 2622 1863 2687 bomine
1915 2606 1916 2695 l

271 2728 450 2803 antequam
473 2740 511 2786 os
533 2725 624 2802 putei
650 2725 836 2796 claudatur,
862 2723 903 2786 ab
923 2723 986 2785 boc
1002 2739 1066 2801 po·
1122 2725 1247 2803 linguis
1262 2725 1332 2788 suis
1347 2725 1521 2802 interficit3
1539 2726 1576 2787 in
1591 2742 1656 2805 qua
1672 2722 1863 2789 nullaveritrr,
1915 2702 1916 2771 l

273 2823 353 2885 terit
378 2822 528 2884 liberari.
560 2822 623 2883 Sed
649 2822 679 2883 si
707 2825 813 2884 morte
842 2822 1066 2899 praeveniente
1123 2823 1527 2899 sedomnemendacium;
1544 2824 1775 2887 dilaceratione
1784 2823 1865 2894 plenu

272 2934 374 2996 super
395 2936 471 2982 eum
497 2920 647 2982 clausum
664 2919 775 2992 fuerit,
803 2919 895 2981 nulla
912 2933 989 2996 spes
1003 2917 1068 2981 erit
1122 2921 1339 2995 detractione,
1355 2923 1389 2983 et
1400 2920 1494 2996 odi03
1512 2936 1533 2983 a
1547 2937 1614 2999 qua
1627 2935 1694 2983 oon
1707 2916 1817 2983 recedat
1825 2928 1868 2974 aa·
1915 2942 1916 3013 p

273 3017 315 3080 de
329 3018 440 3080 cetero
454 3017 664 3094 resurgendi.
681 3019 752 3079 Hoc
765 3016 948 3079 formidans
961 3019 1069 3078 Sanc·
1120 3023 1216 3095 piata,
1233 3018 1311 3097 quia
1325 3017 1372 3079 ibi
1387 3018 1590 3096 opprimitur
1608 3033 1738 3097 pauper,
1750 3010 1866 3093 pupillis,
1915 3016 1916 3089 l

272 3119 327 3181 tus
340 3117 395 3179 bic
410 3117 483 3180 orat
500 3137 508 3177 ε
524 3117 628 3178 «Non
644 3131 697 3178 me
707 3115 878 3192 demergat
886 3116 1067 3193 tempestas
1122 3119 1156 3181 et
1169 3118 1281 3193 vidua,
1303 3109 1350 3179 ibi
1368 3119 1420 3179 est
1439 3117 1505 3192 flrr,
1532 3115 1759 3190 foenerator,et
1772 3110 1865 3187 raptor
1915 3101 1916 3182 l

272 3229 379 3291 aquae,
397 3229 503 3292 neque
515 3212 694 3275 absorbeat
706 3230 758 3275 me
771 3213 982 3291 profundum,
1002 3228 1067 3274 ne·
1101 3281 1103 3286 ,
1121 3214 1168 3278 ibi
1183 3217 1235 3278 est
1248 3230 1319 3278 vox
1329 3216 1465 3292 nocebit,
1479 3215 1567 3279 idest
1579 3214 1758 3288 tribulatio;
1775 3211 1868 3285 alper-
1915 3203 1916 3296 l

271 3328 335 3389 que
350 3311 469 3388 urgeat
483 3327 582 3388 super
594 3326 647 3372 me
661 3312 780 3389 puteus
793 3326 830 3373 οε
843 3327 985 3372 suum.»
1122 3313 1260 3387 secutio,
1277 3314 1407 3401 quasin
1427 3314 1569 3376 Sanctos
1591 3312 1729 3375 mundus
1744 3304 1866 3371 exercuit.
1915 3299 1916 3390 l

1121 3411 1155 3473 et
1169 3411 1313 3473 exercet.
1325 3411 1481 3487 Impetus
1495 3412 1596 3485 rotae,
1610 3411 1769 3473 discursus
1780 3406 1820 3467 est
1827 3414 1868 3479 per

1121 3509 1253 3570 diversa
1272 3523 1396 3585 genera
1419 3509 1591 3571 vitiorum.
1620 3512 1735 3584 Equos
1752 3509 1869 3580 prauos
1915 3507 1916 3592 l

504 3589 644 3651 SERMO
670 3590 829 3650 CXXVII·
1121 3606 1172 3668 est
1192 3604 1355 3677 diabolus,
1379 3607 1474 3683 cujus
1500 3620 1699 3668 ascensores
1725 3599 1868 3679 impetuose
1915 3595 1916 3684 l

269 3728 397 3799 Qualiter
410 3728 537 3786 lbrristrrs
554 3729 698 3800 queritur,
719 3735 748 3786 et
763 3727 811 3786 ubi
829 3729 1000 3800 inveniatur,
1020 3730 1066 3788 vel
1120 3702 1273 3810 Qum?
1287 3703 1322 3764 ³¹¹
1336 3703 1466 3780 P⁰⁰⁰³fi
1487 3704 1720 3782 mmmmm·
1737 3697 1870 3768 wrm
1915 3705 1916 3780 Ϊ

374 3829 431 3874 non
446 3816 608 3874 inveniatur
614 3831 624 3888 ;
643 3824 673 3874 et
690 3816 727 3874 de
740 3824 860 3889 quatuor
875 3817 961 3877 vitiis.
1119 3802 1260 3876 servem
1275 3801 1327 3862 θθῗ
1347 3800 1509 3878 quadriga
1532 3800 1731 3872 Phffl'flffllss,
1748 3802 1869 3875 quacun

270 3953 422 4022 Ortaertte
435 3954 632 4024 Dominum,
648 3952 683 4014 cf
699 3953 793 4014 vtoet
808 3956 928 4017 ootmo
947 3955 1066 4019 oestro
1120 3897 1716 4058 ἓξὲξξὲῒῖἓαζὲξθῗώῗέξξξῗζθίἓ
1740 3901 1871 4068 gagg,
1915 3941 1916 3998 ἶ

539 4045 643 4125 (psal‘
659 4049 710 4119 68,
726 4046 794 4128 33).
1118 4093 1230 4168 timor,
1242 4095 1275 4156 et
1286 4092 1392 4155 dolor.
1404 4013 1464 4156 fig
1475 4095 1554 4156 sunt
1567 4014 1810 4172 quatffor’animi
1820 4096 1872 4160 pas·
1915 4051 1916 4066 ἵ

309 4195 475 4253 Docemur
516 4188 572 4251 hic
615 4205 766 4267 quaerere
804 4191 997 4260 Dominum,
1029 4194 1066 4255 ut
1119 4190 1398 4268 aiones:Spesde
1413 4189 1525 4252 futuro
1542 4177 1871 4263 commoaouuponll
1915 4183 1916 4252 Ϊ

267 4287 420 4351 vivamus
447 4286 629 4348 secundum
658 4290 773 4349 Deum.
796 4286 966 4360 Quomodo
997 4303 1064 4350 au·
1119 4287 1283 4349 Gaudium
1305 4286 1568 4365 dejamlaabito,
1592 4279 1874 4350 Timorneamitla·
1915 4275 1916 4310 ¹

267 4387 333 4448 tem
367 4384 548 4462 quaeratur,
582 4385 635 4447 vel
668 4383 725 4445 ubi
764 4385 974 4460 inveniatur,
1009 4386 1064 4448 vel
1118 4386 1183 4461 tur,
1200 4384 1301 4446 Dolor
1315 4385 1479 4447 autemde
1494 4386 1690 4448 amissione.
1717 4387 1815 4457 Eques
1832 4386 1875 4435 lll-

267 4497 334 4544 non
367 4481 568 4554 inveniatur,
598 4479 741 4544 babetur
769 4481 804 4543 in
839 4482 985 4546 canticis
1013 4482 1062 4564 (3,
1116 4485 1265 4545 cenaeos
1287 4482 1387 4544 homo
1408 4483 1564 4560 peccator
1585 4486 1649 4546 est.
1674 4486 1798 4545 Mtcaos
1817 4477 1874 4549 fif·

269 4582 285 4641 1
316 4580 349 4642 et
375 4577 414 4658 2)
444 4599 451 4638 :
478 4577 535 4638 ubi
568 4577 650 4640 dicit
686 4594 808 4657 sponsa
838 4602 846 4640 :
873 4597 892 4641 a
916 4581 955 4642 in
985 4580 1063 4642 lec-
1117 4581 1206 4650 diua,
1228 4578 1366 4641 verbum
1390 4595 1533 4658 nequam
1555 4581 1631 4643 arte
1650 4565 1875 4647 rethoricaptl·

267 4675 338 4738 tulo
380 4674 520 4752 quaesivi
559 4690 619 4751 per
655 4677 784 4737 noctem
824 4673 882 4755 (l)
922 4676 1063 4755 quaesivi
1117 4676 1246 4738 blatum.
1262 4677 1574 4752 Hastafttlporooa
1585 4675 1875 4740 estrerbumrenl·

267 4788 364 4852 quem
380 4771 489 4848 diligit
506 4771 618 4832 anima
639 4787 712 4833 mea
729 4794 737 4832 z
753 4772 893 4850 quaesivi
908 4773 1015 4847 illum,
1029 4777 1063 4837 et
1117 4776 1244 4847 netum,
1265 4774 1319 4836 vel
1342 4773 1483 4836 tentatio
1506 4774 1638 4847 lucens,
1662 4771 1756 4853 quasi
1770 4757 1876 4831 tranl-
1915 4829 1916 4854 1

265 4886 332 4932 non
348 4868 474 4931 inveni.
496 4869 648 4944 Surgam,
671 4871 705 4930 et
721 4867 870 4930 circuibo
893 4870 1062 4934 civitatem
1116 4887 1241 4949 gurans
1257 4887 1293 4932 se
1304 4871 1338 4933 in
1350 4872 1514 4954 Angelum
1523 4872 1623 4934 lueis.
1634 4875 1714 4934 Haec
1724 4864 1875 4935 suntblljus
1915 4857 1916 4880 ¹

265 4983 325 5047 per
343 4967 448 5039 vicos,
465 4966 499 5028 θῖ
516 4966 644 5043 plateas
658 4983 693 5040 ›;
710 4967 744 5028 et
758 4965 860 5029 dicit:
877 4968 916 5029 Et
934 4967 981 5029 ibi
994 4985 1062 5031 non
1116 4969 1227 5048 oppidi
1244 4970 1458 5032 munimenta.
1475 4971 1619 5047 Propter
1632 4968 1719 5048 quod
1731 4980 1792 5028 uon
1803 4962 1876 5023 iure·

264 5065 389 5129 inveni.
407 5062 674 5142 Benesiquidem
690 5061 890 5138 dictumest,
907 5065 985 5142 quia
1004 5066 1061 5128 ubi
1116 5068 1207 5129 nitur
1221 5053 1392 5140 Dominus,
1407 5066 1552 5129 necillic
1572 5066 1720 5140 habitat,
1735 5055 1876 5126 etsrcutr

263 5177 319 5226 res
333 5177 400 5224 non
426 5162 488 5233 est,
513 5176 582 5222 non
603 5160 711 5238 potest
729 5160 886 5223 inveniri.
903 5161 1060 5227 Lectulus
1116 5161 1268 5242 quaereris
1291 5179 1358 5226 non
1379 5164 1555 5226 invenitin
1570 5149 1876 5228 obaemulabor

262 5261 328 5322 iste
350 5261 402 5321 est
422 5258 578 5332 felicitas,
603 5259 637 5322 et
657 5257 834 5322 delectatio
851 5260 1059 5338 temporalis,
1114 5261 1200 5324 bene
1215 5262 1296 5325 dicit
1311 5265 1439 5340 Sponsa
1456 5279 1496 5323 :a
1511 5262 1662 5334 Quaesivi
1677 5262 1780 5328 illum,
1794 5256 1875 5316 anon

262 5359 296 5421 et
318 5357 507 5434 saecularis3
539 5372 608 5420 nox
632 5357 684 5419 est
710 5359 908 5436 peccatum3
941 5359 999 5421 sed
1024 5359 1060 5421 in
1114 5359 1278 5422 inveni.»

263 5456 317 5517 lais
330 5470 396 5517 non
411 5456 462 5517 est
473 5454 636 5527 christus,
648 5471 710 5519 neo
725 5456 870 5519 inveniri
884 5459 1010 5534 polest;
1027 5459 1060 5521 et
1155 5456 1218 5520 Ubi
1233 5459 1284 5520 est
1298 5472 1377 5533 ergo
1390 5456 1610 5535 quarendusi
1624 5456 1690 5520 Ubi
1701 5446 1875 5517 sciboetlmc

297 5558 340 5631 (l)
360 5558 445 5631 fulg,
464 5575 471 5615 :
489 5566 598 5660 noctes.
