3950 6200
236 336 238 345 J
289 296 347 358 aer
683 294 743 354 s.
771 292 945 355 euronii
976 294 1165 357 annuum
1194 296 1333 359 ornan
1362 292 1509 361 ouum.
1786 302 1863 372 m

291 457 394 529 mina,
414 457 576 534 tanquam
605 468 724 517 currus
749 469 810 531 per
838 454 982 531 quatuor
991 454 1083 517 rotas
1138 457 1295 532 eduinum
1308 460 1459 530 omines,
1475 458 1865 540 etorpcucrcmrepertau

290 555 411 629 fertur3
435 555 468 615 et
488 552 655 628 signatum
672 552 768 614 estin
790 552 903 613 Exodo
920 551 984 629 (25,
1003 554 1085 615 l3et
1138 555 1340 629 varietates,
1353 571 1415 618 ees
1428 559 1648 618 triturantium
1660 562 1864 625 convertetis.»
1927 606 1928 641 ,

290 651 343 731 15)
365 651 420 712 ubi
443 650 577 722 dicitur,
603 649 690 727 quod
709 651 833 721 vectae,
858 649 978 727 quibus
1002 666 1082 712 arca
1139 651 1180 711 lli
1195 653 1273 713 sunt
1293 652 1409 730 procul
1435 652 1547 727 dubio,
1563 655 1616 731 qni
1634 656 1762 732 psallunt
1780 665 1864 723 centn
1927 652 1928 723 l

289 749 424 812 loederis
446 747 652 825 portabatur,
677 762 817 821 semper
836 749 940 809 areret
955 752 993 809 te
1006 752 1081 810 etr-
1137 739 1324 822 Dominum,
1347 750 1404 827 qui
1421 751 1521 812 etiem
1547 750 1659 813 bibunt
1674 758 1787 823 einum,
1806 757 1865 820 idest
1927 726 1928 803 i

287 850 389 918 cestim
401 846 485 917 Quia
506 845 696 907 sacerdotes
713 860 846 921 semper
864 843 985 906 debent
1006 861 1082 907 esse
1136 847 1353 924 temporalem
1366 848 1633 925 delectationem
1650 850 1687 911 de
1699 868 1755 928 quo
1770 854 1827 915 rino
1838 857 1862 917 in

288 943 324 1006 in
338 943 553 1005 meditatione
565 943 689 1004 divinae
701 942 797 1018 legis,
820 942 902 1004 etin
919 943 1081 1005 exercitio
1137 943 1329 1006 Proverbiis
1349 944 1414 1023 (31,
1437 949 1505 1009 tet
1525 945 1558 1025 5)
1584 950 1683 1008 mater
1705 948 1820 1026 loquitur
1833 954 1861 1012 ed
1927 932 1928 957 ³

287 1056 393 1103 sacrae
407 1040 616 1112 eruditionis,
632 1041 668 1102 ut
678 1040 726 1100 sic
739 1042 902 1115 congruat
916 1039 965 1100 eis
984 1040 1078 1111 illud,
1136 1041 1253 1114 illium,
1267 1042 1315 1104 ita
1329 1042 1466 1105 dicens:
1490 1045 1597 1107 «Noli
1612 1047 1746 1119 hamuel,
1762 1048 1814 1108 noli
1824 1065 1861 1109 re·

287 1138 374 1218 quod
408 1137 583 1201 subditur:
600 1141 771 1212 Petreeepe
798 1140 866 1199 eici
886 1138 1080 1199 Bettmcbd-
1135 1137 1232 1213 gibus
1250 1138 1330 1202 dare
1355 1141 1483 1213 vinum,
1500 1142 1580 1218 quia
1601 1141 1719 1203 nullum
1731 1146 1863 1207 estsecre·

286 1253 382 1310 rem,
397 1236 483 1314 quod
498 1234 868 1313 interpretaturdomus
881 1235 1081 1296 eruditionis
1134 1235 1216 1307 tum,
1237 1236 1294 1298 ubi
1316 1239 1436 1315 regnat
1463 1236 1624 1314 ebrietas;
1645 1257 1663 1299 »
1683 1242 1714 1302 et
1734 1242 1864 1318 sequitur:
1927 1318 1928 1321 Ἴ

285 1334 445 1399 tristitiae.
470 1333 597 1396 Debent
610 1334 699 1394 enim
714 1332 849 1394 erudire
864 1331 1024 1405 subditos,
1039 1331 1080 1394 de
1134 1349 1153 1393 e
1169 1334 1218 1395 Ne
1245 1332 1331 1396 torte
1355 1334 1598 1399 obliviscantur
1615 1337 1867 1413 judiciorunsbo·

286 1432 357 1494 suis
369 1431 601 1510 iniquitatibus
617 1430 821 1503 contristari,
847 1433 884 1492 ut
903 1430 953 1493 sic
973 1429 1081 1492 aedid-
1134 1430 1228 1504 mini,
1249 1431 1283 1493 et
1301 1432 1436 1495 mutent
1457 1432 1590 1495 demum
1621 1449 1744 1495 causam
1761 1434 1867 1496 tiliorun

286 1531 363 1593 cent
374 1530 409 1591 in
421 1530 470 1591 eis
484 1530 695 1604 sterquilinii
713 1530 865 1604 portam,
890 1528 977 1590 idest
1001 1544 1080 1606 pec-
1133 1529 1291 1605 pauperis
1308 1528 1369 1609 (3).
1384 1530 1522 1592 hamuel
1537 1531 1768 1608 interpretatur,
1780 1532 1808 1591 iu
1823 1547 1868 1608 quo

285 1627 352 1690 cati
365 1627 548 1698 tristitiam,
566 1627 599 1687 et
617 1625 778 1699 dolorem,
799 1641 859 1703 per
877 1641 977 1704 quam
996 1642 1078 1703 por-
1133 1626 1291 1698 estbeus,
1308 1627 1386 1704 quia
1399 1627 1540 1705 quilibet
1553 1628 1869 1706 homojustus,quinon

284 1726 352 1787 tam
372 1740 487 1789 omnes
502 1723 721 1786 immundities
744 1723 786 1785 de
807 1723 906 1786 corde
932 1723 1078 1785 hominis
1132 1722 1230 1785 debet
1255 1723 1335 1785 dare
1353 1723 1500 1801 regibus,
1536 1726 1663 1788 scilicet
1692 1725 1870 1787 sacerdotibus
1927 1778 1928 1787 ,

282 1823 478 1894 efferantur,
494 1821 624 1884 scilicet
638 1822 893 1883 consessionem.
1132 1820 1258 1893 vinum,
1295 1821 1382 1885 idest
1413 1824 1631 1900 temporalem
1656 1823 1869 1895 delectationen,
1927 1822 1928 1903 J

324 1920 387 1981 Sed
410 1921 482 1982 haec
503 1920 599 1997 porta
629 1918 868 1981 miserabiliter
894 1918 1077 1996 dissipatur
1132 1918 1869 2000 hocestnondebetconsentire,quodhabeant,
1927 1928 1928 1931 ’

282 2017 467 2094 pervitam
496 2015 676 2094 pessimam
700 2017 926 2093 praelatorum,
949 2016 991 2078 de
1012 2032 1076 2094 qua
1131 2016 1354 2093 quianullum
1369 2020 1421 2080 est
1435 2021 1614 2091 secretum,
1628 2016 1872 2093 ubirepnateblte

282 2114 500 2192 conqueritur
526 2114 686 2175 Dominus
708 2129 767 2191 per
788 2113 990 2191 Prophetam
1024 2113 1077 2175 di·
1130 2113 1197 2189 tas3
1221 2114 1309 2176 unde
1323 2117 1483 2176 Horatius
1496 2114 1545 2195 (l)
1562 2137 1571 2176 ε
1590 2118 1673 2182 occid
1687 2130 1748 2178 reon
1760 2115 1871 2177 ebrietes
1927 2100 1928 2105 ’

280 2214 437 2276 centem:
459 2215 654 2278 Adversum
676 2213 1076 2287 accedereaccedere
1130 2214 1312 2289 deotpuetl
1338 2214 1461 2288 operta
1488 2216 1523 2276 et
1541 2216 1696 2286 rectudtt,
1715 2214 1795 2275 etc.»
1815 2213 1872 2271 lien
1927 2262 1928 2279 ,

280 2312 441 2374 sedebant
457 2314 494 2371 te
505 2311 634 2385 perta:
652 2312 686 2371 et
710 2314 748 2371 tu
764 2325 831 2385 me,
854 2309 940 2372 idest
959 2312 1075 2373 contra
1130 2324 1234 2385 quare
1248 2310 1362 2372 vinum
1384 2311 1472 2374 istud
1488 2327 1555 2373 non
1570 2308 1872 2374 debenthaberelse-
1927 2302 1928 2355 ἒ

281 2424 335 2473 me
348 2411 548 2484 praeerant,
568 2411 627 2482 qud
641 2409 796 2473 bibebant
816 2412 947 2470 etatem.
973 2409 1073 2470 Psal-
1130 2407 1321 2484 quitur2Ne
1333 2411 1426 2483 serie
1439 2410 1870 2481 obtiviscanturjedtdomu,

280 2507 355 2569 lunt
369 2506 458 2568 enim
473 2505 569 2567 multi
583 2507 699 2568 contra
714 2505 903 2580 Dominum,
925 2508 958 2568 et
983 2522 1074 2583 pree·
1128 2506 1163 2567 et
1189 2506 1323 2568 mutent
1348 2521 1494 2569 caucam
1524 2508 1678 2579 riderem
1698 2505 1871 2580 pacarit.»

279 2604 378 2682 cipue
393 2604 596 2677 sacerdotes,
619 2603 740 2680 quibus
755 2603 879 2666 dicitur
899 2619 959 2680 per
972 2606 1073 2665 Amos
1129 2602 1324 2665 Sacerdotes
1350 2603 1451 2671 enlm,
1481 2605 1516 2665 et
1542 2604 1661 2666 clerici
1682 2598 1871 2679 temporalibus

281 2701 328 2781 (5,
341 2701 395 2781 23)
407 2722 414 2761 ε
428 2718 447 2761 u
462 2699 565 2763 Aufer
579 2716 599 2761 a
615 2716 668 2763 me
689 2701 866 2763 tumultum
886 2701 1073 2762 carminum
1127 2699 1404 2763 delectationibus
1425 2700 1529 2763 dediti
1539 2704 1636 2779 justa
1649 2694 1871 2774 DominiJudicia

279 2801 433 2873 tuorum;
446 2799 480 2859 et
500 2798 630 2860 cantica
643 2797 798 2875 lyraetuee
813 2814 879 2859 non
892 2799 1039 2859 audiam.
1053 2816 1072 2859 a
1126 2812 1194 2859 non
1206 2799 1368 2871 recolunt,
1382 2798 1469 2860 unde
1482 2815 1549 2861 non
1571 2802 1664 2877 juste
1681 2796 1819 2874 jndicant,
1830 2789 1869 2850 sed

279 2896 442 2973 Loquitur
452 2897 540 2959 Deus
555 2893 596 2956 ad
611 2894 790 2972 quemlibet
799 2895 1017 2971 sacerdotem,
1029 2896 1070 2957 ad
1126 2895 1331 2970 muneribus,
1347 2897 1381 2959 et
1396 2894 1618 2958 sacularibus
1632 2888 1872 2958 delectationibus,

279 3008 377 3070 quern
392 2993 561 3071 praecipue
577 2992 721 3067 pertinet
744 2995 893 3067 cantare,
909 2996 943 3056 et
958 2994 1070 3070 legere
1126 2992 1271 3054 tiliorum
1285 2994 1455 3071 pauperis,
1473 2993 1562 3056 idest
1586 3008 1761 3072 pauperum
1773 3000 1873 3050 maan

277 3090 313 3154 in
326 3089 488 3165 Ecclesia,
498 3090 555 3172 qui
570 3090 625 3152 hic
636 3092 712 3169 jure
725 3090 1071 3176 reprehensibilis'ex·
1125 3091 1268 3166 mutant;
1284 3090 1372 3153 unde
1384 3090 1469 3154 bene
1484 3091 1566 3153 dicit
1579 3091 1758 3171 Propheta:
1771 3088 1873 3149 Adcu-
1927 3113 1928 3122 κ

276 3190 392 3254 titerit.
405 3190 528 3254 cantus
539 3188 640 3263 enim,
655 3190 689 3251 et
700 3190 851 3251 carmina
861 3190 1070 3267 nonplacent
1123 3203 1201 3249 cum
1228 3191 1641 3268 membrorumque
1677 3183 1871 3252 redelentia
1927 3205 1928 3208 ¹

277 3289 429 3362 Domino,
447 3286 504 3349 sed
523 3287 602 3350 sunt
624 3286 656 3348 ei
684 3286 879 3361 intaedium,
895 3289 928 3350 et
939 3288 1068 3352 tumul·
1121 3286 1236 3360 perte
1266 3287 1300 3348 et
1319 3290 1358 3349 te
1382 3302 1439 3350 me
1454 3273 1873 3364 ermenteriarum

277 3389 367 3460 tum;
389 3385 476 3448 unde
498 3383 603 3447 dicit:
623 3384 760 3448 «dufer
775 3400 794 3446 a
809 3401 863 3448 me
890 3385 1067 3447 tumultum
1123 3385 1255 3445 eduum.

277 3484 462 3546 carminum
481 3484 634 3556 tuorum;
650 3499 668 3543 a
688 3483 791 3554 Quasi
805 3482 914 3548 dicat:
930 3483 1069 3546 Tumul-

275 3583 345 3643 tum
366 3580 495 3644 iaciunt
522 3580 605 3642 mihi
630 3580 793 3650 carmina,
816 3582 851 3642 et
867 3580 985 3642 cantus
1004 3581 1064 3642 tui.
1361 3561 1503 3624 SERMO
1532 3563 1678 3624 CXXVI·
1927 3653 1928 3656 Ἴ

276 3682 495 3756 superquam
523 3678 632 3740 locum
654 3677 736 3740 dicit
757 3678 979 3755 Hieronymus
995 3675 1042 3758 (1)
1056 3699 1064 3739 :
1136 3712 1198 3769 be
1214 3711 1365 3784 temporali
1385 3711 1539 3786 veluptate,
1556 3721 1587 3771 et
1602 3710 1680 3786 quod
1693 3708 1780 3768 omui„
1793 3704 1852 3763 bon,

275 3775 449 3838 «Pulchre
473 3775 605 3838 cantica
628 3775 832 3856 heritarum,
863 3774 983 3852 quibus
1006 3775 1067 3837 de-
1103 3831 1106 3838 .
1451 3799 1584 3859 dmm

272 3872 352 3935 bent
376 3871 515 3934 laudare
536 3873 722 3944 Dominum,
748 3874 801 3935 vel
829 3874 944 3944 Deum,
966 3873 1066 3936 vocet
1455 3917 1457 3922 ,

273 3969 450 4033 tumultum
471 3968 657 4042 confusum,
679 3970 712 4032 et
734 3971 892 4044 sonitum,
904 3971 981 4049 quia
997 3987 1063 4034 non
1117 3927 1454 4003 Nonmedemerffat
1474 3925 1876 4002 temperamentumque

273 4069 324 4131 est
344 4070 495 4146 speciosa
509 4067 583 4129 laus
593 4068 628 4127 ln
643 4083 701 4129 ore
715 4069 915 4145 peccatoris3
929 4071 964 4131 et
973 4070 1062 4132 utita
1157 4025 1336 4085 ab⁸⁰r⁰eat
1350 4038 1406 4085 me
1416 4025 1645 4100 me’mdum’
1670 4035 1772 4096 'W
1783 4006 1876 4089 “W

272 4166 392 4240 dicam,
408 4166 460 4229 est
473 4181 582 4238 suum,
603 4167 636 4227 et
651 4165 778 4227 clamor
792 4167 974 4229 asinorum
989 4184 1008 4227 s
1021 4168 1062 4228 Hi
1156 4135 1263 4194 mer
1274 4136 1329 4184 me
1340 4121 1465 4196 putem
1477 4136 1515 4183 ⁰⁸
1526 4137 1645 4191 mum·
1665 4119 1764 4201 (pm
1777 4116 1818 4184 ω’
1830 4103 1877 4182 ¹⁶²)

272 4264 361 4326 enim
372 4266 459 4335 sunt,
470 4263 510 4325 de
525 4260 644 4340 quibus
655 4263 736 4325 dicit
743 4263 828 4325 alias
838 4263 1003 4341 Propheta
1016 4263 1060 4344 (6,
1155 4262 1234 4323 ‘Pria
1248 4263 1344 4340 ponit
1359 4263 1415 4326 hic
1436 4264 1609 4340 Propheta
1632 4264 1668 4325 in
1695 4269 1821 4341 persona
1836 4265 1879 4312 cu·

270 4361 337 4423 5et
349 4359 384 4441 6)
404 4377 442 4421 :c
458 4360 520 4434 Qui
535 4359 657 4423 canitis
678 4360 720 4421 ad
743 4373 858 4422 vocem
877 4360 1060 4437 psalterii:
1112 4359 1251 4437 juslibet
1271 4360 1366 4438 justi.
1399 4361 1560 4434 Primum,
1597 4377 1668 4423 non
1693 4353 1825 4428 demugi
1853 4347 1879 4406 ἰ)
1927 4367 1928 4422 t

269 4458 356 4520 sicut
366 4457 471 4520 David
482 4460 685 4535 putaverunt
695 4473 732 4520 se
747 4458 871 4520 habere
885 4471 966 4520 vasa
979 4474 1061 4520 can·
1115 4458 1419 4535 tempestatesque
1437 4480 1444 4518 :
1462 4457 1629 4530 Secundo,
1656 4473 1723 4519 non
1744 4441 1880 4516 absorberi
1927 4477 1928 4524 ,

237 4541 339 4625 tici,
362 4553 514 4615 bibentes
540 4555 575 4614 in
609 4554 731 4629 phialis
758 4555 917 4618 vinum.»
938 4557 1061 4618 Putant
1115 4554 1150 4614 in
1175 4554 1504 4632 prolundozlertio,
1528 4571 1596 4618 nou
1619 4554 1735 4632 urgeri
1760 4566 1793 4612 os
1812 4539 1880 4622 putei
1927 4557 1928 4616 l

268 4651 358 4712 enim
371 4651 438 4727 ipsi
457 4652 598 4728 pingues
613 4653 767 4715 canonici
785 4667 821 4715 se
842 4652 1058 4727 satisfecisse,
1115 4666 1217 4729 super
1230 4667 1317 4714 eum.
1335 4654 1401 4713 Per
1413 4668 1534 4730 aquam
1549 4653 1607 4714 hic
1620 4649 1825 4727 intelligimus
1833 4653 1880 4700 ro·
1927 4657 1928 4710 t

268 4749 298 4810 si
319 4749 354 4810 in
375 4747 478 4810 choro
493 4765 596 4810 unum
613 4753 766 4820 Alleluia,
782 4750 836 4813 vel
851 4765 954 4818 unum
970 4754 1058 4816 Res·
1114 4747 1553 4826 luptuosemtentatlonem3
1570 4750 1663 4811 unde
1681 4735 1881 4817 manumisi
1927 4757 1928 4820 ζ

267 4845 461 4924 pensorium
475 4844 561 4908 hene
580 4848 726 4920 cantant,
742 4851 776 4910 et
788 4848 873 4922 alte;
889 4851 923 4910 et
939 4849 974 4909 in
994 4848 1058 4912 do·
1114 4848 1147 4908 et
1162 4845 1225 4926 10),
1242 4847 1381 4925 loquens
1396 4846 1437 4909 ad
1452 4847 1655 4919 Jerusalem,
1680 4847 1764 4908 idest
1779 4840 1815 4904 ud
1826 4831 1882 4898 uhi·

267 4944 376 5006 mibus
396 4944 467 5006 suis
480 4945 594 5021 postea
608 4935 735 5008 vadunt
749 4946 917 5017 lascivire,
931 4946 1060 5009 hahen—
1113 4960 1212 5016 mam,
1250 4944 1296 5007 ita
1320 4944 1402 5007 dicit
1431 4967 1439 5005 ι
1468 4962 1488 5005 ‹
1514 4945 1687 5024 Numquid
1725 4940 1832 5003 melior
1855 4943 1882 4990 0³
1927 5001 1928 5022 Σ

263 5041 314 5103 tes
328 5041 512 5119 plausores,
529 5041 980 5119 histriones,j0culatcresln
996 5060 1059 5108 cce-
1112 5041 1317 5103 Alexandria
1332 5042 1542 5120 populorum,
1559 5059 1637 5121 quae
1654 5039 1781 5105 habitat
1796 5028 1884 5097 indl-
1927 5093 1928 5096 ,

264 5138 329 5199 nis.
358 5138 451 5214 Unde
471 5139 692 5215 Hieronymus
710 5137 757 5218 (2)
775 5157 817 5199 :c
840 5143 919 5204 Nou
932 5143 1059 5216 demeti
1112 5140 1278 5202 minibust
1291 5142 1394 5218 Aquae
1405 5139 1439 5202 in
1452 5141 1597 5203 circuitu
1608 5144 1705 5218 ejus:
1720 5136 1779 5200 sed
1791 5131 1883 5204 etiiisa

260 5237 640 5310 persequeremur),
654 5238 911 5308 etstiibicrum,
924 5240 1058 5313 etpedi-
1111 5236 1148 5297 in
1159 5238 1455 5316 transmigratione
1478 5237 1577 5301 ducta
1605 5243 1660 5302 est
1684 5239 1721 5300 in
1735 5228 1883 5312 captuiu·
1927 5293 1928 5308 ζ

265 5331 357 5400 terti,
380 5331 413 5392 et
434 5337 520 5406 tproe
537 5333 684 5395 canticis
698 5348 805 5396 aeres
817 5337 1056 5410 anticoenium·
1110 5333 1884 5414 tem.›alexanntainterpreteturaureiusau
1927 5405 1928 5422 χ

262 5427 300 5486 ut
320 5430 409 5500 quod
422 5430 503 5503 secti
517 5431 628 5491 David
640 5434 677 5492 tu
686 5433 817 5506 cautium
828 5435 981 5508 Domtut,
993 5437 1057 5497 Le·
1110 5435 1239 5509 gustias
1254 5433 1480 5508 tenebrarum,
1495 5450 1569 5512 quae
1582 5433 1654 5496 alio
1674 5430 1804 5496 nomine
1816 5419 1882 5486 dici·

313 5555 340 5631 l)
355 5554 416 5636 Lib.
428 5559 454 5614 ll
467 5559 658 5617 commentar.
675 5561 704 5617 in
719 5561 772 5619 cd
790 5562 888 5621 Amos.
1159 5565 1176 5622 3
1204 5569 1289 5624 Prov.
1302 5566 1347 5634 tl,
1363 5566 1381 5624 h
1398 5573 1427 5623 et
1437 5563 1464 5624 d.

312 5623 340 5692 ἲ)
357 5625 418 5680 Lib.
437 5629 475 5684 lli
489 5629 680 5692 Commenter.
697 5633 724 5687 in
744 5647 770 5687 c.
786 5631 813 5688 6.
826 5634 923 5690 Amos.
1146 5565 1188 5712 ΣΕ)
1200 5639 1290 5709 Epist.
1305 5637 1353 5694 tib.
1368 5638 1492 5720 uepist
1508 5637 1526 5693 b
1542 5636 1576 5694 ad
1591 5637 1780 5709 Torquatum.
