<?xml version="1.0" encoding="UTF-8"?>
<!DOCTYPE html PUBLIC "-//W3C//DTD XHTML 1.0 Transitional//EN"
    "http://www.w3.org/TR/xhtml1/DTD/xhtml1-transitional.dtd">
<html xmlns="http://www.w3.org/1999/xhtml" xml:lang="en" lang="en">
 <head>
  <title>
</title>
<meta http-equiv="Content-Type" content="text/html;charset=utf-8" />
  <meta name='ocr-system' content='tesseract 3.04.00' />
  <meta name='ocr-capabilities' content='ocr_page ocr_carea ocr_par ocr_line ocrx_word'/>
</head>
<body>
  <div class='ocr_page' id='page_1' title='image "./mediiaevibiblio09bottgoog_0691.png"; bbox 0 0 3950 6200; ppageno 0'>
   <div class='ocr_carea' id='block_1_1' title="bbox 95 319 176 384">
    <p class='ocr_par' dir='ltr' id='par_1_1' title="bbox 95 319 176 384">
     <span class='ocr_line' id='line_1_1' title="bbox 95 319 176 384; baseline 0.012 -1"><span class='ocrx_word' id='word_1_1' title='bbox 95 319 176 384; x_wconf 80' lang='lat'>1085</span> 
     </span>
    </p>
   </div>
   <div class='ocr_carea' id='block_1_2' title="bbox 70 479 894 5231">
    <p class='ocr_par' dir='ltr' id='par_1_2' title="bbox 79 479 894 3274">
     <span class='ocr_line' id='line_1_2' title="bbox 92 479 894 559; baseline 0.005 -17"><span class='ocrx_word' id='word_1_2' title='bbox 92 496 214 559; x_wconf 90' lang='lat' dir='ltr'>panem</span> <span class='ocrx_word' id='word_1_3' title='bbox 241 479 382 557; x_wconf 79' lang='lat' dir='ltr'>fraudis,</span> <span class='ocrx_word' id='word_1_4' title='bbox 407 482 440 545; x_wconf 91' lang='lat' dir='ltr'>et</span> <span class='ocrx_word' id='word_1_5' title='bbox 463 483 629 546; x_wconf 88' lang='lat' dir='ltr'>mendacii</span> <span class='ocrx_word' id='word_1_6' title='bbox 650 500 763 546; x_wconf 90' lang='lat' dir='ltr'>secum</span> <span class='ocrx_word' id='word_1_7' title='bbox 787 482 894 546; x_wconf 87' lang='lat' dir='ltr'>delert</span> 
     </span>
     <span class='ocr_line' id='line_1_3' title="bbox 91 579 891 655; baseline 0.011 -16"><span class='ocrx_word' id='word_1_8' title='bbox 91 579 295 655; x_wconf 77' lang='lat' dir='ltr'>negotiator.</span> <span class='ocrx_word' id='word_1_9' title='bbox 316 579 462 644; x_wconf 89' lang='lat' dir='ltr'>Zabulon</span> <span class='ocrx_word' id='word_1_10' title='bbox 483 597 551 643; x_wconf 91' lang='lat' dir='ltr'>nou</span> <span class='ocrx_word' id='word_1_11' title='bbox 570 581 737 645; x_wconf 80' lang='lat' dir='ltr'>interfecit</span> <span class='ocrx_word' id='word_1_12' title='bbox 759 582 891 648; x_wconf 76' lang='lat' dir='ltr'>cetron,</span> 
     </span>
     <span class='ocr_line' id='line_1_4' title="bbox 91 677 891 755; baseline 0.004 -18"><span class='ocrx_word' id='word_1_13' title='bbox 91 678 126 738; x_wconf 86' lang='lat' dir='ltr'>et</span> <span class='ocrx_word' id='word_1_14' title='bbox 139 677 275 738; x_wconf 90' lang='lat' dir='ltr'>Naalol.</span> <span class='ocrx_word' id='word_1_15' title='bbox 297 677 443 738; x_wconf 90' lang='lat' dir='ltr'>Zabulon</span> <span class='ocrx_word' id='word_1_16' title='bbox 459 678 698 755; x_wconf 87' lang='lat' dir='ltr'>interpretatur</span> <span class='ocrx_word' id='word_1_17' title='bbox 712 678 891 740; x_wconf 89' lang='lat' dir='ltr'>babitacu-</span> 
     </span>
     <span class='ocr_line' id='line_1_5' title="bbox 90 772 891 851; baseline 0.005 -19"><span class='ocrx_word' id='word_1_18' title='bbox 90 772 163 834; x_wconf 89' lang='lat' dir='ltr'>lum</span> <span class='ocrx_word' id='word_1_19' title='bbox 173 774 380 837; x_wconf 83' lang='lat' dir='ltr'>fortitudinis</span> <span class='ocrx_word' id='word_1_20' title='bbox 391 797 399 834; x_wconf 78' lang='lat' dir='ltr'><em>z</em></span> <span class='ocrx_word' id='word_1_21' title='bbox 409 777 540 850; x_wconf 85' lang='lat' dir='ltr'>cetron,</span> <span class='ocrx_word' id='word_1_22' title='bbox 552 775 726 838; x_wconf 82' lang='lat' dir='ltr'>thimiama</span> <span class='ocrx_word' id='word_1_23' title='bbox 740 799 747 837; x_wconf 89' lang='lat'>:</span> <span class='ocrx_word' id='word_1_24' title='bbox 759 777 891 851; x_wconf 88' lang='lat' dir='ltr'>Naalol,</span> 
     </span>
     <span class='ocr_line' id='line_1_6' title="bbox 89 869 893 949; baseline 0.007 -18"><span class='ocrx_word' id='word_1_25' title='bbox 89 869 244 932; x_wconf 87' lang='lat' dir='ltr'>laudatio</span> <span class='ocrx_word' id='word_1_26' title='bbox 275 873 527 949; x_wconf 80' lang='lat' dir='ltr'>interpretatur.</span> <span class='ocrx_word' id='word_1_27' title='bbox 555 872 701 935; x_wconf 89' lang='lat' dir='ltr'>Zabulon</span> <span class='ocrx_word' id='word_1_28' title='bbox 729 889 809 949; x_wconf 81' lang='lat' dir='ltr'>ergo</span> <span class='ocrx_word' id='word_1_29' title='bbox 843 876 893 937; x_wconf 90' lang='lat' dir='ltr'>est</span> 
     </span>
     <span class='ocr_line' id='line_1_7' title="bbox 89 967 891 1047; baseline 0.004 -18"><span class='ocrx_word' id='word_1_30' title='bbox 89 967 190 1030; x_wconf 79' lang='lat' dir='ltr'>sortis</span> <span class='ocrx_word' id='word_1_31' title='bbox 218 970 253 1030; x_wconf 90' lang='lat' dir='ltr'>in</span> <span class='ocrx_word' id='word_1_32' title='bbox 278 970 450 1047; x_wconf 89' lang='lat' dir='ltr'>operibus,</span> <span class='ocrx_word' id='word_1_33' title='bbox 485 970 518 1033; x_wconf 92' lang='lat' dir='ltr'>et</span> <span class='ocrx_word' id='word_1_34' title='bbox 550 987 617 1032; x_wconf 92' lang='lat' dir='ltr'>non</span> <span class='ocrx_word' id='word_1_35' title='bbox 643 972 793 1034; x_wconf 85' lang='lat' dir='ltr'>removet</span> <span class='ocrx_word' id='word_1_36' title='bbox 819 972 891 1033; x_wconf 90' lang='lat' dir='ltr'>tbi-</span> 
     </span>
     <span class='ocr_line' id='line_1_8' title="bbox 88 1067 890 1140; baseline 0.004 -14"><span class='ocrx_word' id='word_1_37' title='bbox 88 1067 227 1140; x_wconf 67' lang='lat' dir='ltr'>miama,</span> <span class='ocrx_word' id='word_1_38' title='bbox 242 1067 329 1129; x_wconf 92' lang='lat' dir='ltr'>idest</span> <span class='ocrx_word' id='word_1_39' title='bbox 343 1067 581 1130; x_wconf 84' lang='lat' dir='ltr'>delectationes</span> <span class='ocrx_word' id='word_1_40' title='bbox 595 1069 707 1130; x_wconf 88' lang='lat' dir='ltr'>carnis</span> <span class='ocrx_word' id='word_1_41' title='bbox 721 1068 761 1130; x_wconf 91' lang='lat' dir='ltr'>de</span> <span class='ocrx_word' id='word_1_42' title='bbox 777 1068 890 1140; x_wconf 86' lang='lat' dir='ltr'>corde,</span> 
     </span>
     <span class='ocr_line' id='line_1_9' title="bbox 89 1162 891 1237; baseline 0.002 -13"><span class='ocrx_word' id='word_1_43' title='bbox 89 1163 126 1225; x_wconf 91' lang='lat' dir='ltr'>et</span> <span class='ocrx_word' id='word_1_44' title='bbox 153 1162 288 1225; x_wconf 89' lang='lat' dir='ltr'>laudem</span> <span class='ocrx_word' id='word_1_45' title='bbox 312 1164 516 1226; x_wconf 92' lang='lat' dir='ltr'>adulationis</span> <span class='ocrx_word' id='word_1_46' title='bbox 542 1181 585 1227; x_wconf 81' lang='lat' dir='ltr'>ex</span> <span class='ocrx_word' id='word_1_47' title='bbox 613 1181 682 1237; x_wconf 89' lang='lat' dir='ltr'>ore,</span> <span class='ocrx_word' id='word_1_48' title='bbox 714 1168 891 1227; x_wconf 85' lang='lat' dir='ltr'>etmanus</span> 
     </span>
     <span class='ocr_line' id='line_1_10' title="bbox 88 1261 891 1346; baseline 0.001 -24"><span class='ocrx_word' id='word_1_49' title='bbox 88 1276 172 1324; x_wconf 89' lang='lat' dir='ltr'>suas</span> <span class='ocrx_word' id='word_1_50' title='bbox 198 1277 266 1323; x_wconf 88' lang='lat' dir='ltr'>non</span> <span class='ocrx_word' id='word_1_51' title='bbox 291 1262 418 1326; x_wconf 80' lang='lat' dir='ltr'>excutit</span> <span class='ocrx_word' id='word_1_52' title='bbox 442 1261 483 1323; x_wconf 92' lang='lat' dir='ltr'>ab</span> <span class='ocrx_word' id='word_1_53' title='bbox 508 1262 599 1324; x_wconf 90' lang='lat' dir='ltr'>omni</span> <span class='ocrx_word' id='word_1_54' title='bbox 620 1278 776 1340; x_wconf 86' lang='lat' dir='ltr'>munere;</span> <span class='ocrx_word' id='word_1_55' title='bbox 803 1263 891 1346; x_wconf 77' lang='lat' dir='ltr'>unde</span> 
     </span>
     <span class='ocr_line' id='line_1_11' title="bbox 87 1357 892 1438; baseline 0.004 -20"><span class='ocrx_word' id='word_1_56' title='bbox 87 1357 308 1435; x_wconf 82' lang='lat' dir='ltr'>redarguitur</span> <span class='ocrx_word' id='word_1_57' title='bbox 320 1360 355 1420; x_wconf 94' lang='lat' dir='ltr'>in</span> <span class='ocrx_word' id='word_1_58' title='bbox 365 1359 451 1435; x_wconf 78' lang='lat' dir='ltr'>lege.</span> <span class='ocrx_word' id='word_1_59' title='bbox 463 1376 482 1420; x_wconf 71' lang='grc'>1</span> <span class='ocrx_word' id='word_1_60' title='bbox 496 1361 571 1424; x_wconf 90' lang='lat' dir='ltr'>Non</span> <span class='ocrx_word' id='word_1_61' title='bbox 587 1359 800 1422; x_wconf 86' lang='lat' dir='ltr'>misereberis</span> <span class='ocrx_word' id='word_1_62' title='bbox 812 1376 892 1438; x_wconf 77' lang='lat' dir='ltr'>gen·</span> 
     </span>
     <span class='ocr_line' id='line_1_12' title="bbox 86 1456 890 1536; baseline 0 -17"><span class='ocrx_word' id='word_1_63' title='bbox 86 1456 224 1528; x_wconf 82' lang='lat' dir='ltr'>tium,»</span> <span class='ocrx_word' id='word_1_64' title='bbox 245 1456 331 1519; x_wconf 89' lang='lat' dir='ltr'>idest</span> <span class='ocrx_word' id='word_1_65' title='bbox 351 1456 520 1529; x_wconf 84' lang='lat' dir='ltr'>vitiorum,</span> <span class='ocrx_word' id='word_1_66' title='bbox 541 1457 629 1522; x_wconf 89' lang='lat' dir='ltr'>sicut</span> <span class='ocrx_word' id='word_1_67' title='bbox 651 1457 715 1531; x_wconf 93' lang='lat' dir='ltr'>illi,</span> <span class='ocrx_word' id='word_1_68' title='bbox 736 1457 890 1536; x_wconf 70' lang='grc'>1111111-</span> 
     </span>
     <span class='ocr_line' id='line_1_13' title="bbox 88 1554 890 1632; baseline 0.004 -18"><span class='ocrx_word' id='word_1_69' title='bbox 88 1556 184 1631; x_wconf 87' lang='lat' dir='ltr'>pant,</span> <span class='ocrx_word' id='word_1_70' title='bbox 225 1569 288 1616; x_wconf 93' lang='lat' dir='ltr'>nec</span> <span class='ocrx_word' id='word_1_71' title='bbox 326 1554 588 1631; x_wconf 87' lang='lat' dir='ltr'>reprehendunt.</span> <span class='ocrx_word' id='word_1_72' title='bbox 630 1555 726 1618; x_wconf 91' lang='lat' dir='ltr'>Unde</span> <span class='ocrx_word' id='word_1_73' title='bbox 760 1558 890 1632; x_wconf 79' lang='lat' dir='ltr'>Grego-</span> 
     </span>
     <span class='ocr_line' id='line_1_14' title="bbox 87 1647 890 1731; baseline 0.004 -20"><span class='ocrx_word' id='word_1_74' title='bbox 87 1650 163 1711; x_wconf 86' lang='lat' dir='ltr'>rius</span> <span class='ocrx_word' id='word_1_75' title='bbox 188 1647 261 1731; x_wconf 85' lang='lat'>(1):</span> <span class='ocrx_word' id='word_1_76' title='bbox 288 1652 373 1714; x_wconf 86' lang='lat' dir='ltr'>Sunt</span> <span class='ocrx_word' id='word_1_77' title='bbox 395 1651 547 1730; x_wconf 87' lang='lat' dir='ltr'>plerique</span> <span class='ocrx_word' id='word_1_78' title='bbox 562 1650 623 1730; x_wconf 81' lang='lat'>(2),</span> <span class='ocrx_word' id='word_1_79' title='bbox 652 1652 709 1729; x_wconf 91' lang='lat' dir='ltr'>qui</span> <span class='ocrx_word' id='word_1_80' title='bbox 735 1667 890 1730; x_wconf 87' lang='lat' dir='ltr'>compas-</span> 
     </span>
     <span class='ocr_line' id='line_1_15' title="bbox 86 1747 891 1827; baseline 0 -18"><span class='ocrx_word' id='word_1_81' title='bbox 86 1747 221 1810; x_wconf 91' lang='lat' dir='ltr'>sionem</span> <span class='ocrx_word' id='word_1_82' title='bbox 237 1748 401 1824; x_wconf 85' lang='lat' dir='ltr'>proximo,</span> <span class='ocrx_word' id='word_1_83' title='bbox 418 1764 484 1809; x_wconf 91' lang='lat' dir='ltr'>non</span> <span class='ocrx_word' id='word_1_84' title='bbox 498 1749 733 1827; x_wconf 78' lang='lat' dir='ltr'>spiritualiter,</span> <span class='ocrx_word' id='word_1_85' title='bbox 746 1750 805 1812; x_wconf 90' lang='lat' dir='ltr'>sed</span> <span class='ocrx_word' id='word_1_86' title='bbox 820 1764 891 1811; x_wconf 89' lang='lat' dir='ltr'>car-</span> 
     </span>
     <span class='ocr_line' id='line_1_16' title="bbox 86 1845 888 1925; baseline 0.002 -19"><span class='ocrx_word' id='word_1_87' title='bbox 86 1845 216 1907; x_wconf 86' lang='lat' dir='ltr'>naliter</span> <span class='ocrx_word' id='word_1_88' title='bbox 240 1846 447 1925; x_wconf 84' lang='lat' dir='ltr'>impendunt,</span> <span class='ocrx_word' id='word_1_89' title='bbox 475 1846 511 1911; x_wconf 91' lang='lat' dir='ltr'>ut</span> <span class='ocrx_word' id='word_1_90' title='bbox 532 1846 564 1908; x_wconf 93' lang='lat' dir='ltr'>ei</span> <span class='ocrx_word' id='word_1_91' title='bbox 588 1862 655 1908; x_wconf 91' lang='lat' dir='ltr'>non</span> <span class='ocrx_word' id='word_1_92' title='bbox 676 1846 717 1907; x_wconf 90' lang='lat' dir='ltr'>ad</span> <span class='ocrx_word' id='word_1_93' title='bbox 736 1847 888 1920; x_wconf 81' lang='lat' dir='ltr'>virtutes,</span> 
     </span>
     <span class='ocr_line' id='line_1_17' title="bbox 85 1943 891 2022; baseline 0 -17"><span class='ocrx_word' id='word_1_94' title='bbox 85 1943 145 2005; x_wconf 87' lang='lat' dir='ltr'>sed</span> <span class='ocrx_word' id='word_1_95' title='bbox 161 1943 262 2022; x_wconf 86' lang='lat' dir='ltr'>quasi</span> <span class='ocrx_word' id='word_1_96' title='bbox 278 1943 467 2006; x_wconf 89' lang='lat' dir='ltr'>miserendo</span> <span class='ocrx_word' id='word_1_97' title='bbox 483 1943 525 2005; x_wconf 88' lang='lat' dir='ltr'>ad</span> <span class='ocrx_word' id='word_1_98' title='bbox 546 1944 662 2022; x_wconf 89' lang='lat' dir='ltr'>culpas</span> <span class='ocrx_word' id='word_1_99' title='bbox 684 1943 831 2006; x_wconf 85' lang='lat' dir='ltr'>faveant.</span> <span class='ocrx_word' id='word_1_100' title='bbox 848 1945 891 2005; x_wconf 87' lang='lat' dir='ltr'>lli</span> 
     </span>
     <span class='ocr_line' id='line_1_18' title="bbox 85 2040 891 2120; baseline -0.001 -17"><span class='ocrx_word' id='word_1_101' title='bbox 85 2056 226 2103; x_wconf 88' lang='lat' dir='ltr'>crucem</span> <span class='ocrx_word' id='word_1_102' title='bbox 250 2040 339 2103; x_wconf 80' lang='lat' dir='ltr'>serre</span> <span class='ocrx_word' id='word_1_103' title='bbox 362 2041 518 2103; x_wconf 88' lang='lat' dir='ltr'>videntur</span> <span class='ocrx_word' id='word_1_104' title='bbox 542 2057 603 2120; x_wconf 91' lang='lat' dir='ltr'>per</span> <span class='ocrx_word' id='word_1_105' title='bbox 626 2042 891 2119; x_wconf 85' lang='lat' dir='ltr'>compassionem</span> 
     </span>
     <span class='ocr_line' id='line_1_19' title="bbox 83 2138 888 2218; baseline 0.004 -21"><span class='ocrx_word' id='word_1_106' title='bbox 83 2138 249 2214; x_wconf 81' lang='lat' dir='ltr'>proximi,</span> <span class='ocrx_word' id='word_1_107' title='bbox 284 2138 342 2200; x_wconf 92' lang='lat' dir='ltr'>sed</span> <span class='ocrx_word' id='word_1_108' title='bbox 377 2139 553 2201; x_wconf 89' lang='lat' dir='ltr'>Dominum</span> <span class='ocrx_word' id='word_1_109' title='bbox 588 2154 655 2200; x_wconf 90' lang='lat' dir='ltr'>non</span> <span class='ocrx_word' id='word_1_110' title='bbox 693 2140 888 2218; x_wconf 86' lang='lat' dir='ltr'>sequuntur.</span> 
     </span>
     <span class='ocr_line' id='line_1_20' title="bbox 82 2235 891 2309; baseline 0.002 -14"><span class='ocrx_word' id='word_1_111' title='bbox 82 2237 196 2296; x_wconf 84' lang='lat' dir='ltr'>‹Nec</span> <span class='ocrx_word' id='word_1_112' title='bbox 219 2235 441 2300; x_wconf 83' lang='lat' dir='ltr'>associaberis</span> <span class='ocrx_word' id='word_1_113' title='bbox 463 2235 596 2298; x_wconf 78' lang='lat' dir='ltr'>filiabus</span> <span class='ocrx_word' id='word_1_114' title='bbox 617 2252 780 2309; x_wconf 75' lang='lat' dir='ltr'>eorum»</span> <span class='ocrx_word' id='word_1_115' title='bbox 804 2237 891 2298; x_wconf 90' lang='lat' dir='ltr'>idest</span> 
     </span>
     <span class='ocr_line' id='line_1_21' title="bbox 83 2333 891 2407; baseline 0.006 -14"><span class='ocrx_word' id='word_1_116' title='bbox 83 2333 239 2394; x_wconf 89' lang='lat' dir='ltr'>animam</span> <span class='ocrx_word' id='word_1_117' title='bbox 253 2335 345 2395; x_wconf 88' lang='lat' dir='ltr'>tuam</span> <span class='ocrx_word' id='word_1_118' title='bbox 360 2333 494 2396; x_wconf 86' lang='lat' dir='ltr'>filiabus</span> <span class='ocrx_word' id='word_1_119' title='bbox 508 2333 633 2395; x_wconf 89' lang='lat' dir='ltr'>diaboli</span> <span class='ocrx_word' id='word_1_120' title='bbox 648 2351 655 2396; x_wconf 92' lang='lat'><strong>:</strong></span> <span class='ocrx_word' id='word_1_121' title='bbox 673 2334 746 2407; x_wconf 85' lang='lat' dir='ltr'>Vel,</span> <span class='ocrx_word' id='word_1_122' title='bbox 761 2349 824 2404; x_wconf 86' lang='lat' dir='ltr'>uec</span> <span class='ocrx_word' id='word_1_123' title='bbox 840 2349 891 2398; x_wconf 88' lang='lat' dir='ltr'>sc-</span> 
     </span>
     <span class='ocr_line' id='line_1_22' title="bbox 84 2430 891 2510; baseline 0.001 -18"><span class='ocrx_word' id='word_1_124' title='bbox 84 2430 238 2492; x_wconf 89' lang='lat' dir='ltr'>ciaberis</span> <span class='ocrx_word' id='word_1_125' title='bbox 260 2431 402 2493; x_wconf 91' lang='lat' dir='ltr'>cumeis</span> <span class='ocrx_word' id='word_1_126' title='bbox 424 2432 591 2510; x_wconf 79' lang='lat' dir='ltr'>conjugio,</span> <span class='ocrx_word' id='word_1_127' title='bbox 614 2431 700 2494; x_wconf 89' lang='lat' dir='ltr'>idest</span> <span class='ocrx_word' id='word_1_128' title='bbox 720 2447 787 2494; x_wconf 89' lang='lat' dir='ltr'>nou</span> <span class='ocrx_word' id='word_1_129' title='bbox 809 2447 891 2494; x_wconf 90' lang='lat' dir='ltr'>con-</span> 
     </span>
     <span class='ocr_line' id='line_1_23' title="bbox 83 2527 888 2604; baseline 0.001 -16"><span class='ocrx_word' id='word_1_130' title='bbox 83 2527 275 2604; x_wconf 76' lang='lat' dir='ltr'>glutinabis</span> <span class='ocrx_word' id='word_1_131' title='bbox 289 2528 435 2590; x_wconf 89' lang='lat' dir='ltr'>animam</span> <span class='ocrx_word' id='word_1_132' title='bbox 447 2529 550 2600; x_wconf 87' lang='lat' dir='ltr'>tuam,</span> <span class='ocrx_word' id='word_1_133' title='bbox 568 2531 604 2592; x_wconf 92' lang='lat' dir='ltr'>ut</span> <span class='ocrx_word' id='word_1_134' title='bbox 619 2530 668 2591; x_wconf 90' lang='lat' dir='ltr'>eis</span> <span class='ocrx_word' id='word_1_135' title='bbox 686 2529 888 2592; x_wconf 88' lang='lat' dir='ltr'>consentias.</span> 
     </span>
     <span class='ocr_line' id='line_1_24' title="bbox 83 2625 886 2704; baseline 0.001 -19"><span class='ocrx_word' id='word_1_136' title='bbox 83 2642 103 2685; x_wconf 74' lang='lat' dir='ltr'>c</span> <span class='ocrx_word' id='word_1_137' title='bbox 118 2626 201 2688; x_wconf 92' lang='lat' dir='ltr'>Non</span> <span class='ocrx_word' id='word_1_138' title='bbox 224 2625 320 2687; x_wconf 88' lang='lat' dir='ltr'>dabis</span> <span class='ocrx_word' id='word_1_139' title='bbox 343 2625 446 2688; x_wconf 87' lang='lat' dir='ltr'>liliam</span> <span class='ocrx_word' id='word_1_140' title='bbox 465 2626 556 2688; x_wconf 91' lang='lat' dir='ltr'>tuam</span> <span class='ocrx_word' id='word_1_141' title='bbox 572 2626 641 2688; x_wconf 84' lang='lat' dir='ltr'>tilio</span> <span class='ocrx_word' id='word_1_142' title='bbox 658 2629 741 2704; x_wconf 88' lang='lat' dir='ltr'>ejus.</span> <span class='ocrx_word' id='word_1_143' title='bbox 758 2643 777 2688; x_wconf 91' lang='lat'>»</span> <span class='ocrx_word' id='word_1_144' title='bbox 793 2625 886 2687; x_wconf 75' lang='lat' dir='ltr'>Muli·</span> 
     </span>
     <span class='ocr_line' id='line_1_25' title="bbox 83 2721 889 2801; baseline 0.002 -18"><span class='ocrx_word' id='word_1_145' title='bbox 83 2721 178 2784; x_wconf 85' lang='lat' dir='ltr'>tilios</span> <span class='ocrx_word' id='word_1_146' title='bbox 191 2738 285 2794; x_wconf 91' lang='lat' dir='ltr'>suos,</span> <span class='ocrx_word' id='word_1_147' title='bbox 301 2722 389 2785; x_wconf 89' lang='lat' dir='ltr'>idest</span> <span class='ocrx_word' id='word_1_148' title='bbox 401 2738 502 2801; x_wconf 88' lang='lat' dir='ltr'>opera</span> <span class='ocrx_word' id='word_1_149' title='bbox 518 2722 650 2784; x_wconf 85' lang='lat' dir='ltr'>filiabus</span> <span class='ocrx_word' id='word_1_150' title='bbox 665 2722 800 2798; x_wconf 89' lang='lat' dir='ltr'>diaboli,</span> <span class='ocrx_word' id='word_1_151' title='bbox 816 2739 889 2801; x_wconf 87' lang='lat' dir='ltr'>quae</span> 
     </span>
     <span class='ocr_line' id='line_1_26' title="bbox 83 2819 889 2898; baseline -0.004 -14"><span class='ocrx_word' id='word_1_152' title='bbox 83 2821 166 2884; x_wconf 81' lang='lat' dir='ltr'>sunt</span> <span class='ocrx_word' id='word_1_153' title='bbox 180 2820 322 2897; x_wconf 86' lang='lat' dir='ltr'>septem,</span> <span class='ocrx_word' id='word_1_154' title='bbox 338 2819 474 2882; x_wconf 88' lang='lat' dir='ltr'>tradunt</span> <span class='ocrx_word' id='word_1_155' title='bbox 493 2821 536 2884; x_wconf 89' lang='lat' dir='ltr'>ad</span> <span class='ocrx_word' id='word_1_156' title='bbox 551 2820 696 2898; x_wconf 89' lang='lat' dir='ltr'>nuptias,</span> <span class='ocrx_word' id='word_1_157' title='bbox 714 2822 772 2883; x_wconf 89' lang='lat' dir='ltr'>sed</span> <span class='ocrx_word' id='word_1_158' title='bbox 790 2820 889 2898; x_wconf 93' lang='lat' dir='ltr'>pauci</span> 
     </span>
     <span class='ocr_line' id='line_1_27' title="bbox 82 2917 889 2982; baseline 0 -2"><span class='ocrx_word' id='word_1_159' title='bbox 82 2918 208 2980; x_wconf 89' lang='lat' dir='ltr'>volunt</span> <span class='ocrx_word' id='word_1_160' title='bbox 232 2917 429 2980; x_wconf 87' lang='lat' dir='ltr'>contrahere</span> <span class='ocrx_word' id='word_1_161' title='bbox 453 2934 529 2979; x_wconf 91' lang='lat' dir='ltr'>cum</span> <span class='ocrx_word' id='word_1_162' title='bbox 553 2918 624 2979; x_wconf 85' lang='lat' dir='ltr'>tilia</span> <span class='ocrx_word' id='word_1_163' title='bbox 653 2918 788 2982; x_wconf 82' lang='lat' dir='ltr'>Christi.</span> <span class='ocrx_word' id='word_1_164' title='bbox 813 2919 889 2981; x_wconf 87' lang='lat' dir='ltr'>Istae</span> 
     </span>
     <span class='ocr_line' id='line_1_28' title="bbox 81 3013 887 3094; baseline 0.002 -20"><span class='ocrx_word' id='word_1_165' title='bbox 81 3013 168 3077; x_wconf 85' lang='lat' dir='ltr'>tiliae</span> <span class='ocrx_word' id='word_1_166' title='bbox 195 3016 341 3085; x_wconf 88' lang='lat' dir='ltr'>Satanae,</span> <span class='ocrx_word' id='word_1_167' title='bbox 358 3015 430 3077; x_wconf 88' lang='lat' dir='ltr'>eive</span> <span class='ocrx_word' id='word_1_168' title='bbox 449 3015 573 3078; x_wconf 91' lang='lat' dir='ltr'>diaboli</span> <span class='ocrx_word' id='word_1_169' title='bbox 596 3019 674 3077; x_wconf 89' lang='lat' dir='ltr'>sunt</span> <span class='ocrx_word' id='word_1_170' title='bbox 692 3018 817 3094; x_wconf 91' lang='lat' dir='ltr'>septem</span> <span class='ocrx_word' id='word_1_171' title='bbox 832 3015 887 3077; x_wconf 88' lang='lat' dir='ltr'>vi-</span> 
     </span>
     <span class='ocr_line' id='line_1_29' title="bbox 79 3113 889 3196; baseline 0 -21"><span class='ocrx_word' id='word_1_172' title='bbox 79 3114 143 3187; x_wconf 86' lang='lat' dir='ltr'>tia,</span> <span class='ocrx_word' id='word_1_173' title='bbox 163 3128 241 3192; x_wconf 85' lang='lat' dir='ltr'>quae</span> <span class='ocrx_word' id='word_1_174' title='bbox 257 3113 353 3175; x_wconf 89' lang='lat' dir='ltr'>multi</span> <span class='ocrx_word' id='word_1_175' title='bbox 368 3113 563 3191; x_wconf 86' lang='lat' dir='ltr'>approbant,</span> <span class='ocrx_word' id='word_1_176' title='bbox 580 3115 614 3178; x_wconf 89' lang='lat' dir='ltr'>et</span> <span class='ocrx_word' id='word_1_177' title='bbox 627 3113 810 3196; x_wconf 88' lang='lat' dir='ltr'>reprobant</span> <span class='ocrx_word' id='word_1_178' title='bbox 824 3114 889 3177; x_wconf 92' lang='lat' dir='ltr'>vir-</span> 
     </span>
     <span class='ocr_line' id='line_1_30' title="bbox 80 3212 190 3274; baseline -0.009 -1"><span class='ocrx_word' id='word_1_179' title='bbox 80 3212 190 3274; x_wconf 89' lang='lat' dir='ltr'>tutes.</span> 
     </span>
    </p>

    <p class='ocr_par' dir='ltr' id='par_1_3' title="bbox 70 3309 890 5231">
     <span class='ocr_line' id='line_1_31' title="bbox 121 3309 890 3384; baseline -0.005 -12"><span class='ocrx_word' id='word_1_180' title='bbox 121 3309 175 3372; x_wconf 83' lang='lat' dir='ltr'>Et</span> <span class='ocrx_word' id='word_1_181' title='bbox 189 3309 385 3370; x_wconf 79' lang='lat' dir='ltr'>didicerunt</span> <span class='ocrx_word' id='word_1_182' title='bbox 408 3323 515 3384; x_wconf 79' lang='lat' dir='ltr'>opero</span> <span class='ocrx_word' id='word_1_183' title='bbox 538 3323 671 3382; x_wconf 76' lang='lat' dir='ltr'>eorum,</span> <span class='ocrx_word' id='word_1_184' title='bbox 698 3309 733 3370; x_wconf 87' lang='lat' dir='ltr'>et</span> <span class='ocrx_word' id='word_1_185' title='bbox 755 3310 890 3369; x_wconf 84' lang='lat' dir='ltr'>serote-</span> 
     </span>
     <span class='ocr_line' id='line_1_32' title="bbox 78 3404 889 3479; baseline -0.005 -10"><span class='ocrx_word' id='word_1_186' title='bbox 78 3407 172 3469; x_wconf 80' lang='lat' dir='ltr'>rcmi</span> <span class='ocrx_word' id='word_1_187' title='bbox 186 3406 398 3479; x_wconf 76' lang='lat' dir='ltr'>sculptilibus</span> <span class='ocrx_word' id='word_1_188' title='bbox 416 3421 548 3468; x_wconf 72' lang='lat' dir='ltr'>corceio.</span> <span class='ocrx_word' id='word_1_189' title='bbox 571 3408 608 3467; x_wconf 94' lang='lat' dir='ltr'>ln</span> <span class='ocrx_word' id='word_1_190' title='bbox 630 3404 889 3467; x_wconf 89' lang='lat' dir='ltr'>Deuteronomio</span> 
     </span>
     <span class='ocr_line' id='line_1_33' title="bbox 79 3500 890 3585; baseline -0.006 -18"><span class='ocrx_word' id='word_1_191' title='bbox 79 3502 128 3585; x_wconf 93' lang='lat'>(7,</span> <span class='ocrx_word' id='word_1_192' title='bbox 145 3501 184 3581; x_wconf 92' lang='lat'>5)</span> <span class='ocrx_word' id='word_1_193' title='bbox 198 3523 207 3562; x_wconf 73' lang='grc' dir='ltr'>ι</span> <span class='ocrx_word' id='word_1_194' title='bbox 225 3506 342 3565; x_wconf 77' lang='lat' dir='ltr'>«Aras</span> <span class='ocrx_word' id='word_1_195' title='bbox 357 3518 473 3564; x_wconf 89' lang='lat' dir='ltr'>eorum</span> <span class='ocrx_word' id='word_1_196' title='bbox 488 3502 683 3577; x_wconf 86' lang='lat' dir='ltr'>subvertite,</span> <span class='ocrx_word' id='word_1_197' title='bbox 697 3504 731 3564; x_wconf 89' lang='lat' dir='ltr'>et</span> <span class='ocrx_word' id='word_1_198' title='bbox 744 3500 890 3564; x_wconf 86' lang='lat' dir='ltr'>confrin-</span> 
     </span>
     <span class='ocr_line' id='line_1_34' title="bbox 77 3599 888 3678; baseline -0.002 -15"><span class='ocrx_word' id='word_1_199' title='bbox 77 3602 154 3678; x_wconf 80' lang='lat' dir='ltr'>gite</span> <span class='ocrx_word' id='word_1_200' title='bbox 171 3600 315 3671; x_wconf 91' lang='lat' dir='ltr'>statuas,</span> <span class='ocrx_word' id='word_1_201' title='bbox 337 3599 498 3662; x_wconf 84' lang='lat' dir='ltr'>succidite</span> <span class='ocrx_word' id='word_1_202' title='bbox 520 3600 625 3677; x_wconf 91' lang='lat' dir='ltr'>lucos,</span> <span class='ocrx_word' id='word_1_203' title='bbox 649 3601 682 3663; x_wconf 88' lang='lat' dir='ltr'>et</span> <span class='ocrx_word' id='word_1_204' title='bbox 702 3599 888 3661; x_wconf 90' lang='lat' dir='ltr'>comburite</span> 
     </span>
     <span class='ocr_line' id='line_1_35' title="bbox 79 3695 888 3775; baseline -0.005 -14"><span class='ocrx_word' id='word_1_205' title='bbox 79 3696 274 3775; x_wconf 87' lang='lat' dir='ltr'>sculptilia.</span> <span class='ocrx_word' id='word_1_206' title='bbox 291 3713 310 3757; x_wconf 84' lang='lat'><strong>»</strong></span> <span class='ocrx_word' id='word_1_207' title='bbox 326 3699 392 3758; x_wconf 90' lang='lat' dir='ltr'>Per</span> <span class='ocrx_word' id='word_1_208' title='bbox 405 3711 502 3770; x_wconf 81' lang='lat' dir='ltr'>cras,</span> <span class='ocrx_word' id='word_1_209' title='bbox 518 3697 640 3759; x_wconf 91' lang='lat' dir='ltr'>mentis</span> <span class='ocrx_word' id='word_1_210' title='bbox 654 3696 756 3759; x_wconf 91' lang='lat' dir='ltr'>elatio</span> <span class='ocrx_word' id='word_1_211' title='bbox 771 3695 888 3759; x_wconf 87' lang='lat' dir='ltr'>contra</span> 
     </span>
     <span class='ocr_line' id='line_1_36' title="bbox 77 3793 888 3873; baseline -0.002 -15"><span class='ocrx_word' id='word_1_212' title='bbox 77 3798 194 3858; x_wconf 88' lang='lat' dir='ltr'>Deum</span> <span class='ocrx_word' id='word_1_213' title='bbox 215 3795 469 3872; x_wconf 67' lang='lat' dir='ltr'>specstantes,</span> <span class='ocrx_word' id='word_1_214' title='bbox 491 3793 617 3859; x_wconf 91' lang='lat' dir='ltr'>idolum</span> <span class='ocrx_word' id='word_1_215' title='bbox 639 3795 779 3873; x_wconf 88' lang='lat' dir='ltr'>peccati,</span> <span class='ocrx_word' id='word_1_216' title='bbox 801 3794 888 3873; x_wconf 87' lang='lat' dir='ltr'>quod</span> 
     </span>
     <span class='ocr_line' id='line_1_37' title="bbox 77 3890 889 3970; baseline -0.005 -13"><span class='ocrx_word' id='word_1_217' title='bbox 77 3893 236 3969; x_wconf 79' lang='lat' dir='ltr'>erigitur</span> <span class='ocrx_word' id='word_1_218' title='bbox 248 3907 349 3968; x_wconf 88' lang='lat' dir='ltr'>super</span> <span class='ocrx_word' id='word_1_219' title='bbox 362 3891 508 3953; x_wconf 90' lang='lat' dir='ltr'>mentem</span> <span class='ocrx_word' id='word_1_220' title='bbox 522 3908 582 3969; x_wconf 83' lang='lat' dir='ltr'>per</span> <span class='ocrx_word' id='word_1_221' title='bbox 596 3890 807 3970; x_wconf 87' lang='lat' dir='ltr'>superbiam:</span> <span class='ocrx_word' id='word_1_222' title='bbox 827 3906 889 3969; x_wconf 91' lang='lat' dir='ltr'>per</span> 
     </span>
     <span class='ocr_line' id='line_1_38' title="bbox 76 3987 889 4067; baseline -0.005 -12"><span class='ocrx_word' id='word_1_223' title='bbox 76 3997 193 4065; x_wconf 70' lang='lat' dir='ltr'>mooe,</span> <span class='ocrx_word' id='word_1_224' title='bbox 221 3989 482 4051; x_wconf 87' lang='lat' dir='ltr'>circumstantiae</span> <span class='ocrx_word' id='word_1_225' title='bbox 504 3989 645 4067; x_wconf 89' lang='lat' dir='ltr'>peccati,</span> <span class='ocrx_word' id='word_1_226' title='bbox 674 4004 748 4067; x_wconf 88' lang='lat' dir='ltr'>quae</span> <span class='ocrx_word' id='word_1_227' title='bbox 767 3987 889 4051; x_wconf 87' lang='lat' dir='ltr'>debent</span> 
     </span>
     <span class='ocr_line' id='line_1_39' title="bbox 77 4085 888 4165; baseline -0.007 -14"><span class='ocrx_word' id='word_1_228' title='bbox 77 4086 234 4159; x_wconf 88' lang='lat' dir='ltr'>succidi,</span> <span class='ocrx_word' id='word_1_229' title='bbox 250 4086 329 4164; x_wconf 86' lang='lat' dir='ltr'>quia</span> <span class='ocrx_word' id='word_1_230' title='bbox 348 4085 536 4148; x_wconf 90' lang='lat' dir='ltr'>accendunt</span> <span class='ocrx_word' id='word_1_231' title='bbox 557 4085 724 4159; x_wconf 88' lang='lat' dir='ltr'>bominem</span> <span class='ocrx_word' id='word_1_232' title='bbox 746 4085 787 4148; x_wconf 91' lang='lat' dir='ltr'>ad</span> <span class='ocrx_word' id='word_1_233' title='bbox 807 4101 888 4165; x_wconf 86' lang='lat' dir='ltr'>pec-</span> 
     </span>
     <span class='ocr_line' id='line_1_40' title="bbox 75 4183 889 4253; baseline -0.011 0"><span class='ocrx_word' id='word_1_234' title='bbox 75 4185 246 4253; x_wconf 84' lang='lat' dir='ltr'>cendum.</span> <span class='ocrx_word' id='word_1_235' title='bbox 260 4184 378 4245; x_wconf 87' lang='lat' dir='ltr'>Omnia</span> <span class='ocrx_word' id='word_1_236' title='bbox 394 4185 459 4249; x_wconf 87' lang='lat' dir='ltr'>ista</span> <span class='ocrx_word' id='word_1_237' title='bbox 473 4183 673 4247; x_wconf 85' lang='lat' dir='ltr'>destruenda</span> <span class='ocrx_word' id='word_1_238' title='bbox 689 4183 767 4245; x_wconf 90' lang='lat' dir='ltr'>sunt</span> <span class='ocrx_word' id='word_1_239' title='bbox 781 4183 817 4245; x_wconf 93' lang='lat' dir='ltr'>in</span> <span class='ocrx_word' id='word_1_240' title='bbox 831 4183 889 4244; x_wconf 90' lang='lat' dir='ltr'>bo-</span> 
     </span>
     <span class='ocr_line' id='line_1_41' title="bbox 74 4280 889 4353; baseline -0.005 -8"><span class='ocrx_word' id='word_1_241' title='bbox 74 4283 189 4345; x_wconf 86' lang='lat' dir='ltr'>mine.</span> <span class='ocrx_word' id='word_1_242' title='bbox 215 4282 263 4341; x_wconf 76' lang='grc'>111</span> <span class='ocrx_word' id='word_1_243' title='bbox 287 4281 474 4343; x_wconf 87' lang='lat' dir='ltr'>succisione</span> <span class='ocrx_word' id='word_1_244' title='bbox 494 4280 574 4353; x_wconf 85' lang='lat' dir='ltr'>luci,</span> <span class='ocrx_word' id='word_1_245' title='bbox 596 4282 630 4342; x_wconf 89' lang='lat' dir='ltr'>et</span> <span class='ocrx_word' id='word_1_246' title='bbox 650 4296 719 4343; x_wconf 87' lang='lat' dir='ltr'>aras</span> <span class='ocrx_word' id='word_1_247' title='bbox 742 4280 889 4342; x_wconf 89' lang='lat' dir='ltr'>destruc·</span> 
     </span>
     <span class='ocr_line' id='line_1_42' title="bbox 74 4372 887 4444; baseline -0.007 0"><span class='ocrx_word' id='word_1_248' title='bbox 74 4383 179 4444; x_wconf 91' lang='lat' dir='ltr'>tione</span> <span class='ocrx_word' id='word_1_249' title='bbox 195 4376 360 4439; x_wconf 88' lang='lat' dir='ltr'>habemus</span> <span class='ocrx_word' id='word_1_250' title='bbox 380 4377 652 4440; x_wconf 87' lang='lat' dir='ltr'>concordantiam</span> <span class='ocrx_word' id='word_1_251' title='bbox 667 4378 702 4439; x_wconf 91' lang='lat' dir='ltr'>in</span> <span class='ocrx_word' id='word_1_252' title='bbox 722 4372 887 4439; x_wconf 69' lang='grc'>11111111-</span> 
     </span>
     <span class='ocr_line' id='line_1_43' title="bbox 76 4472 889 4553; baseline -0.009 -12"><span class='ocrx_word' id='word_1_253' title='bbox 76 4478 204 4541; x_wconf 83' lang='lat' dir='ltr'>dicum</span> <span class='ocrx_word' id='word_1_254' title='bbox 221 4472 268 4552; x_wconf 90' lang='lat'>(6,</span> <span class='ocrx_word' id='word_1_255' title='bbox 282 4475 323 4535; x_wconf 83' lang='lat'>25</span> <span class='ocrx_word' id='word_1_256' title='bbox 336 4475 370 4536; x_wconf 91' lang='lat' dir='ltr'>et</span> <span class='ocrx_word' id='word_1_257' title='bbox 382 4474 450 4553; x_wconf 86' lang='lat'>26),</span> <span class='ocrx_word' id='word_1_258' title='bbox 472 4473 528 4537; x_wconf 90' lang='lat' dir='ltr'>ubi</span> <span class='ocrx_word' id='word_1_259' title='bbox 543 4474 703 4552; x_wconf 85' lang='lat' dir='ltr'>praecepit</span> <span class='ocrx_word' id='word_1_260' title='bbox 721 4476 809 4535; x_wconf 87' lang='lat' dir='ltr'>Deus</span> <span class='ocrx_word' id='word_1_261' title='bbox 824 4475 889 4535; x_wconf 82' lang='lat' dir='ltr'>(ie-</span> 
     </span>
     <span class='ocr_line' id='line_1_44' title="bbox 73 4570 888 4647; baseline -0.006 -11"><span class='ocrx_word' id='word_1_262' title='bbox 73 4573 201 4641; x_wconf 86' lang='lat' dir='ltr'>deoni‚</span> <span class='ocrx_word' id='word_1_263' title='bbox 219 4570 356 4633; x_wconf 86' lang='lat' dir='ltr'>dicens:</span> <span class='ocrx_word' id='word_1_264' title='bbox 372 4587 391 4631; x_wconf 85' lang='lat'><strong>‹</strong></span> <span class='ocrx_word' id='word_1_265' title='bbox 405 4572 564 4632; x_wconf 88' lang='lat' dir='ltr'>Destrues</span> <span class='ocrx_word' id='word_1_266' title='bbox 585 4586 680 4632; x_wconf 89' lang='lat' dir='ltr'>aram</span> <span class='ocrx_word' id='word_1_267' title='bbox 698 4570 792 4642; x_wconf 85' lang='lat' dir='ltr'>Baal,</span> <span class='ocrx_word' id='word_1_268' title='bbox 814 4585 888 4647; x_wconf 90' lang='lat' dir='ltr'>quae</span> 
     </span>
     <span class='ocr_line' id='line_1_45' title="bbox 72 4667 888 4749; baseline -0.01 -13"><span class='ocrx_word' id='word_1_269' title='bbox 72 4673 131 4736; x_wconf 88' lang='lat' dir='ltr'>est</span> <span class='ocrx_word' id='word_1_270' title='bbox 146 4668 263 4749; x_wconf 86' lang='lat' dir='ltr'>patris</span> <span class='ocrx_word' id='word_1_271' title='bbox 277 4668 327 4730; x_wconf 88' lang='lat' dir='ltr'>tui</span> <span class='ocrx_word' id='word_1_272' title='bbox 344 4690 351 4728; x_wconf 76' lang='grc' dir='ltr'><strong>ι</strong></span> <span class='ocrx_word' id='word_1_273' title='bbox 376 4670 410 4730; x_wconf 87' lang='grc'>11</span> <span class='ocrx_word' id='word_1_274' title='bbox 428 4684 557 4739; x_wconf 88' lang='lat' dir='ltr'>nemus,</span> <span class='ocrx_word' id='word_1_275' title='bbox 574 4667 660 4746; x_wconf 84' lang='lat' dir='ltr'>quod</span> <span class='ocrx_word' id='word_1_276' title='bbox 676 4667 767 4729; x_wconf 89' lang='lat' dir='ltr'>circa</span> <span class='ocrx_word' id='word_1_277' title='bbox 781 4667 888 4728; x_wconf 86' lang='lat' dir='ltr'>altare</span> 
     </span>
     <span class='ocr_line' id='line_1_46' title="bbox 72 4764 888 4843; baseline -0.009 -11"><span class='ocrx_word' id='word_1_278' title='bbox 72 4771 144 4841; x_wconf 89' lang='lat' dir='ltr'>est,</span> <span class='ocrx_word' id='word_1_279' title='bbox 164 4764 334 4838; x_wconf 90' lang='lat' dir='ltr'>succides,</span> <span class='ocrx_word' id='word_1_280' title='bbox 346 4781 365 4825; x_wconf 85' lang='lat'><strong>»</strong></span> <span class='ocrx_word' id='word_1_281' title='bbox 375 4764 504 4827; x_wconf 89' lang='lat' dir='ltr'>scilicet</span> <span class='ocrx_word' id='word_1_282' title='bbox 518 4764 804 4827; x_wconf 86' lang='lat' dir='ltr'>circumstantiam</span> <span class='ocrx_word' id='word_1_283' title='bbox 814 4779 888 4843; x_wconf 89' lang='lat' dir='ltr'>peo-</span> 
     </span>
     <span class='ocr_line' id='line_1_47' title="bbox 73 4861 888 4938; baseline -0.009 -8"><span class='ocrx_word' id='word_1_284' title='bbox 73 4868 261 4938; x_wconf 86' lang='lat' dir='ltr'>catorum;</span> <span class='ocrx_word' id='word_1_285' title='bbox 278 4864 312 4925; x_wconf 89' lang='lat' dir='ltr'>et</span> <span class='ocrx_word' id='word_1_286' title='bbox 330 4863 379 4925; x_wconf 90' lang='lat' dir='ltr'>sic</span> <span class='ocrx_word' id='word_1_287' title='bbox 396 4879 415 4923; x_wconf 71' lang='lat' dir='ltr'>v</span> <span class='ocrx_word' id='word_1_288' title='bbox 430 4861 611 4925; x_wconf 73' lang='lat' dir='ltr'>aedificabis</span> <span class='ocrx_word' id='word_1_289' title='bbox 626 4862 733 4924; x_wconf 89' lang='lat' dir='ltr'>altare</span> <span class='ocrx_word' id='word_1_290' title='bbox 747 4862 888 4924; x_wconf 89' lang='lat' dir='ltr'>Domino</span> 
     </span>
     <span class='ocr_line' id='line_1_48' title="bbox 71 4958 888 5036; baseline -0.01 -9"><span class='ocrx_word' id='word_1_291' title='bbox 71 4968 152 5027; x_wconf 90' lang='lat' dir='ltr'>Deo</span> <span class='ocrx_word' id='word_1_292' title='bbox 168 4964 242 5023; x_wconf 87' lang='lat' dir='ltr'>tuo.</span> <span class='ocrx_word' id='word_1_293' title='bbox 257 4976 277 5023; x_wconf 71' lang='lat' dir='ltr'>s</span> <span class='ocrx_word' id='word_1_294' title='bbox 291 4960 468 5036; x_wconf 70' lang='lat' dir='ltr'>sculptura</span> <span class='ocrx_word' id='word_1_295' title='bbox 480 4960 680 5032; x_wconf 79' lang='lat' dir='ltr'>comburite,</span> <span class='ocrx_word' id='word_1_296' title='bbox 696 4958 782 5020; x_wconf 87' lang='lat' dir='ltr'>idest</span> <span class='ocrx_word' id='word_1_297' title='bbox 793 4960 888 5019; x_wconf 89' lang='lat' dir='ltr'>actus</span> 
     </span>
     <span class='ocr_line' id='line_1_49' title="bbox 70 5056 887 5141; baseline -0.009 -17"><span class='ocrx_word' id='word_1_298' title='bbox 70 5057 233 5141; x_wconf 88' lang='lat' dir='ltr'>peceati.</span> <span class='ocrx_word' id='word_1_299' title='bbox 257 5057 432 5135; x_wconf 71' lang='lat' dir='ltr'>sculptilia</span> <span class='ocrx_word' id='word_1_300' title='bbox 457 5057 535 5119; x_wconf 90' lang='lat' dir='ltr'>sunt</span> <span class='ocrx_word' id='word_1_301' title='bbox 553 5056 690 5134; x_wconf 89' lang='lat' dir='ltr'>peccata</span> <span class='ocrx_word' id='word_1_302' title='bbox 710 5056 747 5117; x_wconf 93' lang='lat' dir='ltr'>in</span> <span class='ocrx_word' id='word_1_303' title='bbox 768 5071 887 5132; x_wconf 89' lang='lat' dir='ltr'>opere;</span> 
     </span>
     <span class='ocr_line' id='line_1_50' title="bbox 71 5148 886 5231; baseline -0.011 -10"><span class='ocrx_word' id='word_1_304' title='bbox 71 5148 886 5231; x_wconf 66' lang='grc' dir='ltr'>161111611111111111111111111611111111ι</span> 
     </span>
    </p>
   </div>
   <div class='ocr_carea' id='block_1_3' title="bbox 65 5362 888 5719">
    <p class='ocr_par' dir='ltr' id='par_1_4' title="bbox 65 5362 888 5719">
     <span class='ocr_line' id='line_1_51' title="bbox 112 5362 847 5444; baseline -0.012 -18"><span class='ocrx_word' id='word_1_305' title='bbox 112 5370 165 5441; x_wconf 87' lang='grc'>(1)</span> <span class='ocrx_word' id='word_1_306' title='bbox 183 5367 229 5423; x_wconf 79' lang='lat' dir='ltr'>Ex</span> <span class='ocrx_word' id='word_1_307' title='bbox 244 5364 329 5421; x_wconf 86' lang='lat' dir='ltr'>Hom.</span> <span class='ocrx_word' id='word_1_308' title='bbox 343 5362 378 5423; x_wconf 76' lang='grc'>31</span> <span class='ocrx_word' id='word_1_309' title='bbox 393 5364 422 5421; x_wconf 93' lang='lat' dir='ltr'>iu</span> <span class='ocrx_word' id='word_1_310' title='bbox 437 5364 518 5421; x_wconf 83' lang='lat' dir='ltr'>Evan</span> <span class='ocrx_word' id='word_1_311' title='bbox 545 5405 552 5421; x_wconf 88' lang='lat'>.</span> <span class='ocrx_word' id='word_1_312' title='bbox 583 5384 587 5393; x_wconf 70' lang='grc'><strong><em>’</em></strong></span> <span class='ocrx_word' id='word_1_313' title='bbox 841 5431 847 5444; x_wconf 90' lang='lat'>.</span> 
     </span>
     <span class='ocr_line' id='line_1_52' title="bbox 113 5379 887 5517; baseline -0.01 -21"><span class='ocrx_word' id='word_1_314' title='bbox 113 5440 165 5511; x_wconf 75' lang='lat'>(²)</span> <span class='ocrx_word' id='word_1_315' title='bbox 189 5437 263 5494; x_wconf 88' lang='lat' dir='ltr'>Sunt</span> <span class='ocrx_word' id='word_1_316' title='bbox 283 5434 420 5506; x_wconf 82' lang='lat' dir='ltr'>plerique,</span> <span class='ocrx_word' id='word_1_317' title='bbox 439 5441 495 5492; x_wconf 87' lang='lat' dir='ltr'>etc.</span> <span class='ocrx_word' id='word_1_318' title='bbox 519 5379 643 5517; x_wconf 62' lang='lat' dir='ltr'>fucdit</span> <span class='ocrx_word' id='word_1_319' title='bbox 667 5432 757 5490; x_wconf 82' lang='grc'>11111.</span> <span class='ocrx_word' id='word_1_320' title='bbox 783 5432 887 5515; x_wconf 64' lang='lat' dir='ltr'>Paris,</span> 
     </span>
     <span class='ocr_line' id='line_1_53' title="bbox 70 5504 888 5588; baseline -0.01 -22"><span class='ocrx_word' id='word_1_321' title='bbox 70 5522 156 5572; x_wconf 76' lang='lat' dir='ltr'>tom.</span> <span class='ocrx_word' id='word_1_322' title='bbox 176 5510 201 5573; x_wconf 91' lang='lat' dir='ltr'>l,</span> <span class='ocrx_word' id='word_1_323' title='bbox 212 5505 271 5588; x_wconf 73' lang='lat' dir='ltr'>col.</span> <span class='ocrx_word' id='word_1_324' title='bbox 289 5504 638 5586; x_wconf 62' lang='grc'>1181111111111111</span> <span class='ocrx_word' id='word_1_325' title='bbox 653 5504 888 5585; x_wconf 75' lang='lat' dir='ltr'>compassionem</span> 
     </span>
     <span class='ocr_line' id='line_1_54' title="bbox 65 5571 887 5719; baseline -0.016 -7"><span class='ocrx_word' id='word_1_326' title='bbox 65 5571 887 5719; x_wconf 63' lang='grc'>111111111111111111111111111</span> 
     </span>
    </p>
   </div>
   <div class='ocr_carea' id='block_1_4' title="bbox 477 323 1359 390">
    <p class='ocr_par' dir='ltr' id='par_1_5' title="bbox 477 323 1359 390">
     <span class='ocr_line' id='line_1_55' title="bbox 477 323 1359 390; baseline 0.002 -4"><span class='ocrx_word' id='word_1_327' title='bbox 477 325 584 387; x_wconf 74' lang='lat' dir='ltr'>Palis</span> <span class='ocrx_word' id='word_1_328' title='bbox 613 323 759 388; x_wconf 84' lang='lat' dir='ltr'>PRIMA.</span> <span class='ocrx_word' id='word_1_329' title='bbox 774 351 815 370; x_wconf 91' lang='lat'>··</span> <span class='ocrx_word' id='word_1_330' title='bbox 833 324 1054 389; x_wconf 81' lang='lat' dir='ltr'>EXPOSITIO</span> <span class='ocrx_word' id='word_1_331' title='bbox 1083 328 1127 388; x_wconf 91' lang='lat' dir='ltr'>IN</span> <span class='ocrx_word' id='word_1_332' title='bbox 1156 327 1359 390; x_wconf 71' lang='lat' dir='ltr'>Psanites,</span> 
     </span>
    </p>
   </div>
   <div class='ocr_carea' id='block_1_5' title="bbox 1664 332 1744 398">
    <p class='ocr_par' dir='ltr' id='par_1_6' title="bbox 1664 332 1744 398">
     <span class='ocr_line' id='line_1_56' title="bbox 1664 332 1744 398; baseline 0.025 -2"><span class='ocrx_word' id='word_1_333' title='bbox 1664 332 1744 398; x_wconf 81' lang='lat'><strong>1086</strong></span> 
     </span>
    </p>
   </div>
   <div class='ocr_carea' id='block_1_6' title="bbox 943 484 1822 3193">
    <p class='ocr_par' dir='ltr' id='par_1_7' title="bbox 946 484 1745 1150">
     <span class='ocr_line' id='line_1_57' title="bbox 947 484 1744 570; baseline 0.011 -24"><span class='ocrx_word' id='word_1_334' title='bbox 947 484 1001 547; x_wconf 91' lang='lat' dir='ltr'>vel</span> <span class='ocrx_word' id='word_1_335' title='bbox 1022 485 1202 560; x_wconf 84' lang='lat' dir='ltr'>conflatile,</span> <span class='ocrx_word' id='word_1_336' title='bbox 1223 488 1361 564; x_wconf 87' lang='lat' dir='ltr'>peccata</span> <span class='ocrx_word' id='word_1_337' title='bbox 1382 486 1418 550; x_wconf 89' lang='lat' dir='ltr'>iu</span> <span class='ocrx_word' id='word_1_338' title='bbox 1437 502 1511 564; x_wconf 87' lang='lat' dir='ltr'>ore;</span> <span class='ocrx_word' id='word_1_339' title='bbox 1537 491 1744 570; x_wconf 71' lang='lat' dir='ltr'>quaomnia</span> 
     </span>
     <span class='ocr_line' id='line_1_58' title="bbox 947 582 1745 657; baseline 0.011 -14"><span class='ocrx_word' id='word_1_340' title='bbox 947 582 1067 645; x_wconf 89' lang='lat' dir='ltr'>debent</span> <span class='ocrx_word' id='word_1_341' title='bbox 1078 584 1239 657; x_wconf 90' lang='lat' dir='ltr'>comburi,</span> <span class='ocrx_word' id='word_1_342' title='bbox 1252 584 1285 647; x_wconf 91' lang='lat' dir='ltr'>et</span> <span class='ocrx_word' id='word_1_343' title='bbox 1294 584 1488 650; x_wconf 90' lang='lat' dir='ltr'>annihilari.</span> <span class='ocrx_word' id='word_1_344' title='bbox 1501 587 1745 652; x_wconf 79' lang='lat' dir='ltr'>concordantia</span> 
     </span>
     <span class='ocr_line' id='line_1_59' title="bbox 947 680 1745 764; baseline 0.009 -24"><span class='ocrx_word' id='word_1_345' title='bbox 947 680 1089 742; x_wconf 88' lang='lat' dir='ltr'>habetur</span> <span class='ocrx_word' id='word_1_346' title='bbox 1102 681 1138 741; x_wconf 92' lang='lat' dir='ltr'>in</span> <span class='ocrx_word' id='word_1_347' title='bbox 1154 682 1272 760; x_wconf 88' lang='lat' dir='ltr'>quarto</span> <span class='ocrx_word' id='word_1_348' title='bbox 1288 685 1414 758; x_wconf 76' lang='lat' dir='ltr'>Regum</span> <span class='ocrx_word' id='word_1_349' title='bbox 1437 682 1502 762; x_wconf 86' lang='lat'>(23,</span> <span class='ocrx_word' id='word_1_350' title='bbox 1518 687 1537 745; x_wconf 79' lang='lat'>4</span> <span class='ocrx_word' id='word_1_351' title='bbox 1556 684 1597 745; x_wconf 90' lang='lat' dir='ltr'>ad</span> <span class='ocrx_word' id='word_1_352' title='bbox 1617 683 1674 764; x_wconf 78' lang='grc'>7),</span> <span class='ocrx_word' id='word_1_353' title='bbox 1686 686 1745 747; x_wconf 92' lang='lat' dir='ltr'>ubi</span> 
     </span>
     <span class='ocr_line' id='line_1_60' title="bbox 947 776 1744 864; baseline 0.009 -26"><span class='ocrx_word' id='word_1_354' title='bbox 947 776 1082 850; x_wconf 88' lang='lat' dir='ltr'>dicitur,</span> <span class='ocrx_word' id='word_1_355' title='bbox 1110 779 1196 856; x_wconf 87' lang='lat' dir='ltr'>quod</span> <span class='ocrx_word' id='word_1_356' title='bbox 1227 780 1440 857; x_wconf 89' lang='lat' dir='ltr'>protulerunt</span> <span class='ocrx_word' id='word_1_357' title='bbox 1464 781 1608 843; x_wconf 85' lang='lat' dir='ltr'>statuam</span> <span class='ocrx_word' id='word_1_358' title='bbox 1633 782 1680 864; x_wconf 87' lang='grc'>(3)</span> <span class='ocrx_word' id='word_1_359' title='bbox 1702 785 1744 845; x_wconf 94' lang='lat' dir='ltr'>de</span> 
     </span>
     <span class='ocr_line' id='line_1_61' title="bbox 947 874 1744 946; baseline 0.009 -11"><span class='ocrx_word' id='word_1_360' title='bbox 947 874 1025 936; x_wconf 83' lang='lat' dir='ltr'>sano</span> <span class='ocrx_word' id='word_1_361' title='bbox 1048 875 1142 946; x_wconf 90' lang='lat' dir='ltr'>Baal,</span> <span class='ocrx_word' id='word_1_362' title='bbox 1165 876 1198 939; x_wconf 91' lang='lat' dir='ltr'>et</span> <span class='ocrx_word' id='word_1_363' title='bbox 1221 876 1487 946; x_wconf 89' lang='lat' dir='ltr'>combusserunt,</span> <span class='ocrx_word' id='word_1_364' title='bbox 1514 880 1547 940; x_wconf 89' lang='lat' dir='ltr'>et</span> <span class='ocrx_word' id='word_1_365' title='bbox 1571 879 1744 943; x_wconf 88' lang='lat' dir='ltr'>cominue-</span> 
     </span>
     <span class='ocr_line' id='line_1_62' title="bbox 946 973 1742 1054; baseline 0.009 -22"><span class='ocrx_word' id='word_1_366' title='bbox 946 974 1026 1034; x_wconf 93' lang='lat' dir='ltr'>runt</span> <span class='ocrx_word' id='word_1_367' title='bbox 1039 988 1124 1048; x_wconf 89' lang='lat' dir='ltr'>eam,</span> <span class='ocrx_word' id='word_1_368' title='bbox 1137 973 1375 1037; x_wconf 81' lang='lat' dir='ltr'>destruxerunt</span> <span class='ocrx_word' id='word_1_369' title='bbox 1387 991 1517 1054; x_wconf 84' lang='lat' dir='ltr'>quoque</span> <span class='ocrx_word' id='word_1_370' title='bbox 1530 977 1635 1039; x_wconf 83' lang='lat' dir='ltr'>aedem</span> <span class='ocrx_word' id='word_1_371' title='bbox 1648 979 1742 1048; x_wconf 89' lang='lat' dir='ltr'>Baal,</span> 
     </span>
     <span class='ocr_line' id='line_1_63' title="bbox 946 1069 1632 1150; baseline 0.004 -18"><span class='ocrx_word' id='word_1_372' title='bbox 946 1070 980 1132; x_wconf 90' lang='lat' dir='ltr'>et</span> <span class='ocrx_word' id='word_1_373' title='bbox 992 1069 1143 1134; x_wconf 85' lang='lat' dir='ltr'>iecerunt</span> <span class='ocrx_word' id='word_1_374' title='bbox 1156 1087 1217 1148; x_wconf 89' lang='lat' dir='ltr'>pro</span> <span class='ocrx_word' id='word_1_375' title='bbox 1232 1087 1271 1133; x_wconf 92' lang='lat' dir='ltr'>ea</span> <span class='ocrx_word' id='word_1_376' title='bbox 1286 1072 1427 1136; x_wconf 89' lang='lat' dir='ltr'>latrinas</span> <span class='ocrx_word' id='word_1_377' title='bbox 1442 1076 1632 1150; x_wconf 87' lang='lat' dir='ltr'>perpetuas.</span> 
     </span>
    </p>

    <p class='ocr_par' dir='ltr' id='par_1_8' title="bbox 943 1166 1822 3193">
     <span class='ocr_line' id='line_1_64' title="bbox 985 1166 1743 1246; baseline 0.007 -19"><span class='ocrx_word' id='word_1_378' title='bbox 985 1168 1033 1227; x_wconf 90' lang='lat' dir='ltr'>De</span> <span class='ocrx_word' id='word_1_379' title='bbox 1048 1166 1126 1229; x_wconf 86' lang='lat' dir='ltr'>lano</span> <span class='ocrx_word' id='word_1_380' title='bbox 1139 1167 1234 1240; x_wconf 85' lang='lat' dir='ltr'>Baal,</span> <span class='ocrx_word' id='word_1_381' title='bbox 1257 1168 1343 1231; x_wconf 88' lang='lat' dir='ltr'>idest</span> <span class='ocrx_word' id='word_1_382' title='bbox 1361 1169 1402 1230; x_wconf 90' lang='lat' dir='ltr'>de</span> <span class='ocrx_word' id='word_1_383' title='bbox 1424 1171 1535 1232; x_wconf 87' lang='lat' dir='ltr'>mente</span> <span class='ocrx_word' id='word_1_384' title='bbox 1556 1171 1743 1246; x_wconf 89' lang='lat' dir='ltr'>peccatoris</span> 
     </span>
     <span class='ocr_line' id='line_1_65' title="bbox 945 1261 1741 1343; baseline 0.005 -19"><span class='ocrx_word' id='word_1_385' title='bbox 945 1261 1114 1339; x_wconf 81' lang='lat' dir='ltr'>protertur</span> <span class='ocrx_word' id='word_1_386' title='bbox 1129 1265 1238 1326; x_wconf 90' lang='lat' dir='ltr'>statua</span> <span class='ocrx_word' id='word_1_387' title='bbox 1253 1266 1393 1342; x_wconf 87' lang='lat' dir='ltr'>peccati,</span> <span class='ocrx_word' id='word_1_388' title='bbox 1403 1282 1476 1343; x_wconf 80' lang='lat' dir='ltr'>quae</span> <span class='ocrx_word' id='word_1_389' title='bbox 1489 1266 1655 1343; x_wconf 87' lang='lat' dir='ltr'>ejicienda</span> <span class='ocrx_word' id='word_1_390' title='bbox 1670 1269 1741 1330; x_wconf 87' lang='lat' dir='ltr'>est:</span> 
     </span>
     <span class='ocr_line' id='line_1_66' title="bbox 945 1358 1742 1441; baseline 0.009 -21"><span class='ocrx_word' id='word_1_391' title='bbox 945 1358 1044 1422; x_wconf 83' lang='lat' dir='ltr'>debet</span> <span class='ocrx_word' id='word_1_392' title='bbox 1070 1361 1172 1423; x_wconf 88' lang='lat' dir='ltr'>etiam</span> <span class='ocrx_word' id='word_1_393' title='bbox 1200 1362 1392 1436; x_wconf 90' lang='lat' dir='ltr'>comminui,</span> <span class='ocrx_word' id='word_1_394' title='bbox 1422 1365 1456 1425; x_wconf 89' lang='lat' dir='ltr'>et</span> <span class='ocrx_word' id='word_1_395' title='bbox 1483 1363 1633 1425; x_wconf 87' lang='lat' dir='ltr'>comburi</span> <span class='ocrx_word' id='word_1_396' title='bbox 1662 1365 1742 1441; x_wconf 78' lang='lat' dir='ltr'>igne</span> 
     </span>
     <span class='ocr_line' id='line_1_67' title="bbox 945 1447 1822 1539; baseline 0.005 -19"><span class='ocrx_word' id='word_1_397' title='bbox 945 1456 1170 1533; x_wconf 89' lang='lat' dir='ltr'>contritionis,</span> <span class='ocrx_word' id='word_1_398' title='bbox 1198 1460 1231 1521; x_wconf 92' lang='lat' dir='ltr'>et</span> <span class='ocrx_word' id='word_1_399' title='bbox 1255 1460 1438 1522; x_wconf 90' lang='lat' dir='ltr'>comminui</span> <span class='ocrx_word' id='word_1_400' title='bbox 1466 1477 1526 1539; x_wconf 88' lang='lat' dir='ltr'>per</span> <span class='ocrx_word' id='word_1_401' title='bbox 1551 1460 1742 1524; x_wconf 84' lang='lat' dir='ltr'>confessio·</span> <span class='ocrx_word' id='word_1_402' title='bbox 1815 1447 1822 1454; x_wconf 69' lang='grc'><strong><em>’</em></strong></span> 
     </span>
     <span class='ocr_line' id='line_1_68' title="bbox 945 1555 1742 1640; baseline 0.01 -26"><span class='ocrx_word' id='word_1_403' title='bbox 945 1569 1043 1632; x_wconf 86' lang='lat' dir='ltr'>nem:</span> <span class='ocrx_word' id='word_1_404' title='bbox 1061 1555 1095 1617; x_wconf 89' lang='lat' dir='ltr'>et</span> <span class='ocrx_word' id='word_1_405' title='bbox 1108 1555 1214 1617; x_wconf 87' lang='lat' dir='ltr'>aedem</span> <span class='ocrx_word' id='word_1_406' title='bbox 1228 1556 1325 1619; x_wconf 88' lang='lat' dir='ltr'>debet</span> <span class='ocrx_word' id='word_1_407' title='bbox 1348 1557 1532 1640; x_wconf 85' lang='lat' dir='ltr'>destruere,</span> <span class='ocrx_word' id='word_1_408' title='bbox 1550 1558 1638 1621; x_wconf 88' lang='lat' dir='ltr'>idest</span> <span class='ocrx_word' id='word_1_409' title='bbox 1656 1574 1742 1622; x_wconf 89' lang='lat' dir='ltr'>con·</span> 
     </span>
     <span class='ocr_line' id='line_1_69' title="bbox 944 1651 1743 1727; baseline 0.005 -13"><span class='ocrx_word' id='word_1_410' title='bbox 944 1651 1187 1727; x_wconf 89' lang='lat' dir='ltr'>versationem;</span> <span class='ocrx_word' id='word_1_411' title='bbox 1200 1653 1364 1727; x_wconf 89' lang='lat' dir='ltr'>etlucum,</span> <span class='ocrx_word' id='word_1_412' title='bbox 1376 1654 1463 1717; x_wconf 89' lang='lat' dir='ltr'>idest</span> <span class='ocrx_word' id='word_1_413' title='bbox 1472 1654 1743 1718; x_wconf 88' lang='lat' dir='ltr'>circumstantias</span> 
     </span>
     <span class='ocr_line' id='line_1_70' title="bbox 944 1750 1742 1828; baseline 0.004 -16"><span class='ocrx_word' id='word_1_414' title='bbox 944 1750 1169 1828; x_wconf 86' lang='lat' dir='ltr'>peccatorum.</span> <span class='ocrx_word' id='word_1_415' title='bbox 1189 1752 1260 1813; x_wconf 84' lang='lat' dir='ltr'>Nee</span> <span class='ocrx_word' id='word_1_416' title='bbox 1283 1750 1347 1818; x_wconf 85' lang='lat' dir='ltr'>boc</span> <span class='ocrx_word' id='word_1_417' title='bbox 1370 1751 1468 1816; x_wconf 85' lang='lat' dir='ltr'>debet</span> <span class='ocrx_word' id='word_1_418' title='bbox 1491 1753 1654 1827; x_wconf 87' lang='lat' dir='ltr'>sufficere,</span> <span class='ocrx_word' id='word_1_419' title='bbox 1683 1754 1742 1818; x_wconf 90' lang='lat' dir='ltr'>sed</span> 
     </span>
     <span class='ocr_line' id='line_1_71' title="bbox 945 1845 1742 1921; baseline 0.001 -9"><span class='ocrx_word' id='word_1_420' title='bbox 945 1845 1056 1912; x_wconf 82' lang='lat' dir='ltr'>iacere</span> <span class='ocrx_word' id='word_1_421' title='bbox 1082 1845 1129 1910; x_wconf 91' lang='lat' dir='ltr'>ibi</span> <span class='ocrx_word' id='word_1_422' title='bbox 1154 1846 1314 1921; x_wconf 87' lang='lat' dir='ltr'>latrinas,</span> <span class='ocrx_word' id='word_1_423' title='bbox 1344 1849 1432 1911; x_wconf 89' lang='lat' dir='ltr'>idest</span> <span class='ocrx_word' id='word_1_424' title='bbox 1459 1849 1742 1913; x_wconf 81' lang='lat' dir='ltr'>abominationem</span> 
     </span>
     <span class='ocr_line' id='line_1_72' title="bbox 945 1945 1744 2030; baseline 0.008 -25"><span class='ocrx_word' id='word_1_425' title='bbox 945 1947 1170 2021; x_wconf 87' lang='lat' dir='ltr'>peccatorum,</span> <span class='ocrx_word' id='word_1_426' title='bbox 1184 1947 1218 2008; x_wconf 90' lang='lat' dir='ltr'>et</span> <span class='ocrx_word' id='word_1_427' title='bbox 1232 1945 1384 2010; x_wconf 83' lang='grc'>1111111111</span> <span class='ocrx_word' id='word_1_428' title='bbox 1399 1962 1514 2012; x_wconf 87' lang='lat' dir='ltr'>eorum</span> <span class='ocrx_word' id='word_1_429' title='bbox 1533 1964 1665 2030; x_wconf 88' lang='lat' dir='ltr'>semper</span> <span class='ocrx_word' id='word_1_430' title='bbox 1678 1948 1744 2011; x_wconf 90' lang='lat' dir='ltr'>ha-</span> 
     </span>
     <span class='ocr_line' id='line_1_73' title="bbox 944 2040 1743 2124; baseline 0.004 -18"><span class='ocrx_word' id='word_1_431' title='bbox 944 2040 1025 2106; x_wconf 88' lang='lat' dir='ltr'>bere</span> <span class='ocrx_word' id='word_1_432' title='bbox 1039 2042 1075 2104; x_wconf 91' lang='lat' dir='ltr'>in</span> <span class='ocrx_word' id='word_1_433' title='bbox 1089 2045 1261 2116; x_wconf 85' lang='lat' dir='ltr'>memoria,</span> <span class='ocrx_word' id='word_1_434' title='bbox 1277 2044 1311 2107; x_wconf 91' lang='lat' dir='ltr'>et</span> <span class='ocrx_word' id='word_1_435' title='bbox 1325 2044 1360 2108; x_wconf 87' lang='lat' dir='ltr'>in</span> <span class='ocrx_word' id='word_1_436' title='bbox 1375 2045 1514 2108; x_wconf 89' lang='lat' dir='ltr'>naribus</span> <span class='ocrx_word' id='word_1_437' title='bbox 1528 2045 1635 2124; x_wconf 90' lang='lat' dir='ltr'>ipsius</span> <span class='ocrx_word' id='word_1_438' title='bbox 1652 2062 1743 2109; x_wconf 90' lang='lat' dir='ltr'>men·</span> 
     </span>
     <span class='ocr_line' id='line_1_74' title="bbox 944 2137 1742 2219; baseline 0.009 -20"><span class='ocrx_word' id='word_1_439' title='bbox 944 2137 988 2200; x_wconf 91' lang='lat' dir='ltr'>tis</span> <span class='ocrx_word' id='word_1_440' title='bbox 1003 2138 1045 2200; x_wconf 91' lang='lat' dir='ltr'>ad</span> <span class='ocrx_word' id='word_1_441' title='bbox 1060 2139 1297 2203; x_wconf 89' lang='lat' dir='ltr'>destruendum</span> <span class='ocrx_word' id='word_1_442' title='bbox 1312 2158 1370 2219; x_wconf 86' lang='lat' dir='ltr'>ea;</span> <span class='ocrx_word' id='word_1_443' title='bbox 1387 2143 1484 2205; x_wconf 88' lang='lat' dir='ltr'>etsie</span> <span class='ocrx_word' id='word_1_444' title='bbox 1498 2141 1742 2208; x_wconf 84' lang='lat' dir='ltr'>taciendoeum</span> 
     </span>
     <span class='ocr_line' id='line_1_75' title="bbox 945 2235 1742 2326; baseline 0.008 -29"><span class='ocrx_word' id='word_1_445' title='bbox 945 2235 1135 2300; x_wconf 85' lang='lat' dir='ltr'>abhorreat.</span> <span class='ocrx_word' id='word_1_446' title='bbox 1166 2238 1260 2300; x_wconf 89' lang='lat' dir='ltr'>Unde</span> <span class='ocrx_word' id='word_1_447' title='bbox 1281 2239 1436 2326; x_wconf 77' lang='lat' dir='ltr'>ieremiae</span> <span class='ocrx_word' id='word_1_448' title='bbox 1459 2238 1523 2319; x_wconf 86' lang='grc'>(19,</span> <span class='ocrx_word' id='word_1_449' title='bbox 1539 2238 1573 2319; x_wconf 87' lang='grc'>6)</span> <span class='ocrx_word' id='word_1_450' title='bbox 1593 2262 1601 2301; x_wconf 77' lang='lat'>2</span> <span class='ocrx_word' id='word_1_451' title='bbox 1619 2241 1742 2303; x_wconf 75' lang='lat' dir='ltr'>«Dicit</span> 
     </span>
     <span class='ocr_line' id='line_1_76' title="bbox 945 2335 1739 2414; baseline 0.006 -20"><span class='ocrx_word' id='word_1_452' title='bbox 945 2336 1204 2397; x_wconf 78' lang='lat' dir='ltr'>DominuszNon</span> <span class='ocrx_word' id='word_1_453' title='bbox 1216 2335 1391 2402; x_wconf 88' lang='lat' dir='ltr'>vocabitur</span> <span class='ocrx_word' id='word_1_454' title='bbox 1401 2337 1545 2414; x_wconf 89' lang='lat' dir='ltr'>amplius</span> <span class='ocrx_word' id='word_1_455' title='bbox 1559 2337 1653 2399; x_wconf 92' lang='lat' dir='ltr'>locus</span> <span class='ocrx_word' id='word_1_456' title='bbox 1663 2337 1739 2410; x_wconf 85' lang='lat' dir='ltr'>iste,</span> 
     </span>
     <span class='ocr_line' id='line_1_77' title="bbox 944 2432 1742 2510; baseline 0.006 -18"><span class='ocrx_word' id='word_1_457' title='bbox 944 2432 1106 2510; x_wconf 82' lang='lat' dir='ltr'>Topbetb,</span> <span class='ocrx_word' id='word_1_458' title='bbox 1129 2434 1163 2494; x_wconf 92' lang='lat' dir='ltr'>et</span> <span class='ocrx_word' id='word_1_459' title='bbox 1185 2432 1284 2502; x_wconf 84' lang='lat' dir='ltr'>vallis</span> <span class='ocrx_word' id='word_1_460' title='bbox 1310 2433 1371 2495; x_wconf 88' lang='lat' dir='ltr'>tilii</span> <span class='ocrx_word' id='word_1_461' title='bbox 1397 2436 1536 2507; x_wconf 87' lang='lat' dir='ltr'>Eunom,</span> <span class='ocrx_word' id='word_1_462' title='bbox 1559 2435 1618 2496; x_wconf 88' lang='lat' dir='ltr'>sed</span> <span class='ocrx_word' id='word_1_463' title='bbox 1640 2435 1742 2498; x_wconf 88' lang='lat' dir='ltr'>vallis</span> 
     </span>
     <span class='ocr_line' id='line_1_78' title="bbox 945 2528 1751 2610; baseline 0.005 -20"><span class='ocrx_word' id='word_1_464' title='bbox 945 2528 1179 2590; x_wconf 77' lang='lat' dir='ltr'>occisionis.»</span> <span class='ocrx_word' id='word_1_465' title='bbox 1206 2530 1357 2609; x_wconf 87' lang='lat' dir='ltr'>Tophetb</span> <span class='ocrx_word' id='word_1_466' title='bbox 1385 2531 1625 2610; x_wconf 87' lang='lat' dir='ltr'>interpretatur</span> <span class='ocrx_word' id='word_1_467' title='bbox 1658 2532 1751 2606; x_wconf 83' lang='lat' dir='ltr'>lati-¹</span> 
     </span>
     <span class='ocr_line' id='line_1_79' title="bbox 943 2625 1739 2707; baseline 0.004 -20"><span class='ocrx_word' id='word_1_468' title='bbox 943 2625 1023 2687; x_wconf 91' lang='lat' dir='ltr'>tudo</span> <span class='ocrx_word' id='word_1_469' title='bbox 1034 2649 1041 2686; x_wconf 90' lang='lat'>:</span> <span class='ocrx_word' id='word_1_470' title='bbox 1051 2629 1189 2700; x_wconf 88' lang='lat' dir='ltr'>Ennom,</span> <span class='ocrx_word' id='word_1_471' title='bbox 1202 2627 1300 2690; x_wconf 89' lang='lat' dir='ltr'>vallis</span> <span class='ocrx_word' id='word_1_472' title='bbox 1311 2628 1468 2702; x_wconf 88' lang='lat' dir='ltr'>tristitiae,</span> <span class='ocrx_word' id='word_1_473' title='bbox 1477 2629 1555 2707; x_wconf 86' lang='lat' dir='ltr'>quia</span> <span class='ocrx_word' id='word_1_474' title='bbox 1568 2628 1604 2690; x_wconf 92' lang='lat' dir='ltr'>in</span> <span class='ocrx_word' id='word_1_475' title='bbox 1617 2629 1739 2704; x_wconf 86' lang='lat' dir='ltr'>mente,</span> 
     </span>
     <span class='ocr_line' id='line_1_80' title="bbox 944 2723 1740 2802; baseline 0.005 -19"><span class='ocrx_word' id='word_1_476' title='bbox 944 2723 1001 2784; x_wconf 90' lang='lat' dir='ltr'>ubi</span> <span class='ocrx_word' id='word_1_477' title='bbox 1016 2723 1080 2786; x_wconf 85' lang='lat' dir='ltr'>fuit</span> <span class='ocrx_word' id='word_1_478' title='bbox 1092 2724 1268 2788; x_wconf 88' lang='lat' dir='ltr'>delectatio</span> <span class='ocrx_word' id='word_1_479' title='bbox 1284 2725 1423 2802; x_wconf 89' lang='lat' dir='ltr'>peccati,</span> <span class='ocrx_word' id='word_1_480' title='bbox 1440 2725 1538 2788; x_wconf 85' lang='lat' dir='ltr'>debet</span> <span class='ocrx_word' id='word_1_481' title='bbox 1552 2742 1626 2792; x_wconf 82' lang='lat' dir='ltr'>csse</span> <span class='ocrx_word' id='word_1_482' title='bbox 1640 2726 1740 2789; x_wconf 91' lang='lat' dir='ltr'>vallis</span> 
     </span>
     <span class='ocr_line' id='line_1_81' title="bbox 944 2821 1741 2890; baseline 0.004 -8"><span class='ocrx_word' id='word_1_483' title='bbox 944 2821 1102 2890; x_wconf 85' lang='lat' dir='ltr'>tristitiae,</span> <span class='ocrx_word' id='word_1_484' title='bbox 1114 2824 1148 2883; x_wconf 90' lang='lat' dir='ltr'>et</span> <span class='ocrx_word' id='word_1_485' title='bbox 1157 2823 1321 2883; x_wconf 90' lang='lat' dir='ltr'>moeroris.</span> <span class='ocrx_word' id='word_1_486' title='bbox 1338 2822 1581 2885; x_wconf 75' lang='lat' dir='ltr'>concordantia</span> <span class='ocrx_word' id='word_1_487' title='bbox 1594 2823 1741 2885; x_wconf 90' lang='lat' dir='ltr'>secundo</span> 
     </span>
     <span class='ocr_line' id='line_1_82' title="bbox 945 2916 1740 2997; baseline 0.004 -19"><span class='ocrx_word' id='word_1_488' title='bbox 945 2916 1224 2994; x_wconf 88' lang='lat' dir='ltr'>Paralipomenon</span> <span class='ocrx_word' id='word_1_489' title='bbox 1239 2917 1303 2996; x_wconf 87' lang='lat'>(15,</span> <span class='ocrx_word' id='word_1_490' title='bbox 1321 2916 1373 2997; x_wconf 90' lang='grc'>16)</span> <span class='ocrx_word' id='word_1_491' title='bbox 1387 2940 1394 2978; x_wconf 92' lang='lat'><strong>:</strong></span> <span class='ocrx_word' id='word_1_492' title='bbox 1408 2934 1427 2978; x_wconf 74' lang='grc'>1</span> <span class='ocrx_word' id='word_1_493' title='bbox 1441 2919 1504 2980; x_wconf 85' lang='lat' dir='ltr'>Sed</span> <span class='ocrx_word' id='word_1_494' title='bbox 1518 2921 1551 2981; x_wconf 90' lang='lat' dir='ltr'>et</span> <span class='ocrx_word' id='word_1_495' title='bbox 1565 2919 1740 2981; x_wconf 90' lang='lat' dir='ltr'>Maacham</span> 
     </span>
     <span class='ocr_line' id='line_1_83' title="bbox 944 3015 1739 3094; baseline 0.005 -19"><span class='ocrx_word' id='word_1_496' title='bbox 944 3016 1084 3077; x_wconf 88' lang='lat' dir='ltr'>matrem</span> <span class='ocrx_word' id='word_1_497' title='bbox 1098 3015 1188 3092; x_wconf 80' lang='lat' dir='ltr'>regis</span> <span class='ocrx_word' id='word_1_498' title='bbox 1206 3015 1359 3092; x_wconf 91' lang='lat' dir='ltr'>deposuit</span> <span class='ocrx_word' id='word_1_499' title='bbox 1373 3031 1416 3078; x_wconf 84' lang='lat' dir='ltr'>ex</span> <span class='ocrx_word' id='word_1_500' title='bbox 1430 3017 1573 3092; x_wconf 79' lang='lat' dir='ltr'>augusto</span> <span class='ocrx_word' id='word_1_501' title='bbox 1585 3017 1739 3094; x_wconf 87' lang='lat' dir='ltr'>imperio,</span> 
     </span>
     <span class='ocr_line' id='line_1_84' title="bbox 944 3111 1742 3193; baseline 0.004 -19"><span class='ocrx_word' id='word_1_502' title='bbox 944 3127 984 3174; x_wconf 90' lang='lat' dir='ltr'>eo</span> <span class='ocrx_word' id='word_1_503' title='bbox 1000 3112 1085 3191; x_wconf 92' lang='lat' dir='ltr'>quod</span> <span class='ocrx_word' id='word_1_504' title='bbox 1106 3111 1240 3175; x_wconf 85' lang='lat' dir='ltr'>iecisset</span> <span class='ocrx_word' id='word_1_505' title='bbox 1257 3113 1439 3174; x_wconf 86' lang='lat' dir='ltr'>simulacra</span> <span class='ocrx_word' id='word_1_506' title='bbox 1455 3113 1503 3193; x_wconf 82' lang='grc'>(4)</span> <span class='ocrx_word' id='word_1_507' title='bbox 1519 3114 1554 3175; x_wconf 93' lang='lat' dir='ltr'>in</span> <span class='ocrx_word' id='word_1_508' title='bbox 1570 3114 1658 3187; x_wconf 92' lang='lat' dir='ltr'>luco,</span> <span class='ocrx_word' id='word_1_509' title='bbox 1675 3115 1742 3178; x_wconf 83' lang='lat' dir='ltr'>»et</span> 
     </span>
    </p>
   </div>
   <div class='ocr_carea' id='block_1_7' title="bbox 919 3209 1740 3283">
    <p class='ocr_par' dir='ltr' id='par_1_9' title="bbox 919 3209 1740 3283">
     <span class='ocr_line' id='line_1_85' title="bbox 919 3209 1740 3283; baseline 0.001 -13"><span class='ocrx_word' id='word_1_510' title='bbox 919 3230 920 3235; x_wconf 45' lang='lat'>¹</span> <span class='ocrx_word' id='word_1_511' title='bbox 944 3209 1069 3271; x_wconf 90' lang='lat' dir='ltr'>idolum</span> <span class='ocrx_word' id='word_1_512' title='bbox 1098 3210 1179 3271; x_wconf 87' lang='lat' dir='ltr'>Baal</span> <span class='ocrx_word' id='word_1_513' title='bbox 1213 3209 1422 3283; x_wconf 88' lang='lat' dir='ltr'>comminuit,</span> <span class='ocrx_word' id='word_1_514' title='bbox 1453 3211 1485 3272; x_wconf 86' lang='lat' dir='ltr'>et</span> <span class='ocrx_word' id='word_1_515' title='bbox 1513 3211 1672 3272; x_wconf 89' lang='lat' dir='ltr'>contrivit</span> <span class='ocrx_word' id='word_1_516' title='bbox 1702 3211 1740 3271; x_wconf 91' lang='lat' dir='ltr'>in</span> 
     </span>
    </p>
   </div>
   <div class='ocr_carea' id='block_1_8' title="bbox 942 3306 1837 5233">
    <p class='ocr_par' dir='ltr' id='par_1_10' title="bbox 942 3306 1837 4453">
     <span class='ocr_line' id='line_1_86' title="bbox 943 3306 1739 3385; baseline 0.003 -18"><span class='ocrx_word' id='word_1_517' title='bbox 943 3306 1062 3378; x_wconf 85' lang='lat' dir='ltr'>frusta,</span> <span class='ocrx_word' id='word_1_518' title='bbox 1072 3308 1106 3370; x_wconf 87' lang='lat' dir='ltr'>et</span> <span class='ocrx_word' id='word_1_519' title='bbox 1120 3307 1291 3385; x_wconf 89' lang='lat' dir='ltr'>pulverem</span> <span class='ocrx_word' id='word_1_520' title='bbox 1307 3306 1485 3368; x_wconf 88' lang='lat' dir='ltr'>contritum</span> <span class='ocrx_word' id='word_1_521' title='bbox 1500 3308 1611 3384; x_wconf 91' lang='lat' dir='ltr'>posuit</span> <span class='ocrx_word' id='word_1_522' title='bbox 1622 3308 1658 3368; x_wconf 86' lang='lat' dir='ltr'>in</span> <span class='ocrx_word' id='word_1_523' title='bbox 1675 3309 1739 3369; x_wconf 88' lang='lat' dir='ltr'>tor·</span> 
     </span>
     <span class='ocr_line' id='line_1_87' title="bbox 943 3403 1742 3483; baseline 0.004 -19"><span class='ocrx_word' id='word_1_524' title='bbox 943 3404 1038 3465; x_wconf 85' lang='lat' dir='ltr'>rente</span> <span class='ocrx_word' id='word_1_525' title='bbox 1057 3403 1197 3465; x_wconf 79' lang='lat' dir='ltr'>cedron.</span> <span class='ocrx_word' id='word_1_526' title='bbox 1221 3405 1258 3465; x_wconf 93' lang='lat' dir='ltr'>ln</span> <span class='ocrx_word' id='word_1_527' title='bbox 1280 3404 1428 3466; x_wconf 88' lang='lat' dir='ltr'>torrente</span> <span class='ocrx_word' id='word_1_528' title='bbox 1452 3403 1610 3466; x_wconf 85' lang='lat' dir='ltr'>videlicet-</span> <span class='ocrx_word' id='word_1_529' title='bbox 1628 3405 1742 3483; x_wconf 77' lang='lat' dir='ltr'>lacry-</span> 
     </span>
     <span class='ocr_line' id='line_1_88' title="bbox 943 3499 1741 3579; baseline 0.003 -18"><span class='ocrx_word' id='word_1_530' title='bbox 943 3516 1073 3561; x_wconf 90' lang='lat' dir='ltr'>marum</span> <span class='ocrx_word' id='word_1_531' title='bbox 1095 3499 1192 3562; x_wconf 90' lang='lat' dir='ltr'>debet</span> <span class='ocrx_word' id='word_1_532' title='bbox 1213 3501 1352 3573; x_wconf 90' lang='lat' dir='ltr'>conteri,</span> <span class='ocrx_word' id='word_1_533' title='bbox 1370 3503 1403 3563; x_wconf 88' lang='lat' dir='ltr'>et</span> <span class='ocrx_word' id='word_1_534' title='bbox 1417 3501 1567 3563; x_wconf 87' lang='lat' dir='ltr'>comburi</span> <span class='ocrx_word' id='word_1_535' title='bbox 1585 3517 1646 3579; x_wconf 93' lang='lat' dir='ltr'>per</span> <span class='ocrx_word' id='word_1_536' title='bbox 1663 3517 1741 3564; x_wconf 91' lang='lat' dir='ltr'>con·</span> 
     </span>
     <span class='ocr_line' id='line_1_89' title="bbox 943 3598 1740 3677; baseline 0.004 -19"><span class='ocrx_word' id='word_1_537' title='bbox 943 3598 1133 3671; x_wconf 82' lang='lat' dir='ltr'>sessionem,</span> <span class='ocrx_word' id='word_1_538' title='bbox 1150 3599 1187 3661; x_wconf 87' lang='lat' dir='ltr'>ut</span> <span class='ocrx_word' id='word_1_539' title='bbox 1209 3598 1334 3659; x_wconf 88' lang='lat' dir='ltr'>dictum</span> <span class='ocrx_word' id='word_1_540' title='bbox 1358 3600 1419 3671; x_wconf 90' lang='lat' dir='ltr'>est,</span> <span class='ocrx_word' id='word_1_541' title='bbox 1442 3600 1571 3677; x_wconf 88' lang='lat' dir='ltr'>peccati</span> <span class='ocrx_word' id='word_1_542' title='bbox 1593 3599 1740 3661; x_wconf 82' lang='lat' dir='ltr'>simula·</span> 
     </span>
     <span class='ocr_line' id='line_1_90' title="bbox 943 3695 1739 3775; baseline -0.001 -14"><span class='ocrx_word' id='word_1_543' title='bbox 943 3712 1048 3768; x_wconf 90' lang='lat' dir='ltr'>crum,</span> <span class='ocrx_word' id='word_1_544' title='bbox 1072 3695 1158 3775; x_wconf 86' lang='lat' dir='ltr'>quod</span> <span class='ocrx_word' id='word_1_545' title='bbox 1183 3695 1334 3773; x_wconf 90' lang='lat' dir='ltr'>procedit</span> <span class='ocrx_word' id='word_1_546' title='bbox 1357 3713 1401 3757; x_wconf 84' lang='lat' dir='ltr'>ex</span> <span class='ocrx_word' id='word_1_547' title='bbox 1423 3697 1576 3758; x_wconf 90' lang='lat' dir='ltr'>Maacba.</span> <span class='ocrx_word' id='word_1_548' title='bbox 1596 3698 1739 3775; x_wconf 86' lang='lat' dir='ltr'>Maacba</span> 
     </span>
     <span class='ocr_line' id='line_1_91' title="bbox 943 3792 1739 3872; baseline 0.006 -18"><span class='ocrx_word' id='word_1_549' title='bbox 943 3793 1182 3871; x_wconf 89' lang='lat' dir='ltr'>interpretatur</span> <span class='ocrx_word' id='word_1_550' title='bbox 1208 3792 1376 3866; x_wconf 87' lang='lat' dir='ltr'>mollities,</span> <span class='ocrx_word' id='word_1_551' title='bbox 1399 3793 1451 3855; x_wconf 87' lang='lat' dir='ltr'>vel</span> <span class='ocrx_word' id='word_1_552' title='bbox 1480 3794 1631 3863; x_wconf 88' lang='lat' dir='ltr'>tentatio,</span> <span class='ocrx_word' id='word_1_553' title='bbox 1659 3795 1739 3872; x_wconf 79' lang='lat' dir='ltr'>quia</span> 
     </span>
     <span class='ocr_line' id='line_1_92' title="bbox 943 3890 1741 3971; baseline 0.008 -19"><span class='ocrx_word' id='word_1_554' title='bbox 943 3891 1101 3953; x_wconf 89' lang='lat' dir='ltr'>mollities</span> <span class='ocrx_word' id='word_1_555' title='bbox 1115 3890 1239 3963; x_wconf 84' lang='lat' dir='ltr'>carnis,</span> <span class='ocrx_word' id='word_1_556' title='bbox 1257 3891 1309 3953; x_wconf 89' lang='lat' dir='ltr'>vel</span> <span class='ocrx_word' id='word_1_557' title='bbox 1326 3890 1463 3953; x_wconf 89' lang='lat' dir='ltr'>tentatio</span> <span class='ocrx_word' id='word_1_558' title='bbox 1479 3891 1674 3971; x_wconf 89' lang='lat' dir='ltr'>deponenda</span> <span class='ocrx_word' id='word_1_559' title='bbox 1689 3894 1741 3959; x_wconf 89' lang='lat' dir='ltr'>est</span> 
     </span>
     <span class='ocr_line' id='line_1_93' title="bbox 943 3988 1741 4069; baseline -0.001 -16"><span class='ocrx_word' id='word_1_560' title='bbox 943 3990 1099 4063; x_wconf 82' lang='lat' dir='ltr'>amente,</span> <span class='ocrx_word' id='word_1_561' title='bbox 1116 3990 1150 4050; x_wconf 90' lang='lat' dir='ltr'>et</span> <span class='ocrx_word' id='word_1_562' title='bbox 1163 3990 1334 4066; x_wconf 88' lang='lat' dir='ltr'>peccatum</span> <span class='ocrx_word' id='word_1_563' title='bbox 1359 3988 1457 4051; x_wconf 90' lang='lat' dir='ltr'>debet</span> <span class='ocrx_word' id='word_1_564' title='bbox 1476 3990 1658 4051; x_wconf 90' lang='lat' dir='ltr'>comminui</span> <span class='ocrx_word' id='word_1_565' title='bbox 1679 4005 1741 4069; x_wconf 89' lang='lat' dir='ltr'>per</span> 
     </span>
     <span class='ocr_line' id='line_1_94' title="bbox 943 4078 1837 4164; baseline 0.004 -18"><span class='ocrx_word' id='word_1_566' title='bbox 943 4085 1090 4147; x_wconf 90' lang='lat' dir='ltr'>minutas</span> <span class='ocrx_word' id='word_1_567' title='bbox 1104 4088 1229 4163; x_wconf 89' lang='lat' dir='ltr'>partes,</span> <span class='ocrx_word' id='word_1_568' title='bbox 1246 4087 1279 4148; x_wconf 91' lang='lat' dir='ltr'>et</span> <span class='ocrx_word' id='word_1_569' title='bbox 1292 4086 1373 4164; x_wconf 92' lang='lat' dir='ltr'>poni</span> <span class='ocrx_word' id='word_1_570' title='bbox 1385 4086 1420 4146; x_wconf 91' lang='lat' dir='ltr'>in</span> <span class='ocrx_word' id='word_1_571' title='bbox 1435 4087 1583 4149; x_wconf 87' lang='lat' dir='ltr'>torrente</span> <span class='ocrx_word' id='word_1_572' title='bbox 1596 4087 1737 4160; x_wconf 86' lang='lat' dir='ltr'>Gedron,</span> <span class='ocrx_word' id='word_1_573' title='bbox 1833 4078 1837 4083; x_wconf 55' lang='grc'><strong>”</strong></span> 
     </span>
     <span class='ocr_line' id='line_1_95' title="bbox 942 4182 1741 4246; baseline 0.001 -2"><span class='ocrx_word' id='word_1_574' title='bbox 942 4183 1029 4244; x_wconf 87' lang='lat' dir='ltr'>idest</span> <span class='ocrx_word' id='word_1_575' title='bbox 1043 4198 1119 4243; x_wconf 90' lang='lat' dir='ltr'>cum</span> <span class='ocrx_word' id='word_1_576' title='bbox 1133 4183 1270 4245; x_wconf 88' lang='lat' dir='ltr'>tristitia</span> <span class='ocrx_word' id='word_1_577' title='bbox 1285 4182 1406 4245; x_wconf 86' lang='lat' dir='ltr'>mentis</span> <span class='ocrx_word' id='word_1_578' title='bbox 1420 4184 1456 4243; x_wconf 90' lang='lat' dir='ltr'>in</span> <span class='ocrx_word' id='word_1_579' title='bbox 1472 4184 1671 4246; x_wconf 89' lang='lat' dir='ltr'>contritione</span> <span class='ocrx_word' id='word_1_580' title='bbox 1686 4183 1741 4246; x_wconf 92' lang='lat' dir='ltr'>de·</span> 
     </span>
     <span class='ocr_line' id='line_1_96' title="bbox 942 4277 1739 4357; baseline 0.003 -18"><span class='ocrx_word' id='word_1_581' title='bbox 942 4277 1023 4340; x_wconf 89' lang='lat' dir='ltr'>bont</span> <span class='ocrx_word' id='word_1_582' title='bbox 1048 4278 1205 4357; x_wconf 84' lang='lat' dir='ltr'>lacrymae</span> <span class='ocrx_word' id='word_1_583' title='bbox 1238 4279 1360 4353; x_wconf 85' lang='lat' dir='ltr'>fluere,</span> <span class='ocrx_word' id='word_1_584' title='bbox 1390 4278 1601 4343; x_wconf 88' lang='lat' dir='ltr'>destruentes</span> <span class='ocrx_word' id='word_1_585' title='bbox 1630 4279 1739 4356; x_wconf 90' lang='lat' dir='ltr'>ipsum</span> 
     </span>
     <span class='ocr_line' id='line_1_97' title="bbox 942 4377 1128 4453; baseline -0.011 -16"><span class='ocrx_word' id='word_1_586' title='bbox 942 4377 1128 4453; x_wconf 89' lang='lat' dir='ltr'>peccatum.</span> 
     </span>
    </p>

    <p class='ocr_par' dir='ltr' id='par_1_11' title="bbox 942 4471 1764 5233">
     <span class='ocr_line' id='line_1_98' title="bbox 982 4471 1740 4546; baseline 0.004 -13"><span class='ocrx_word' id='word_1_587' title='bbox 982 4471 1257 4535; x_wconf 67' lang='lat' dir='ltr'>imploraverunt</span> <span class='ocrx_word' id='word_1_588' title='bbox 1279 4472 1368 4543; x_wconf 70' lang='lat' dir='ltr'>tilios</span> <span class='ocrx_word' id='word_1_589' title='bbox 1389 4486 1481 4546; x_wconf 84' lang='lat' dir='ltr'>suos,</span> <span class='ocrx_word' id='word_1_590' title='bbox 1502 4473 1536 4539; x_wconf 81' lang='lat' dir='ltr'>ct</span> <span class='ocrx_word' id='word_1_591' title='bbox 1558 4474 1740 4546; x_wconf 67' lang='grc'>(6111111-</span> 
     </span>
     <span class='ocr_line' id='line_1_99' title="bbox 942 4569 1740 4648; baseline 0.004 -16"><span class='ocrx_word' id='word_1_592' title='bbox 942 4573 1080 4642; x_wconf 77' lang='lat' dir='ltr'>moniis,</span> <span class='ocrx_word' id='word_1_593' title='bbox 1103 4569 1190 4630; x_wconf 84' lang='lat' dir='ltr'>idest</span> <span class='ocrx_word' id='word_1_594' title='bbox 1209 4583 1321 4646; x_wconf 86' lang='lat' dir='ltr'>opera,</span> <span class='ocrx_word' id='word_1_595' title='bbox 1339 4584 1479 4646; x_wconf 90' lang='lat' dir='ltr'>quorum</span> <span class='ocrx_word' id='word_1_596' title='bbox 1495 4570 1646 4648; x_wconf 86' lang='lat' dir='ltr'>quaedam</span> <span class='ocrx_word' id='word_1_597' title='bbox 1662 4572 1740 4636; x_wconf 91' lang='lat' dir='ltr'>suut</span> 
     </span>
     <span class='ocr_line' id='line_1_100' title="bbox 943 4665 1740 4749; baseline 0.005 -21"><span class='ocrx_word' id='word_1_598' title='bbox 943 4665 1740 4749; x_wconf 51' lang='grc'>(111111111111111111111111111111111111</span> 
     </span>
     <span class='ocr_line' id='line_1_101' title="bbox 942 4762 1764 4843; baseline 0 -16"><span class='ocrx_word' id='word_1_599' title='bbox 942 4764 1044 4827; x_wconf 83' lang='grc'>111111</span> <span class='ocrx_word' id='word_1_600' title='bbox 1058 4785 1065 4823; x_wconf 91' lang='lat'>:</span> <span class='ocrx_word' id='word_1_601' title='bbox 1082 4762 1177 4829; x_wconf 81' lang='lat' dir='ltr'>Filiae</span> <span class='ocrx_word' id='word_1_602' title='bbox 1194 4778 1295 4842; x_wconf 91' lang='lat' dir='ltr'>opera</span> <span class='ocrx_word' id='word_1_603' title='bbox 1310 4763 1421 4826; x_wconf 91' lang='lat' dir='ltr'>minus</span> <span class='ocrx_word' id='word_1_604' title='bbox 1443 4763 1738 4843; x_wconf 62' lang='grc'>(1111111111-</span> <span class='ocrx_word' id='word_1_605' title='bbox 1761 4830 1764 4837; x_wconf 41' lang='lat'>.</span> 
     </span>
     <span class='ocr_line' id='line_1_102' title="bbox 943 4859 1740 4943; baseline -0.004 -16"><span class='ocrx_word' id='word_1_606' title='bbox 943 4860 1019 4927; x_wconf 90' lang='lat' dir='ltr'>dam</span> <span class='ocrx_word' id='word_1_607' title='bbox 1034 4860 1232 4943; x_wconf 85' lang='lat' dir='ltr'>quandoque</span> <span class='ocrx_word' id='word_1_608' title='bbox 1247 4861 1421 4923; x_wconf 88' lang='lat' dir='ltr'>immolant</span> <span class='ocrx_word' id='word_1_609' title='bbox 1435 4859 1568 4923; x_wconf 91' lang='lat' dir='ltr'>diabolo</span> <span class='ocrx_word' id='word_1_610' title='bbox 1581 4877 1642 4939; x_wconf 91' lang='lat' dir='ltr'>per</span> <span class='ocrx_word' id='word_1_611' title='bbox 1660 4878 1740 4940; x_wconf 90' lang='lat' dir='ltr'>pec·</span> 
     </span>
     <span class='ocr_line' id='line_1_103' title="bbox 943 4957 1740 5041; baseline 0.003 -22"><span class='ocrx_word' id='word_1_612' title='bbox 943 4959 1065 5031; x_wconf 90' lang='lat' dir='ltr'>catum,</span> <span class='ocrx_word' id='word_1_613' title='bbox 1089 4957 1175 5041; x_wconf 88' lang='lat' dir='ltr'>quod</span> <span class='ocrx_word' id='word_1_614' title='bbox 1199 4958 1403 5035; x_wconf 86' lang='lat' dir='ltr'>perpetrant.</span> <span class='ocrx_word' id='word_1_615' title='bbox 1428 4957 1647 5019; x_wconf 84' lang='lat' dir='ltr'>immolantur</span> <span class='ocrx_word' id='word_1_616' title='bbox 1668 4958 1740 5021; x_wconf 85' lang='lat' dir='ltr'>dae-</span> 
     </span>
     <span class='ocr_line' id='line_1_104' title="bbox 943 5051 1741 5135; baseline 0.001 -19"><span class='ocrx_word' id='word_1_617' title='bbox 943 5055 1065 5117; x_wconf 88' lang='lat' dir='ltr'>moniis</span> <span class='ocrx_word' id='word_1_618' title='bbox 1080 5055 1152 5126; x_wconf 87' lang='lat' dir='ltr'>dlii,</span> <span class='ocrx_word' id='word_1_619' title='bbox 1169 5056 1202 5116; x_wconf 91' lang='lat' dir='ltr'>et</span> <span class='ocrx_word' id='word_1_620' title='bbox 1216 5055 1307 5126; x_wconf 83' lang='lat' dir='ltr'>tiliae,</span> <span class='ocrx_word' id='word_1_621' title='bbox 1323 5054 1400 5115; x_wconf 91' lang='lat' dir='ltr'>dum</span> <span class='ocrx_word' id='word_1_622' title='bbox 1423 5051 1511 5114; x_wconf 91' lang='lat' dir='ltr'>bona</span> <span class='ocrx_word' id='word_1_623' title='bbox 1532 5070 1633 5135; x_wconf 90' lang='lat' dir='ltr'>opera</span> <span class='ocrx_word' id='word_1_624' title='bbox 1648 5071 1741 5117; x_wconf 88' lang='lat' dir='ltr'>mor·</span> 
     </span>
     <span class='ocr_line' id='line_1_105' title="bbox 942 5149 1736 5233; baseline -0.001 -19"><span class='ocrx_word' id='word_1_625' title='bbox 942 5152 1113 5216; x_wconf 85' lang='lat' dir='ltr'>tilicantur</span> <span class='ocrx_word' id='word_1_626' title='bbox 1124 5167 1185 5229; x_wconf 90' lang='lat' dir='ltr'>per</span> <span class='ocrx_word' id='word_1_627' title='bbox 1203 5152 1392 5229; x_wconf 80' lang='lat' dir='ltr'>peccatum3</span> <span class='ocrx_word' id='word_1_628' title='bbox 1416 5149 1504 5212; x_wconf 92' lang='lat' dir='ltr'>unde</span> <span class='ocrx_word' id='word_1_629' title='bbox 1520 5152 1676 5215; x_wconf 81' lang='lat' dir='ltr'>ieremias</span> <span class='ocrx_word' id='word_1_630' title='bbox 1691 5152 1736 5233; x_wconf 87' lang='lat'>(7,</span> 
     </span>
    </p>
   </div>
   <div class='ocr_carea' id='block_1_9' title="bbox 942 5358 1736 5645">
    <p class='ocr_par' dir='ltr' id='par_1_12' title="bbox 942 5358 1736 5505">
     <span class='ocr_line' id='line_1_106' title="bbox 943 5358 1736 5434; baseline 0.003 -15"><span class='ocrx_word' id='word_1_631' title='bbox 943 5362 1020 5419; x_wconf 87' lang='lat' dir='ltr'>vitiis</span> <span class='ocrx_word' id='word_1_632' title='bbox 1034 5360 1189 5434; x_wconf 85' lang='lat' dir='ltr'>pertrahat,</span> <span class='ocrx_word' id='word_1_633' title='bbox 1209 5358 1329 5417; x_wconf 86' lang='lat' dir='ltr'>eumad</span> <span class='ocrx_word' id='word_1_634' title='bbox 1352 5359 1451 5432; x_wconf 87' lang='lat' dir='ltr'>culpas</span> <span class='ocrx_word' id='word_1_635' title='bbox 1472 5361 1593 5433; x_wconf 80' lang='lat' dir='ltr'>quisque</span> <span class='ocrx_word' id='word_1_636' title='bbox 1607 5377 1664 5420; x_wconf 90' lang='lat' dir='ltr'>nou</span> <span class='ocrx_word' id='word_1_637' title='bbox 1684 5362 1736 5420; x_wconf 83' lang='lat' dir='ltr'>de·</span> 
     </span>
     <span class='ocr_line' id='line_1_107' title="bbox 942 5428 1595 5505; baseline -0.006 -15"><span class='ocrx_word' id='word_1_638' title='bbox 942 5432 1008 5491; x_wconf 84' lang='lat' dir='ltr'>beai</span> <span class='ocrx_word' id='word_1_639' title='bbox 1026 5432 1254 5505; x_wconf 86' lang='lat' dir='ltr'>compassionem</span> <span class='ocrx_word' id='word_1_640' title='bbox 1267 5444 1412 5499; x_wconf 82' lang='lat' dir='ltr'>exercere,</span> <span class='ocrx_word' id='word_1_641' title='bbox 1426 5428 1476 5487; x_wconf 87' lang='lat' dir='ltr'>sed</span> <span class='ocrx_word' id='word_1_642' title='bbox 1493 5432 1595 5489; x_wconf 87' lang='lat' dir='ltr'>zelum.</span> 
     </span>
    </p>

    <p class='ocr_par' dir='ltr' id='par_1_13' title="bbox 991 5500 1429 5574">
     <span class='ocr_line' id='line_1_108' title="bbox 991 5500 1429 5574; baseline -0.011 -14"><span class='ocrx_word' id='word_1_643' title='bbox 991 5504 1020 5566; x_wconf 85' lang='grc'>3)</span> <span class='ocrx_word' id='word_1_644' title='bbox 1040 5504 1082 5558; x_wconf 78' lang='lat' dir='ltr'>Ex</span> <span class='ocrx_word' id='word_1_645' title='bbox 1100 5517 1175 5558; x_wconf 87' lang='lat' dir='ltr'>vers.</span> <span class='ocrx_word' id='word_1_646' title='bbox 1192 5516 1249 5574; x_wconf 79' lang='lat' dir='ltr'>syr.</span> <span class='ocrx_word' id='word_1_647' title='bbox 1266 5500 1385 5558; x_wconf 86' lang='lat' dir='ltr'>etarab.</span> <span class='ocrx_word' id='word_1_648' title='bbox 1426 5516 1429 5522; x_wconf 93' lang='lat'>·</span> 
     </span>
    </p>

    <p class='ocr_par' dir='ltr' id='par_1_14' title="bbox 993 5570 1457 5645">
     <span class='ocr_line' id='line_1_109' title="bbox 993 5570 1457 5645; baseline 0.006 -16"><span class='ocrx_word' id='word_1_649' title='bbox 993 5572 1022 5642; x_wconf 82' lang='grc'>1)</span> <span class='ocrx_word' id='word_1_650' title='bbox 1036 5572 1123 5645; x_wconf 72' lang='lat' dir='ltr'>iulg.</span> <span class='ocrx_word' id='word_1_651' title='bbox 1136 5588 1143 5627; x_wconf 82' lang='lat' dir='ltr'><em>z</em></span> <span class='ocrx_word' id='word_1_652' title='bbox 1158 5571 1341 5631; x_wconf 79' lang='lat' dir='ltr'>simulacrum</span> <span class='ocrx_word' id='word_1_653' title='bbox 1352 5570 1457 5644; x_wconf 85' lang='lat' dir='ltr'>Priapi.</span> 
     </span>
    </p>
   </div>
   <div class='ocr_carea' id='block_1_10' title="bbox 0 0 1980 6200">
    <p class='ocr_par' dir='ltr' id='par_1_15' title="bbox 0 0 1980 6200">
     <span class='ocr_line' id='line_1_110' title="bbox 0 0 1980 6200; baseline 0 2"><span class='ocrx_word' id='word_1_654' title='bbox 0 0 1980 6200; x_wconf 95' lang='lat' dir='ltr'> </span> 
     </span>
    </p>
   </div>
  </div>
 </body>
</html>
