3950 6200
256 354 317 414 739
679 352 712 413 S.
742 349 917 414 ANTONII
948 348 1135 415 Pandam
1163 348 1301 421 urhun
1328 348 1475 413 OMNIA.
1829 348 1878 411 rto

258 513 370 589 cinnt3
388 513 475 574 unde
491 511 525 593 in
551 509 751 588 Apocalypsi
767 507 813 588 (2,
841 507 1047 590 13):‹Scio,
1103 508 1145 573 de
1174 524 1239 588 quo
1264 508 1370 587 exirit
1395 508 1530 582 ilarius,
1556 505 1643 573 idest
1669 504 1817 570 Christus
1835 506 1878 569 ir·

258 611 468 679 ubihabitas‚
485 608 541 671 nbi
558 609 655 671 sedes
674 610 724 671 est
740 610 884 680 Sanan
909 608 1050 671 ettenes
1104 607 1219 683 rigans
1242 607 1437 680 Ecclesiam,
1472 605 1531 685 qni
1562 603 1724 669 dividtur
1744 604 1781 667 in
1807 620 1879 682 oua·

256 724 377 773 nomen
401 723 522 778 meum,
539 709 651 769 etnon
667 706 798 785 negasti
816 704 915 771 fldem
929 720 1049 767 meam.
1105 704 1314 782 tuorcaplla,
1329 720 1404 783 quas
1422 703 1642 766 ostenduntur
1663 702 1701 764 in
1726 701 1880 764 Ecclesia-

257 808 340 871 Ecce
355 803 441 885 quod
455 820 576 883 cyprus
600 804 635 865 in
649 803 795 881 AEgypto
810 803 862 865 est
879 801 1052 864 consessor
1105 802 1189 864 stine
1204 800 1269 880 (24,
1289 803 1342 876 35,
1371 801 1412 867 ad
1430 800 1486 881 37)
1502 818 1544 862 :a
1565 800 1628 873 Qui
1655 799 1776 877 implet
1799 800 1881 877 qumi

255 902 438 967 inmundo.
462 904 568 979 Hnjm
582 901 713 963 arboris
737 915 851 961 semen
877 898 987 963 simile
1000 898 1053 961 est
1106 898 1232 962 Phison
1246 899 1499 977 sapientiam,et
1510 898 1598 961 sicut
1606 896 1718 974 Tigris
1730 896 1767 957 in
1781 895 1881 958 haus

257 1001 447 1073 coriandro,
465 1000 556 1065 etita
571 999 681 1061 simile
697 999 903 1063 estmannae.
917 998 976 1061 Est
990 1010 1053 1058 au·
1105 1011 1280 1070 novorum,
1308 997 1365 1075 qul
1396 996 1556 1074 adimplet
1587 995 1685 1073 quasi
1713 992 1882 1071 Euphrates

254 1102 322 1163 tem
337 1097 529 1177 hujusmodi
551 1112 664 1158 semen
689 1095 813 1167 album,
829 1096 863 1158 et
889 1093 1050 1169 lucidum,
1106 1110 1254 1171 sensum,
1266 1095 1428 1159 assistens
1442 1094 1538 1173 qnasi
1561 1092 1678 1159 debon
1697 1092 1736 1153 in
1751 1094 1881 1169 tempora

258 1200 291 1260 at
304 1195 521 1258 odoriferum.
538 1195 578 1256 Et
602 1193 774 1257 consessor
789 1215 798 1255 z
814 1195 947 1266 Samen,
966 1191 1054 1257 idest
1106 1191 1295 1257 vindemiae.
1312 1210 1330 1253 a
1345 1193 1388 1257 lli
1415 1194 1496 1255 sunt
1521 1193 1665 1269 quatuor
1687 1188 1797 1261 ssusii,
1812 1188 1884 1253 iden

256 1294 344 1359 bona
358 1291 702 1364 conversationibum
715 1290 943 1357 entmunditia
958 1305 1053 1355 naen-
1107 1289 1231 1359 Christi
1258 1290 1380 1368 capitu,
1407 1290 1536 1353 scilicet
1562 1288 1743 1359 Nativitas,
1770 1286 1883 1357 Passio,

255 1393 312 1466 tis,
329 1390 476 1455 lucidum
489 1389 623 1451 rimulis
634 1389 751 1461 radiis,
762 1387 966 1455 odoriferum
977 1402 1054 1451 sua·
1107 1388 1331 1461 Resurrectio,
1357 1386 1472 1451 Sancti
1509 1386 1653 1464 Spiritus
1687 1384 1834 1453 emissio.
1855 1385 1886 1447 Ιι

257 1487 362 1551 ritate
377 1485 473 1548 bonae
488 1484 667 1562 opinionis.
692 1485 731 1547 at
744 1482 832 1547 bene
846 1482 1054 1553 assimilatur
1107 1485 1290 1551 Natiuitate
1304 1486 1394 1551 enim
1413 1485 1477 1549 luit
1499 1484 1650 1549 Christus
1678 1483 1769 1549 siant
1795 1482 1886 1557 lieris

258 1599 373 1647 semen
387 1583 452 1645 hoc
466 1597 610 1653 mannae,
626 1581 706 1659 quia
723 1596 844 1645 manna
861 1579 895 1641 in
917 1594 976 1645 ore
991 1593 1052 1643 co·
1106 1583 1142 1647 in
1154 1582 1271 1647 diebus
1285 1598 1447 1647 novorum
1461 1604 1470 1657 3
1486 1582 1643 1660 quomam
1656 1580 1739 1645 unc
1752 1579 1885 1645 innesa-

259 1680 422 1745 medentis
434 1679 585 1757 sapiebat
596 1677 754 1761 quidquid
770 1676 944 1741 comedere
958 1676 1054 1739 role-
1107 1681 1176 1745 lum
1191 1682 1243 1744 est
1253 1696 1361 1757 genus
1388 1680 1583 1753 bammum,
1608 1694 1686 1745 mm
1712 1678 1752 1741 iu
1770 1675 1885 1741 Chrbtu

257 1779 327 1852 bat,
342 1774 984 1841 itaetvitaconlessorumhabetomnis
998 1788 1054 1839 sa·
1107 1778 1272 1841 Divinitas
1307 1779 1487 1855 coniuncta
1522 1776 1589 1843 luit
1625 1774 1888 1847 humanitatis

259 1877 350 1955 poris
370 1875 658 1938 delectamentum.
694 1872 827 1937 riardus
855 1871 993 1938 humilis
1020 1874 1055 1932 et
1106 1877 1209 1943 eham
1232 1875 1311 1954 qula
1332 1874 1606 1943 unclecitnora
1630 1888 1736 1951 super
1753 1874 1885 1943 terram

258 1975 368 2038 calida
383 1973 551 2049 significat
565 1971 708 2033 humiles
728 1970 892 2033 charitate
920 1969 1055 2030 ferven-
1108 1975 1196 2037 unde
1206 1972 1360 2039 serente
1373 1971 1437 2052 (31,
1452 1972 1507 2053 22)
1523 1994 1532 2033 2
1548 1973 1713 2037 «Nurum
1737 1970 1836 2033 saciet
1848 1966 1886 2047 (2)

259 2076 321 2136 tes.
352 2073 476 2132 Crocus
501 2070 597 2132 aurei
619 2068 741 2131 coloris
763 2070 824 2141 est,
840 2066 1055 2143 etsignillcat
1108 2071 1268 2134 Dominus
1281 2070 1530 2148 superterram.
1543 2068 1790 2145 »significatur
1804 2066 1888 2131 man

259 2169 470 2247 sapientiam.
495 2171 532 2229 ln
548 2167 660 2229 dstnla
683 2166 917 2243 significantur
931 2163 1054 2241 praedl·
1108 2168 1259 2233 Christus
1283 2167 1504 2246 rumorosi
1522 2166 1633 2242 Tigris
1656 2165 1693 2229 in
1707 2165 1887 2229 Nativitala.

259 2270 401 2331 catores.
414 2266 541 2328 Fistula
551 2280 755 2344 purpureum
769 2263 870 2327 habet
883 2262 1052 2332 corticem,
1108 2266 1220 2343 Tigris
1233 2265 1324 2331 onim
1343 2281 1419 2329 oum
1443 2264 1591 2327 maximo
1613 2264 1741 2341 impetu
1763 2262 1837 2325 fluit
1859 2262 1888 2321 in

260 2367 293 2430 et
305 2365 488 2427 robustum.
515 2365 555 2425 nt
576 2362 812 2440 praedicatores
835 2360 944 2423 sancti
958 2359 1056 2422 tistu-
1109 2378 1202 2425 mare
1215 2364 1400 2437 mortuum
1423 2364 1456 2425 et
1469 2362 1576 2423 Filius
1598 2361 1659 2423 Del
1678 2359 1846 2425 domnail
1859 2357 1889 2419 in

258 2464 326 2526 lam
341 2464 492 2525 tenentes
507 2460 755 2539 predicationis
780 2459 816 2521 in
839 2457 1003 2530 manibus,
1020 2458 1056 2519 ut
1109 2460 1268 2525 mundum
1277 2460 1373 2537 quasi
1387 2459 1507 2536 Tiaris,
1519 2460 1556 2521 ut
1570 2458 1605 2519 in
1617 2472 1711 2519 mare
1725 2460 1887 2523 uorum

260 2561 347 2640 qnod
379 2574 438 2623 ore
461 2558 645 2638 praedicant
671 2573 772 2635 opere
798 2556 997 2633 compleant,
1020 2554 1055 2616 in
1111 2559 1189 2621 Dies
1225 2557 1403 2623 vindemiae
1438 2557 1583 2635 pertinet
1615 2555 1658 2623 ad
1696 2555 1886 2625 Passionem.

259 2657 415 2737 operibus
429 2658 589 2720 virtutum
603 2656 724 2718 debent
737 2669 812 2718 esse
825 2653 964 2726 robusti,
979 2653 1013 2715 et
1027 2652 1056 2713 si
1112 2655 1245 2734 quando
1258 2654 1417 2719 videlieet
1429 2656 1555 2732 Corpus
1566 2653 1703 2727 Christi,
1715 2652 1811 2730 suasi
1824 2666 1887 2719 ura,

260 2771 409 2828 necesse,
435 2754 478 2817 ad
504 2753 700 2830 martyrium
727 2751 848 2830 parati.
878 2751 1058 2813 cinnamo-
1110 2769 1339 2831 compressum
1354 2751 1418 2815 fuit
1440 2752 1475 2813 in
1497 2766 1614 2824 crnce;
1630 2753 1665 2815 et
1684 2749 1763 2812 huic
1782 2749 1889 2811 dicitu

260 2868 351 2917 mum
379 2852 431 2914 est
454 2850 580 2913 cinerei
607 2849 743 2924 coloris,
768 2851 864 2927 cujus
884 2850 1001 2911 cortex
1014 2847 1055 2909 ad
1111 2851 1227 2913 debon
1242 2850 1413 2913 assistere.
1438 2849 1555 2912 debon
1580 2846 1889 2924 interpretaturoris
1941 2874 1942 2883 .

262 2950 408 3013 calorem
424 2948 505 3010 solis
520 2964 539 3009 a
552 2946 665 3027 stipite
678 2963 738 3013 suo
753 2946 945 3024 separatum
959 2946 993 3009 et
1003 2944 1055 3007 si·
1111 2948 1344 3024 commutatio;
1360 2949 1395 3010 et
1405 2947 1477 3009 dies
1495 2946 1686 3018 vindemiae,
1716 2945 1800 3009 idest
1824 2958 1891 3021 pas·
1941 2930 1942 2937 ’

262 3046 400 3126 gnificat
414 3045 624 3118 claustrales,
648 3044 704 3124 qui
726 3044 763 3107 in
790 3044 904 3108 cinere
924 3043 1055 3117 vivunt,
1111 3046 1216 3110 sionis
1239 3061 1301 3110 nos
1322 3045 1503 3112 commutat
1524 3044 1566 3110 ad
1586 3040 1889 3110 consumendarum

261 3145 433 3219 etcilicio,
449 3144 507 3222 qui
526 3145 626 3206 etiam
648 3142 688 3206 ad
713 3142 858 3205 calorem
880 3142 952 3206 reri
976 3141 1057 3204 solis
1111 3145 1208 3210 nobis
1226 3159 1358 3210 ornnem
1372 3143 1543 3207 carnalem
1557 3141 1715 3206 affectum
1740 3163 1750 3203 ε
1774 3139 1890 3219 quoue

262 3245 409 3323 separati
422 3243 501 3305 sunt
512 3257 532 3308 a
545 3241 657 3319 stipite
668 3257 740 3316 suo,
753 3240 1055 3313 scilicetamundo,
1111 3243 1201 3306 enim
1212 3241 1308 3306 nobis
1322 3241 1462 3304 venitin
1476 3242 1621 3304 mentem
1639 3239 1712 3302 dies
1727 3237 1890 3318 manum

261 3340 488 3406 eternalibus
498 3339 627 3411 amicis,
640 3339 705 3403 eta
720 3338 853 3416 seipsis,
869 3340 906 3400 ut
920 3353 981 3400 sua
996 3354 1059 3416 pa·
1111 3341 1223 3406 statim
1246 3338 1344 3403 debet
1368 3338 1515 3404 earnalis
1544 3337 1685 3404 affectus
1706 3335 1847 3414 reprimi,
1863 3333 1892 3393 et

262 3441 356 3512 riter,
382 3441 416 3501 et
440 3437 637 3514 semetipsos
663 3435 880 3513 maerentes,
913 3435 1059 3508 habeant
1112 3437 1274 3500 consumi.
1289 3435 1428 3509 Phison,
1443 3436 1499 3513 qui
1512 3435 1756 3513 interpretatur
1770 3436 1890 3496 cotem

263 3536 437 3617 praemium
463 3536 540 3598 vitae
563 3536 710 3597 aterne.
738 3533 876 3612 Myrrha
892 3532 1059 3610 significat
1112 3534 1291 3606 multorum
1304 3533 1494 3607 fluviorum,
1507 3533 1620 3610 signat
1632 3532 1777 3610 Spiritus
1790 3529 1892 3593 saneti

261 3634 375 3699 carnis
390 3632 702 3708 mortificationem
718 3633 752 3694 et
772 3631 884 3720 signat
898 3630 987 3703 illos,
1002 3631 1058 3709 qui
1113 3632 1317 3705 missionem,
1331 3647 1430 3709 quem
1443 3631 1479 3696 in
1493 3630 1677 3698 &clesmm
1701 3629 1791 3697 misit
1811 3630 1890 3690 heus

260 3733 412 3816 jejuniis,
445 3732 480 3793 et
503 3729 642 3807 vigiliis,
667 3730 701 3795 at
731 3728 1059 3806 peregrinationibus
1113 3745 1187 3794 cum
1199 3725 1890 3799 multitudinecharismatumtluodsntem

264 3844 405 3906 corpora
421 3843 481 3889 sua
500 3826 714 3889 mortificant.
734 3826 816 3888 Aloe
831 3826 959 3902 lignum
974 3826 1059 3888 odo·
1113 3826 1195 3894 diolt
1211 3849 1219 3888 :
1236 3827 1299 3900 Qui
1323 3825 1482 3903 adimplet
1496 3824 1592 3903 suasi
1613 3824 1798 3902 hupbratea
1816 3836 1891 3884 sau·

263 3926 404 3990 riserum
419 3928 480 3996 est,
497 3923 530 3986 et
551 3924 624 3986 loco
639 3922 866 4001 thymiamatis
887 3923 1061 3988 cremaba·
1114 3941 1200 3996 sum,
1216 3924 1257 3987 ad
1279 3924 1569 3990 Resurrectionem
1597 3921 1755 4000 pertinet,
1781 3922 1812 3984 is
1834 3931 1891 3996 pua

265 4027 331 4096 tur,
344 4023 378 4084 et
393 4020 560 4099 significat
574 4018 793 4096 fragrantiam
807 4019 922 4084 suasis
934 4020 1062 4086 oratio·
1115 4037 1317 4084 sensuscum
1327 4021 1440 4084 anima
1455 4020 1682 4098 implebuntur
1691 4019 1780 4084 omni
1790 4020 1895 4095 jncun-

267 4120 333 4183 nis.
1115 4120 1228 4182 ditate.
1240 4119 1426 4196 Euphrates
1438 4118 1527 4180 enirn
1545 4116 1687 4193 frugiter
1707 4113 1893 4192 interpreta-

305 4220 385 4280 Haeo
399 4216 545 4293 asterga
559 4212 736 4294 paradisus
748 4213 816 4277 tam
831 4213 987 4292 pretiosis
1002 4230 1061 4277 or·
1115 4220 1184 4292 tur;
1199 4216 1347 4294 quandin
1361 4215 1449 4277 enim
1463 4230 1577 4277 sumus
1591 4214 1627 4275 in
1640 4215 1705 4277 hac
1719 4215 1795 4284 rita,
1805 4207 1894 4286 egen

266 4317 345 4379 nata
361 4312 550 4388 arboribus,
566 4326 641 4390 qun
657 4311 786 4374 scilicet
798 4310 897 4374 finxit
910 4310 952 4373 de
966 4312 1061 4376 utero
1115 4330 1241 4385 sumus,
1258 4312 1415 4382 mendici,
1428 4311 1707 4375 caracallarum
1717 4311 1801 4376 enin
1811 4320 1895 4367 nuuc

265 4413 373 4476 beatae
387 4410 549 4488 Virginis.
567 4411 627 4472 Hae
651 4409 790 4476 arbores
814 4411 892 4472 sunt
913 4409 1061 4472 membra
1115 4411 1152 4473 in
1165 4410 1293 4473 loribus
1317 4425 1476 4473 sensuum
1501 4409 1634 4487 quant,
1657 4408 1746 4471 unda
1763 4404 1898 4469 ddecu-

181 4577 183 4580 ,
266 4507 756 4586 Ecclesiae,quaeemisitbeata
779 4507 892 4584 Virgo.
914 4509 1061 4570 Foecun·
1115 4511 1180 4573 tur.
1200 4507 1264 4571 Sed
1286 4508 1321 4569 in
1338 4506 1595 4579 resurrectione,
1610 4506 1743 4569 risione
1763 4501 1814 4567 bei
1837 4514 1895 4562 re·

267 4606 354 4668 ditas
378 4605 478 4667 etiam
503 4605 603 4682 hujus
631 4603 779 4682 paradisi
810 4603 997 4670 ostenditur
1027 4604 1062 4668 in
1117 4605 1272 4686 plenitur,
1288 4620 1351 4668 nec
1365 4603 1456 4666 aliud
1478 4603 1606 4681 queret
1620 4603 1656 4665 in
1677 4618 1743 4682 quo
1760 4599 1896 4664 miseb-

267 4702 399 4773 Genesi‚
417 4701 472 4762 ubi
492 4702 616 4765 dicitur
636 4702 678 4764 de
702 4701 858 4779 paradiso
874 4701 918 4782 (2,
934 4701 968 4781 6)
986 4700 1037 4783 (1)
1052 4718 1061 4764 :
1115 4706 1182 4767 tur.

267 4802 385 4864 «Fons
396 4798 566 4875 egreditur
589 4798 629 4862 ad
653 4798 858 4876 irrigandam
871 4800 1062 4862 nniversam
1366 4798 1508 4862 SERMO
1530 4797 1659 4860 hxvn.

267 4896 477 4977 superficiem
504 4898 615 4958 terrae.
647 4912 666 4956 a
691 4897 780 4960 Fons
814 4895 991 4973 egrediens
1022 4896 1063 4960 de
1139 4924 1180 4981 be
1199 4918 1397 4991 mmm,
1416 4935 1481 4993 qu„
1499 4919 1639 4992 mum,
1658 4925 1689 4977 οἱ
1706 4912 1873 4989 ,emm

266 4995 423 5075 paradiso
445 4993 496 5056 est
507 4991 659 5060 Christus
682 4993 780 5056 natus
794 4991 835 5056 de
857 4994 952 5056 utero
979 4993 1062 5062 vir·
1364 5015 1480 5082 μω(
1496 5006 1663 5067 mmm,

267 5093 369 5180 ginis,
383 5091 440 5170 qni
451 5105 530 5153 rore
541 5089 670 5167 gratia,
682 5096 716 5152 et
727 5089 965 5156 misericordia
974 5105 1064 5154 men·'
1116 5139 1241 5200 Revela
1272 5138 1419 5198 mmm
1447 5136 1542 5197 mm
1573 5134 1703 5195 mam.
1730 5129 1763 5194 θ)
1785 5123 1896 5191 cauca

266 5196 318 5254 tes
340 5188 512 5251 hominnm
535 5186 700 5264 irrigarit.
724 5186 819 5249 Unde
834 5187 869 5249 in
881 5187 1002 5252 Geren
1016 5186 1061 5266 (2,
1156 5236 1255 5308 qm
1269 5233 1567 5307 lumem-mmmm
1580 5231 1689 5303 tuam,
1700 5225 1895 5301 etjupararm

269 5288 322 5367 10)
339 5309 347 5348 ι
365 5305 384 5349 c
405 5285 553 5397 Flavius·
575 5284 810 5363 egrediebatur
831 5284 873 5393 de
895 5284 969 5347 loco
997 5301 1061 5347 ro·
1158 5333 1256 5394 tuum
1270 5313 1895 5406 mmmmmffwmm

268 5385 405 5462 luptatis
427 5381 469 5444 ad
493 5381 701 5458 iurgandum
729 5381 973 5459 paradisum.»
997 5384 1064 5444 Lo·

268 5497 326 5544 cus
354 5480 535 5558 voluptatis
563 5483 614 5542 est
635 5481 752 5542 venter
769 5477 876 5541 beata
899 5479 1061 5557 Virginis,
1156 5480 1280 5543 Revela
1290 5478 1430 5542 Domino
1439 5478 1529 5542 rhua
1537 5480 1628 5540 tuam
1638 5476 1673 5538 in
1683 5468 1894 5539 malessiones

269 5610 449 5741 velam&
462 5613 537 5669 Fons
552 5608 725 5670 mccudobat
738 5625 754 5669 a
769 5617 855 5681 terra,
869 5610 993 5690 lrrigane
1002 5610 1063 5669 uni·
1152 5609 1194 5686 (2)
1207 5610 1292 5685 vulg,
1303 5609 1424 5670 (mm
