3950 6200
109 298 167 364 865
487 298 595 365 PARS
623 302 767 365 PRIMA.
782 333 824 349 -
840 302 1060 364 uxposirlo
1090 304 1134 365 IN
1163 301 1368 366 Pshbblos.
1688 307 1748 367 866

105 461 199 531 dicio,
216 462 329 523 utrum
345 475 445 538 opere
459 462 699 540 compleverint
712 462 898 525 doctrinam
954 477 1040 535 mea,
1067 478 1165 540 quiam
1189 462 1419 540 multipliciter
1441 461 1502 525 tihi
1526 478 1604 525 caro
1628 479 1749 525 mea.»

105 575 205 623 sacrae
236 558 430 637 scripturae,
464 562 499 622 et
530 563 642 623 utrum
668 577 771 638 opera
797 561 899 637 digna
954 562 1041 622 Vere
1066 561 1179 622 anima
1203 576 1270 622 non
1299 561 1408 638 potest
1434 561 1563 627 satiari,
1589 561 1656 621 nisi
1678 563 1750 623 solo

104 656 208 734 gloria
219 659 346 719 aeterna
362 657 512 731 iecerint,
525 661 559 721 et
574 661 683 721 utrum
700 660 772 720 haec
787 659 900 720 inten-
955 661 1038 733 De03
1069 658 1157 719 unde
1183 658 1389 734 Augustinus
1415 679 1422 718 :
1449 660 1530 719 Cum
1565 659 1607 719 ad
1642 660 1749 721 solum

105 756 192 816 lione
211 754 300 815 bona
319 753 472 825 iecerint,
493 758 526 817 et
549 760 659 817 utrum
677 756 899 818 humilitatem
955 757 1057 815 [icum
1071 752 1118 835 (2)
1134 756 1355 832 appetendum
1371 758 1484 818 creata
1496 756 1541 817 sit
1554 757 1679 828 anima,
1693 758 1749 819 vi-

104 852 226 914 Christi
241 852 363 913 imitati
378 851 512 924 fuerint,
529 855 567 915 ut
582 869 602 915 a
618 854 760 925 Christe,
777 856 898 914 etcum
955 852 1052 913 detur
1065 853 1095 913 ei
1113 853 1197 913 nihil
1213 853 1376 926 sufficere,
1399 854 1484 930 quod
1507 869 1571 915 non
1592 854 1636 917 sit
1650 858 1748 916 Deus.

105 951 236 1011 Christo
260 965 392 1027 semper
414 951 648 1013 invenirentur
667 950 840 1023 vivificati,
867 952 900 1013 et
955 945 1091 1011 Constat
1105 947 1252 1026 prolecto
1268 951 1301 1011 in
1317 952 1362 1025 te,
1378 967 1397 1012 ο
1413 951 1509 1012 beata
1524 952 1642 1023 Maria,
1660 969 1749 1030 quo-

105 1048 232 1119 nutriti,
249 1064 292 1108 ne
313 1052 350 1109 in
371 1051 512 1122 soecibuc
529 1052 614 1120 ouis,
634 1050 721 1110 idest
741 1051 899 1126 peccato·
955 1046 1046 1107 niam
1061 1048 1096 1107 in
1115 1042 1290 1109 cellarium
1305 1049 1393 1110 uteri
1411 1050 1461 1110 tui
1476 1050 1645 1125 congessit
1659 1067 1753 1111 sum-

105 1162 173 1207 rum
188 1147 443 1209 damnarentur.
955 1160 1029 1205 mus
1040 1142 1281 1221 paterfamilias
1292 1145 1403 1208 omnia
1414 1147 1606 1208 necessaria
1615 1147 1751 1209 familiae

956 1258 1038 1303 suae.
1056 1244 1160 1314 Quam
1175 1242 1392 1305 refectionem
1407 1244 1479 1322 ipsa
1495 1260 1574 1306 ccro
1590 1246 1753 1323 multipli-

956 1340 1040 1402 citer
1056 1340 1136 1413 sitit,
1154 1341 1232 1418 quia
1247 1342 1437 1415 esuriendo,
1452 1342 1607 1416 sitiendo,
1623 1344 1752 1405 lasses-

375 1415 515 1477 SERMO
537 1415 632 1475 CXV·
956 1438 1073 1510 cendo,
1089 1454 1156 1500 non
1172 1439 1411 1501 invenithomo
1427 1439 1610 1501 remedium
1625 1440 1659 1501 in
1674 1444 1755 1505 tem·

103 1553 179 1625 Quod
203 1552 292 1612 beata
318 1553 409 1629 Virgo
430 1553 533 1612 dicitur
557 1554 670 1625 domus,
695 1555 740 1612 vel
762 1556 901 1628 templum
957 1535 1143 1613 P01¹³¹ibl¹⁸3
1165 1537 1253 1598 unde
1275 1537 1484 1612 GP080P111⁸=
1508 1538 1672 1615 Qssidtlssid
1688 1540 1754 1601 Sibi

136 1644 199 1713 bei,
219 1657 238 1700 a
260 1657 316 1715 qua
338 1643 438 1716 repleti
454 1654 570 1715 simum
592 1651 621 1701 et
641 1643 677 1701 de
691 1645 794 1717 triplici
808 1643 902 1701 studio
957 1634 1054 1709 parat
1069 1632 1116 1713 (3)
1139 1634 1240 1695 homo
1258 1634 1299 1694 ad
1320 1634 1487 1707 solatium,
1503 1635 1646 1697 vertitur
1665 1636 1697 1696 ei
1719 1636 1754 1697 in
1805 1642 1809 1655 ’

135 1739 251 1790 nostro.
956 1729 1104 1792 taedium.
1118 1732 1261 1809 ideoque
1272 1730 1377 1793 fames
1392 1732 1444 1793 est
1455 1732 1491 1793 in
1504 1733 1753 1811 mundo;prop·

957 1830 1009 1890 ter
1020 1829 1108 1905 quod
1122 1829 1278 1891 videlicet
1290 1829 1464 1890 cellarium
1477 1831 1565 1892 uteri
1577 1832 1755 1909 virginalis

138 1975 192 2037 est
203 1958 373 2049 templum
384 1975 482 2037 tuum
510 1979 715 2038 mirabilem
727 1975 902 2051 equitate.
959 1926 1102 1987 munivit
1117 1928 1205 1987 Deus
1223 1926 1283 1987 illo
1299 1926 1476 2001 frumento,
1493 1927 1533 1989 de
1553 1945 1617 2005 quo
1633 1930 1757 1993 dicitur

138 2069 382 2152 ,annu
485 2019 493 2045 '
959 2022 1756 2191 illidii:liltllltltlllll(

138 2224 268 2283 Domus
284 2222 418 2299 proprie
433 2221 579 2283 hominis
591 2224 643 2284 est
653 2222 811 2299 templum
825 2222 901 2298 Dei3
958 2219 1067 2297 ipsum
1080 2220 1189 2280 solum
1203 2222 1324 2291 manet,
1340 2222 1401 2281 etc.
1417 2237 1435 2280 a

102 2319 157 2380 sed
179 2319 250 2381 hoc
273 2318 441 2395 praecipue
460 2318 603 2394 intelligi
624 2321 732 2396 polest
751 2319 903 2381 debeata
998 2318 1076 2378 ldeo
1088 2317 1172 2379 bene
1184 2318 1328 2380 dicitur:
1345 2320 1573 2392 nepteotmar,
1590 2316 1676 2382 idest
1691 2322 1754 2384 ite-

100 2416 253 2494 Virgine.
271 2416 376 2478 Beata
397 2418 508 2478 autem
529 2417 634 2491 Virgo
658 2418 692 2478 et
712 2417 830 2478 domus
853 2418 905 2478 est
958 2428 1045 2487 rum,
1068 2415 1248 2487 etiterum,
1269 2416 1366 2493 quasi
1385 2415 1437 2476 his
1457 2417 1679 2493 implebimur,
1696 2422 1753 2480 vi-

102 2513 229 2576 christi
244 2512 403 2585 hominis,
421 2515 455 2574 ct
469 2513 628 2590 templum
650 2513 721 2575 Dei.
745 2516 825 2585 erae
840 2529 902 2575 ve·
958 2512 1079 2574 delicet
1105 2513 1256 2589 corporis
1283 2514 1544 2588 immortalitate,
1575 2519 1609 2577 et
1633 2517 1755 2578 animae

101 2628 173 2672 rum
189 2614 310 2682 Deum,
326 2612 360 2673 et
373 2626 490 2673 verum
505 2611 675 2673 hominem
687 2612 813 2688 genuit,
830 2612 902 2689 ipsa
958 2610 1218 2687 glorificatione;
1240 2613 1398 2688 quoniam
1413 2628 1457 2674 ex
1471 2613 1543 2690 ipsa
1559 2613 1657 2677 beata
1672 2616 1755 2676 Vir-

101 2708 183 2771 beno
199 2709 314 2785 potest
332 2707 398 2770 dici
417 2707 546 2781 domus,
570 2710 604 2770 et
620 2710 790 2787 templum.
812 2709 902 2772 istud
957 2708 1036 2783 gine
1051 2707 1212 2769 habemus
1227 2709 1314 2785 quod
1332 2710 1465 2786 supplet
1486 2712 1521 2772 iu
1544 2711 1639 2773 nobis
1655 2713 1755 2790 quid-

100 2806 259 2884 equidem
277 2805 437 2883 templum
456 2806 700 2869 sanctificatum
715 2808 769 2869 est
789 2811 903 2869 mira·
958 2802 1036 2880 quid
1057 2803 1183 2874 deerat,
1206 2803 1365 2867 videlicet
1383 2806 1596 2882 corruptione
1612 2810 1752 2881 naturae,

101 2907 162 2967 tite
175 2907 217 2965 in
231 2905 407 2977 coartare.
423 2903 578 2966 Mirabile
590 2905 625 2965 in
638 2905 795 2982 aequitate
809 2904 904 2966 chla-
957 2902 992 2962 et
1001 2900 1131 2963 defectu
1143 2901 1315 2974 virtutum,
1324 2904 1359 2964 et
1368 2902 1573 2966 abundantia
1584 2905 1753 2968 vitiorum.

21 3037 23 3046 ι
98 2999 216 3071 honis,
229 2996 388 3061 videlicet
397 2999 628 3073 humanitatis,
640 3016 739 3077 quam
750 3016 904 3077 assump-
958 3001 1056 3061 Hunc
1080 2999 1248 3076 triplicem
1277 2998 1441 3062 delectum
1473 3003 1568 3064 notat
1592 3005 1757 3067 ieremias

101 3099 142 3159 sit
162 3097 229 3159 Dei
254 3095 361 3158 Filius
375 3112 420 3158 ex
438 3097 586 3174 Virgine.
611 3100 730 3161 Decuit
749 3099 850 3170 enim,
867 3102 903 3162 ut
958 3096 1003 3177 (l,
1020 3095 1417 3178 23):«Aspe1iterram,
1434 3101 1754 3179 etecceeratquasi

100 3197 194 3257 tanta
237 3194 413 3256 humilitas
456 3198 544 3258 esset
585 3195 620 3256 in
662 3197 900 3273 redemptione,
957 3211 1075 3268 vacua,
1095 3198 1128 3256 et
1147 3194 1243 3272 quasi
1263 3196 1348 3257 nihil
1365 3194 1459 3275 »(l).
1484 3197 1654 3274 Siquidem
1679 3215 1756 3261 cor·

101 3294 231 3371 quanta
253 3290 317 3354 init
342 3291 499 3369 superbia
524 3292 560 3354 in
585 3294 783 3371 perditione.
810 3296 902 3355 Unus
957 3294 1146 3370 ruptionem
1177 3293 1324 3354 hominis
1355 3294 1511 3366 ostendit,
1540 3310 1615 3356 cum
1646 3296 1753 3359 dicit:

99 3392 188 3452 enim
236 3389 467 3451 creaturarum
504 3391 766 3464 rationabilium,
802 3390 903 3453 homo
957 3392 1089 3464 aspect
1121 3390 1273 3461 terram
1303 3390 1460 3465 quoniam
1491 3405 1551 3467 per
1582 3395 1755 3469 peccatum

100 3489 247 3562 scilicet,
263 3487 684 3565 quiaelatusdivinitatem
700 3490 900 3567 concupivit,
958 3487 1058 3548 homo
1083 3488 1119 3547 iu
1144 3487 1282 3560 terram,
1309 3489 1343 3549 ct
1367 3487 1596 3550 terrenitatem
1621 3491 1672 3552 est
1694 3507 1754 3553 re-

100 3587 157 3647 liei
173 3585 287 3647 Filius
302 3582 350 3663 (1)
362 3588 593 3648 creaturarum
609 3601 756 3648 summus
768 3601 805 3649 se
819 3590 901 3649 occi-
956 3599 1086 3656 versus,
1103 3584 1160 3662 qui
1176 3584 1216 3645 ad
1233 3583 1413 3661 imaginem
1428 3586 1488 3648 Dei
1502 3585 1610 3649 iactus
1626 3588 1751 3662 luerat3

97 3684 241 3745 amitten
263 3685 417 3757 sormam
441 3685 538 3745 seret
556 3687 728 3759 accipiens
749 3682 900 3763 (Philip,
957 3683 1045 3743 unde
1068 3682 1152 3744 dicit
1173 3681 1235 3744 Job
1260 3680 1325 3761 (38,
1351 3681 1405 3763 14)
1421 3699 1465 3744 2«
1487 3685 1693 3749 Restituetur
1719 3691 1755 3749 ut

97 3782 128 3853 2,
143 3780 193 3861 7).
208 3781 293 3841 Haec
307 3782 358 3842 est
371 3779 430 3841 illa
446 3780 610 3842 mirabilis
625 3781 777 3858 securitas,
791 3783 825 3844 et
838 3767 903 3842 miss
957 3772 1064 3841 lutum
1079 3778 1301 3856 signaculum.
1318 3796 1337 3842 a
1357 3782 1403 3842 Ile
1422 3781 1482 3843 vili
1504 3784 1666 3861 clotildem
1681 3785 1753 3848 luto

98 3877 221 3939 rabilis
249 3876 384 3950 oblatio,
421 3878 508 3941 mira
538 3878 696 3942 videlicet
729 3878 902 3941 humilitas
958 3876 1064 3939 lactus
1085 3880 1138 3939 est
1158 3875 1258 3939 homo
1274 3876 1309 3938 in
1331 3878 1438 3955 prima
1461 3882 1515 3941 sui
1534 3883 1751 3945 conditione=

97 3979 220 4039 contra
256 3975 394 4052 impiam
422 3977 571 4037 nostram
606 3976 797 4054 superbiam
823 3998 831 4038 ε
859 3978 903 4038 In
956 3975 1118 4037 honorem
1133 3978 1246 4037 autem
1265 3977 1405 4054 accepit,
1421 3993 1497 4039 cum
1519 3978 1626 4041 lactus
1645 3981 1751 4046 estad

99 4075 200 4134 bmtts
225 4071 391 4149 siquidem
415 4072 515 4149 hujus
539 4077 661 4135 domam
679 4076 900 4149 replebantur.
957 4072 1148 4148 imaginem,
1165 4076 1198 4136 et
1212 4073 1466 4136 similitudinem
1488 4073 1557 4136 Dei.
1575 4079 1672 4138 Hunc
1685 4095 1750 4139 au·

94 4172 179 4232 orta
203 4171 259 4231 est
282 4169 371 4230 enim
395 4169 500 4231 tames
523 4171 559 4231 in
582 4172 751 4248 AEgypto:
777 4170 902 4248 Joseph
956 4172 1023 4231 tem
1037 4170 1197 4232 honorem
1210 4170 1323 4232 amisit
1337 4186 1396 4248 per
1409 4175 1591 4247 peccatum,
1606 4176 1639 4235 et
1652 4174 1752 4238 rediit

95 4266 274 4344 congessit
286 4266 488 4329 frumentum
502 4268 539 4329 in
552 4270 728 4330 cellarium
742 4268 782 4329 ad
794 4267 903 4329 relec-
957 4266 998 4327 ad
1018 4266 1197 4344 pristinum
1217 4269 1352 4340 statum,
1374 4267 1504 4328 scilicet
1523 4269 1698 4344 vilitatem,
1718 4277 1752 4335 ot

92 4366 228 4427 tionem
253 4365 355 4426 totius
380 4365 505 4442 populi.
543 4367 660 4427 Fames
684 4365 720 4426 in
743 4366 900 4441 AEgypto,
957 4363 1215 4440 corruptionem.
1238 4363 1437 4425 Restituitur
1451 4367 1561 4426 autem
1581 4382 1640 4443 per
1658 4368 1751 4432 fruc-

94 4462 209 4525 fames
219 4462 317 4524 estin
329 4463 462 4533 mundo,
475 4461 899 4541 postquamverusdoseph,
955 4460 1026 4520 tum
1049 4460 1136 4522 uteri
1157 4460 1351 4535 virginalis3
1373 4459 1449 4523 ideo
1467 4461 1615 4526 dicitur:
1635 4468 1752 4531 Resti-

93 4561 256 4623 Christus
268 4557 435 4629 videlicet,
452 4558 654 4624 frumentum
668 4559 816 4621 omnium
830 4561 902 4621 vir·
955 4557 1068 4618 tuetur
1082 4557 1119 4618 ut
1137 4555 1241 4618 lutum
1264 4555 1485 4634 signaculum.
1505 4560 1627 4624 Dicens
1647 4565 1752 4641 igitur

94 4661 210 4720 tutum
225 4658 396 4733 congessit
410 4657 445 4718 in
460 4657 633 4719 cellarium
648 4672 756 4727 suum,
773 4657 902 4720 scilicet
954 4653 1148 4716 Jeremiasz
1175 4658 1307 4729 aspect
1328 4656 1475 4733 terram,
1502 4664 1750 4738 corruptionem
1817 4645 1836 4674 ‘

91 4755 208 4817 neate
237 4754 388 4830 Virginis
414 4754 455 4816 ad
490 4753 705 4816 relectionem
734 4756 898 4828 nostram
955 4751 1115 4827 ostendit3
1142 4751 1307 4815 defectum
1333 4755 1445 4816 autem
1475 4756 1647 4831 virtutum,
1674 4777 1749 4824 cnm

103 1879 326 1953 aeptcbtmur
339 1880 377 1939 tn
389 1879 487 1939 boam
502 1879 623 1940 domtus
638 1879 708 1940 tuoe
717 1894 728 1938 :
742 1880 903 1940 coiectum

93 4868 201 4930 quam
237 4849 453 4913 relectionem
490 4852 658 4929 Propheta
690 4852 898 4923 desiderans,
955 4849 1156 4912 dicltzli’occ
1167 4853 1379 4915 coercuerat.
1393 4855 1488 4915 Meus
1501 4856 1590 4916 enim
1603 4857 1749 4920 hominis
1857 4909 1861 4918 .

91 4950 183 5013 dicit
206 4947 313 5029 (Psal.
338 4949 396 5025 62,
412 4946 446 5030 2)
469 4966 511 5011 :c
534 4949 647 5012 sitivit
671 4950 706 5010 in
729 4951 763 5012 te
787 4950 899 5011 anima
954 4948 1746 5032 estvirtutibusvacua,cumestpeccatisplena;

130 5144 177 5214 (i)
198 5142 251 5200 nel
266 5142 363 5207 Filius,
379 5151 434 5200 eto.
455 5145 488 5202 lu
504 5143 629 5217 Epistola
652 5142 688 5200 ad
704 5143 899 5215 colossenses,
954 5144 1042 5202 tentia
1051 5159 1088 5203 ex
1101 5145 1150 5202 lib.
1162 5143 1360 5215 leonianam.
1374 5147 1387 5202 l
1399 5160 1406 5201 :
1417 5167 1429 5196 ι
1441 5146 1544 5208 Fecisti
1556 5163 1609 5204 nos
1619 5149 1655 5206 ad
1666 5157 1705 5221 te,
1719 5162 1748 5211 et

90 5229 163 5287 cap.
187 5214 214 5284 l,
235 5227 311 5271 vers.
329 5213 373 5271 lt.
397 5215 448 5272 liei
468 5215 556 5272 Filius
580 5214 682 5272 dicitur
736 5214 791 5271 imo
808 5215 901 5272 rodus
955 5217 983 5274 in
1006 5217 1112 5273 uictum
1123 5222 1221 5274 estcor
1232 5225 1370 5286 nostrum,
1379 5214 1471 5273 donec
1481 5215 1679 5289 requiescabin
1689 5231 1744 5280 tc.»

90 5285 193 5368 omnir
208 5288 367 5352 mmmm
381 5283 464 5354 idest,
478 5287 520 5342 uti
534 5286 656 5357 explicat
671 5287 771 5343 Gossa
789 5230 899 5343 futerli·
985 5229 1032 5415 ἒ)
1046 5284 1186 5357 Quidquid
1199 5287 1254 5344 slbi
1268 5293 1357 5358 parat,
1371 5296 1427 5344 etc.
1436 5290 1524 5362 ⁴Forte
1538 5303 1574 5346 ex
1586 5292 1689 5350 llomil.
1699 5294 1749 5366 36,

90 5369 198 5412 neam
213 5371 222 5413 ι
239 5355 313 5412 Ante
332 5370 440 5412 mamm
457 5361 620 5413 oreotmam
633 5357 760 5427 pendam
774 5365 822 5414 et:
839 5356 902 5426 lpse
955 5357 984 5413 in
1020 5370 1125 5429 vang.:
1139 5355 1516 5429 «Corporalesdellciecum
1528 5359 1746 5435 nonhabentur,

89 5427 179 5482 sotus
186 5426 310 5496 neuim,
325 5427 386 5482 utto
399 5431 505 5483 meato.
517 5426 625 5483 Eodem
635 5440 722 5484 sensu
736 5427 783 5483 hic
797 5426 902 5484 dicitur
976 5439 1045 5485 reve
1063 5428 1093 5483 ln
1108 5441 1140 5484 se
1153 5425 1327 5484 desidorium
1339 5426 1501 5488 accendunt
1516 5442 1524 5485 t
1537 5443 1601 5488 curn
1614 5446 1684 5491 vero
1700 5436 1747 5492 he

87 5500 304 5553 crematurum
327 5511 470 5566 romnus,
496 5497 570 5555 idest
586 5511 679 5570 supra
698 5512 798 5556 omnes
817 5508 899 5554 crea·
954 5442 1021 5555 gite
1039 5497 1170 5567 eduntur,
1183 5497 1380 5556 comedentem
1404 5499 1532 5570 prodens
1553 5502 1582 5559 in
1602 5501 1746 5576 lpabdium

89 5576 191 5625 lum.
349 5598 351 5600 ·
954 5576 1070 5627 vertunt
1086 5588 1109 5625 θ.
1581 5595 1591 5612 ·

131 5638 180 5708 (2)
195 5638 266 5697 Cum
278 5635 314 5695 ad
324 5635 416 5696 solum
424 5637 828 5712 neumarcvtdetursumpta
838 5654 901 5698 sen·
990 5640 1032 5710 tt)
1049 5639 1132 5713 vulg.
1152 5653 1159 5695 ε
1175 5651 1243 5697 ecce
1254 5651 1345 5699 vacua
1360 5619 1434 5710 eret,
1447 5649 1475 5734 er
1485 5640 1576 5702 nihili.

246 5781 457 5830 arnourolts
473 5774 522 5832 vl.
569 5802 571 5806 ,
1302 5787 1311 5804 '
1373 5785 1380 5798 '
1466 5773 1562 5844 12ss
1621 5793 1626 5804 “
