<?xml version="1.0" encoding="UTF-8"?>
<!DOCTYPE html PUBLIC "-//W3C//DTD XHTML 1.0 Transitional//EN"
    "http://www.w3.org/TR/xhtml1/DTD/xhtml1-transitional.dtd">
<html xmlns="http://www.w3.org/1999/xhtml" xml:lang="en" lang="en">
 <head>
  <title>
</title>
<meta http-equiv="Content-Type" content="text/html;charset=utf-8" />
  <meta name='ocr-system' content='tesseract 3.04.00' />
  <meta name='ocr-capabilities' content='ocr_page ocr_carea ocr_par ocr_line ocrx_word'/>
</head>
<body>
  <div class='ocr_page' id='page_1' title='image "./mediiaevibiblio09bottgoog_0601.png"; bbox 0 0 3950 6200; ppageno 0'>
   <div class='ocr_carea' id='block_1_1' title="bbox 95 396 1737 469">
    <p class='ocr_par' dir='ltr' id='par_1_1' title="bbox 95 396 1737 469">
     <span class='ocr_line' id='line_1_1' title="bbox 95 396 1737 469; baseline -0.003 -5"><span class='ocrx_word' id='word_1_1' title='bbox 95 402 156 464; x_wconf 76' lang='grc'>913</span> <span class='ocrx_word' id='word_1_2' title='bbox 214 458 228 469; x_wconf 75' lang='grc'><strong><em>,</em></strong></span> <span class='ocrx_word' id='word_1_3' title='bbox 471 398 580 463; x_wconf 82' lang='lat' dir='ltr'><strong>PARS</strong></span> <span class='ocrx_word' id='word_1_4' title='bbox 611 396 756 462; x_wconf 70' lang='lat' dir='ltr'>enimn.</span> <span class='ocrx_word' id='word_1_5' title='bbox 775 424 817 444; x_wconf 83' lang='lat'>·—</span> <span class='ocrx_word' id='word_1_6' title='bbox 835 398 1054 461; x_wconf 79' lang='lat' dir='ltr'><strong>EXPOSI&#39;I&#39;IO</strong></span> <span class='ocrx_word' id='word_1_7' title='bbox 1082 399 1128 463; x_wconf 89' lang='lat' dir='ltr'>IN</span> <span class='ocrx_word' id='word_1_8' title='bbox 1156 399 1360 461; x_wconf 82' lang='lat' dir='ltr'><strong>PSALMOS.</strong></span> <span class='ocrx_word' id='word_1_9' title='bbox 1677 396 1737 460; x_wconf 77' lang='lat'>914</span> 
     </span>
    </p>
   </div>
   <div class='ocr_carea' id='block_1_2' title="bbox 94 555 1744 1121">
    <p class='ocr_par' dir='ltr' id='par_1_2' title="bbox 94 555 1744 1121">
     <span class='ocr_line' id='line_1_2' title="bbox 94 555 1744 638; baseline -0.002 -17"><span class='ocrx_word' id='word_1_10' title='bbox 94 558 148 638; x_wconf 77' lang='lat'>22)</span> <span class='ocrx_word' id='word_1_11' title='bbox 168 579 177 619; x_wconf 74' lang='grc' dir='ltr'><strong><em>ε</em></strong></span> <span class='ocrx_word' id='word_1_12' title='bbox 193 558 408 620; x_wconf 80' lang='lat' dir='ltr'>«considera</span> <span class='ocrx_word' id='word_1_13' title='bbox 421 560 524 621; x_wconf 89' lang='lat' dir='ltr'>lsrael</span> <span class='ocrx_word' id='word_1_14' title='bbox 540 574 599 637; x_wconf 90' lang='lat' dir='ltr'>pro</span> <span class='ocrx_word' id='word_1_15' title='bbox 619 558 684 630; x_wconf 90' lang='lat' dir='ltr'>his,</span> <span class='ocrx_word' id='word_1_16' title='bbox 699 556 755 636; x_wconf 92' lang='lat' dir='ltr'>qui</span> <span class='ocrx_word' id='word_1_17' title='bbox 771 556 893 620; x_wconf 90' lang='lat' dir='ltr'>mortui</span> <span class='ocrx_word' id='word_1_18' title='bbox 948 555 1080 629; x_wconf 80' lang='lat' dir='ltr'>delicet,</span> <span class='ocrx_word' id='word_1_19' title='bbox 1097 557 1153 635; x_wconf 89' lang='lat' dir='ltr'>qui</span> <span class='ocrx_word' id='word_1_20' title='bbox 1168 557 1362 619; x_wconf 74' lang='lat' dir='ltr'>eli&#39;aeminati</span> <span class='ocrx_word' id='word_1_21' title='bbox 1377 557 1455 618; x_wconf 90' lang='lat' dir='ltr'>sunt</span> <span class='ocrx_word' id='word_1_22' title='bbox 1465 570 1525 633; x_wconf 89' lang='lat' dir='ltr'>per</span> <span class='ocrx_word' id='word_1_23' title='bbox 1538 555 1638 628; x_wconf 82' lang='lat' dir='ltr'>vitia;</span> <span class='ocrx_word' id='word_1_24' title='bbox 1655 555 1744 617; x_wconf 89' lang='lat' dir='ltr'>unde</span> 
     </span>
     <span class='ocr_line' id='line_1_3' title="bbox 95 651 1743 733; baseline -0.003 -16"><span class='ocrx_word' id='word_1_25' title='bbox 95 659 177 718; x_wconf 90' lang='lat' dir='ltr'>sunt</span> <span class='ocrx_word' id='word_1_26' title='bbox 198 672 301 733; x_wconf 89' lang='lat' dir='ltr'>super</span> <span class='ocrx_word' id='word_1_27' title='bbox 327 657 461 717; x_wconf 83' lang='lat' dir='ltr'>excelsa</span> <span class='ocrx_word' id='word_1_28' title='bbox 484 658 542 719; x_wconf 91' lang='lat' dir='ltr'>tua</span> <span class='ocrx_word' id='word_1_29' title='bbox 565 656 744 717; x_wconf 81' lang='lat' dir='ltr'>vulnerati.</span> <span class='ocrx_word' id='word_1_30' title='bbox 774 654 892 732; x_wconf 85' lang='lat' dir='ltr'>inclyti</span> <span class='ocrx_word' id='word_1_31' title='bbox 947 654 1110 715; x_wconf 82' lang='lat' dir='ltr'>vocantur</span> <span class='ocrx_word' id='word_1_32' title='bbox 1146 655 1224 715; x_wconf 79' lang='lat' dir='ltr'>filias</span> <span class='ocrx_word' id='word_1_33' title='bbox 1253 654 1411 716; x_wconf 75' lang='lat' dir='ltr'>cadentes</span> <span class='ocrx_word' id='word_1_34' title='bbox 1440 654 1562 724; x_wconf 89' lang='lat' dir='ltr'>morie,</span> <span class='ocrx_word' id='word_1_35' title='bbox 1586 651 1743 714; x_wconf 89' lang='lat' dir='ltr'>inebriati</span> 
     </span>
     <span class='ocr_line' id='line_1_4' title="bbox 95 750 1742 830; baseline -0.003 -16"><span class='ocrx_word' id='word_1_36' title='bbox 95 754 202 814; x_wconf 90' lang='lat' dir='ltr'>lsrael</span> <span class='ocrx_word' id='word_1_37' title='bbox 218 768 321 830; x_wconf 88' lang='lat' dir='ltr'>super</span> <span class='ocrx_word' id='word_1_38' title='bbox 340 756 469 815; x_wconf 89' lang='lat' dir='ltr'>montes</span> <span class='ocrx_word' id='word_1_39' title='bbox 491 756 565 814; x_wconf 90' lang='lat' dir='ltr'>tuos</span> <span class='ocrx_word' id='word_1_40' title='bbox 587 752 755 815; x_wconf 76' lang='lat' dir='ltr'>interfecti</span> <span class='ocrx_word' id='word_1_41' title='bbox 770 755 858 813; x_wconf 87' lang='lat' dir='ltr'>sunt.</span> <span class='ocrx_word' id='word_1_42' title='bbox 874 770 893 813; x_wconf 72' lang='lat' dir='ltr'>s</span> <span class='ocrx_word' id='word_1_43' title='bbox 947 767 1051 813; x_wconf 89' lang='lat' dir='ltr'>aureo</span> <span class='ocrx_word' id='word_1_44' title='bbox 1066 750 1173 812; x_wconf 91' lang='lat' dir='ltr'>calice</span> <span class='ocrx_word' id='word_1_45' title='bbox 1187 751 1378 828; x_wconf 87' lang='lat' dir='ltr'>Babylonis.</span> <span class='ocrx_word' id='word_1_46' title='bbox 1394 751 1534 812; x_wconf 87' lang='lat' dir='ltr'>Multum</span> <span class='ocrx_word' id='word_1_47' title='bbox 1549 750 1638 810; x_wconf 90' lang='lat' dir='ltr'>enim</span> <span class='ocrx_word' id='word_1_48' title='bbox 1653 764 1742 824; x_wconf 88' lang='lat' dir='ltr'>gau-</span> 
     </span>
     <span class='ocr_line' id='line_1_5' title="bbox 96 846 1743 927; baseline -0.002 -17"><span class='ocrx_word' id='word_1_49' title='bbox 96 851 305 927; x_wconf 70' lang='lat' dir='ltr'>insequitur</span> <span class='ocrx_word' id='word_1_50' title='bbox 321 868 355 910; x_wconf 86' lang='lat'>:«</span> <span class='ocrx_word' id='word_1_51' title='bbox 368 851 537 921; x_wconf 88' lang='lat' dir='ltr'>Quomodo</span> <span class='ocrx_word' id='word_1_52' title='bbox 553 850 744 911; x_wconf 89' lang='lat' dir='ltr'>ceciderunt</span> <span class='ocrx_word' id='word_1_53' title='bbox 758 850 893 911; x_wconf 78' lang='lat' dir='ltr'>fortes»</span> <span class='ocrx_word' id='word_1_54' title='bbox 947 848 1026 909; x_wconf 92' lang='lat' dir='ltr'>dent</span> <span class='ocrx_word' id='word_1_55' title='bbox 1049 848 1140 922; x_wconf 89' lang='lat' dir='ltr'>mali,</span> <span class='ocrx_word' id='word_1_56' title='bbox 1167 864 1242 909; x_wconf 89' lang='lat' dir='ltr'>curn</span> <span class='ocrx_word' id='word_1_57' title='bbox 1270 848 1386 909; x_wconf 87' lang='lat' dir='ltr'>vident</span> <span class='ocrx_word' id='word_1_58' title='bbox 1410 848 1566 924; x_wconf 84' lang='lat' dir='ltr'>praelatos</span> <span class='ocrx_word' id='word_1_59' title='bbox 1582 846 1743 908; x_wconf 81' lang='lat' dir='ltr'>Ecclesiae</span> 
     </span>
     <span class='ocr_line' id='line_1_6' title="bbox 94 944 1744 1020; baseline -0.004 -12"><span class='ocrx_word' id='word_1_60' title='bbox 94 949 129 1008; x_wconf 91' lang='lat' dir='ltr'>in</span> <span class='ocrx_word' id='word_1_61' title='bbox 144 947 254 1009; x_wconf 82' lang='lat' dir='ltr'>bellot</span> <span class='ocrx_word' id='word_1_62' title='bbox 268 965 287 1007; x_wconf 74' lang='lat' dir='ltr'>c</span> <span class='ocrx_word' id='word_1_63' title='bbox 303 947 413 1008; x_wconf 91' lang='lat' dir='ltr'>Nolite</span> <span class='ocrx_word' id='word_1_64' title='bbox 428 948 635 1008; x_wconf 87' lang='lat' dir='ltr'>annunciare</span> <span class='ocrx_word' id='word_1_65' title='bbox 658 947 692 1007; x_wconf 92' lang='lat' dir='ltr'>iu</span> <span class='ocrx_word' id='word_1_66' title='bbox 708 946 803 1020; x_wconf 82' lang='lat' dir='ltr'>Geth,</span> <span class='ocrx_word' id='word_1_67' title='bbox 828 961 891 1006; x_wconf 92' lang='lat' dir='ltr'>ne·</span> <span class='ocrx_word' id='word_1_68' title='bbox 948 944 1011 1004; x_wconf 90' lang='lat' dir='ltr'>sibi</span> <span class='ocrx_word' id='word_1_69' title='bbox 1027 945 1164 1017; x_wconf 88' lang='lat' dir='ltr'>similes,</span> <span class='ocrx_word' id='word_1_70' title='bbox 1182 946 1215 1005; x_wconf 89' lang='lat' dir='ltr'>ei</span> <span class='ocrx_word' id='word_1_71' title='bbox 1229 944 1307 1005; x_wconf 93' lang='lat' dir='ltr'>inde</span> <span class='ocrx_word' id='word_1_72' title='bbox 1322 946 1457 1005; x_wconf 90' lang='lat' dir='ltr'>sumunt</span> <span class='ocrx_word' id='word_1_73' title='bbox 1470 944 1646 1004; x_wconf 90' lang='lat' dir='ltr'>audaciam</span> <span class='ocrx_word' id='word_1_74' title='bbox 1662 958 1744 1018; x_wconf 88' lang='lat' dir='ltr'>gra-</span> 
     </span>
     <span class='ocr_line' id='line_1_7' title="bbox 94 1038 1742 1121; baseline -0.002 -18"><span class='ocrx_word' id='word_1_75' title='bbox 94 1060 158 1120; x_wconf 87' lang='lat' dir='ltr'>que</span> <span class='ocrx_word' id='word_1_76' title='bbox 174 1044 389 1104; x_wconf 89' lang='lat' dir='ltr'>annuncietis</span> <span class='ocrx_word' id='word_1_77' title='bbox 409 1044 443 1104; x_wconf 91' lang='lat' dir='ltr'>in</span> <span class='ocrx_word' id='word_1_78' title='bbox 462 1045 614 1121; x_wconf 90' lang='lat' dir='ltr'>compitis</span> <span class='ocrx_word' id='word_1_79' title='bbox 634 1043 809 1104; x_wconf 81' lang='lat' dir='ltr'>hecelonis</span> <span class='ocrx_word' id='word_1_80' title='bbox 826 1065 833 1102; x_wconf 75' lang='grc' dir='ltr'><strong>ε</strong></span> <span class='ocrx_word' id='word_1_81' title='bbox 850 1059 892 1103; x_wconf 92' lang='lat' dir='ltr'>ne</span> <span class='ocrx_word' id='word_1_82' title='bbox 947 1042 1025 1102; x_wconf 80' lang='lat' dir='ltr'>vius</span> <span class='ocrx_word' id='word_1_83' title='bbox 1040 1041 1265 1119; x_wconf 88' lang='lat' dir='ltr'>delinquendi.</span> <span class='ocrx_word' id='word_1_84' title='bbox 1281 1042 1342 1103; x_wconf 85' lang='lat' dir='ltr'>Vel</span> <span class='ocrx_word' id='word_1_85' title='bbox 1359 1059 1400 1101; x_wconf 75' lang='lat' dir='ltr'>:c</span> <span class='ocrx_word' id='word_1_86' title='bbox 1415 1043 1465 1102; x_wconf 88' lang='lat' dir='ltr'>Ne</span> <span class='ocrx_word' id='word_1_87' title='bbox 1482 1041 1638 1102; x_wconf 87' lang='lat' dir='ltr'>laetentur</span> <span class='ocrx_word' id='word_1_88' title='bbox 1662 1038 1742 1099; x_wconf 84' lang='lat' dir='ltr'>filiae</span> 
     </span>
    </p>
   </div>
   <div class='ocr_carea' id='block_1_3' title="bbox 93 1137 1746 1700">
    <p class='ocr_par' dir='ltr' id='par_1_3' title="bbox 93 1137 1746 1700">
     <span class='ocr_line' id='line_1_8' title="bbox 95 1137 1743 1212; baseline -0.003 -12"><span class='ocrx_word' id='word_1_89' title='bbox 95 1139 181 1200; x_wconf 88' lang='lat' dir='ltr'>forte</span> <span class='ocrx_word' id='word_1_90' title='bbox 202 1140 359 1200; x_wconf 89' lang='lat' dir='ltr'>laetentur</span> <span class='ocrx_word' id='word_1_91' title='bbox 381 1139 459 1200; x_wconf 88' lang='lat' dir='ltr'>filiae</span> <span class='ocrx_word' id='word_1_92' title='bbox 484 1139 701 1209; x_wconf 86' lang='lat' dir='ltr'>Philisthiim‚</span> <span class='ocrx_word' id='word_1_93' title='bbox 728 1156 770 1200; x_wconf 90' lang='lat' dir='ltr'>ne</span> <span class='ocrx_word' id='word_1_94' title='bbox 796 1140 893 1199; x_wconf 82' lang='lat' dir='ltr'>exul·</span> <span class='ocrx_word' id='word_1_95' title='bbox 948 1138 1227 1200; x_wconf 78' lang='lat' dir='ltr'>philisthinorum</span> <span class='ocrx_word' id='word_1_96' title='bbox 1240 1155 1270 1209; x_wconf 78' lang='lat' dir='ltr'>s,</span> <span class='ocrx_word' id='word_1_97' title='bbox 1287 1138 1373 1198; x_wconf 88' lang='lat' dir='ltr'>idest</span> <span class='ocrx_word' id='word_1_98' title='bbox 1389 1137 1603 1198; x_wconf 84' lang='lat' dir='ltr'>conscientiae</span> <span class='ocrx_word' id='word_1_99' title='bbox 1620 1146 1743 1212; x_wconf 87' lang='lat' dir='ltr'>pecca-</span> 
     </span>
     <span class='ocr_line' id='line_1_9' title="bbox 94 1234 1741 1312; baseline -0.002 -15"><span class='ocrx_word' id='word_1_100' title='bbox 94 1237 166 1297; x_wconf 88' lang='lat' dir='ltr'>tent</span> <span class='ocrx_word' id='word_1_101' title='bbox 191 1236 272 1296; x_wconf 84' lang='lat' dir='ltr'>filiae</span> <span class='ocrx_word' id='word_1_102' title='bbox 292 1236 614 1297; x_wconf 75' lang='lat' dir='ltr'>incircumcisorum.</span> <span class='ocrx_word' id='word_1_103' title='bbox 644 1242 663 1295; x_wconf 75' lang='lat' dir='ltr'>i»</span> <span class='ocrx_word' id='word_1_104' title='bbox 688 1238 807 1298; x_wconf 83' lang='lat' dir='ltr'>Postea</span> <span class='ocrx_word' id='word_1_105' title='bbox 834 1251 892 1296; x_wconf 91' lang='lat' dir='ltr'>se·</span> <span class='ocrx_word' id='word_1_106' title='bbox 947 1236 1069 1306; x_wconf 89' lang='lat' dir='ltr'>torum,</span> <span class='ocrx_word' id='word_1_107' title='bbox 1091 1252 1164 1312; x_wconf 83' lang='lat' dir='ltr'>quae</span> <span class='ocrx_word' id='word_1_108' title='bbox 1185 1237 1261 1296; x_wconf 88' lang='lat' dir='ltr'>sunt</span> <span class='ocrx_word' id='word_1_109' title='bbox 1282 1234 1359 1295; x_wconf 84' lang='lat' dir='ltr'>tiliae</span> <span class='ocrx_word' id='word_1_110' title='bbox 1377 1234 1563 1294; x_wconf 85' lang='lat' dir='ltr'>daemonum</span> <span class='ocrx_word' id='word_1_111' title='bbox 1585 1248 1644 1309; x_wconf 91' lang='lat' dir='ltr'>per</span> <span class='ocrx_word' id='word_1_112' title='bbox 1658 1247 1741 1309; x_wconf 90' lang='lat' dir='ltr'>pec-</span> 
     </span>
     <span class='ocr_line' id='line_1_10' title="bbox 95 1331 1741 1409; baseline -0.001 -17"><span class='ocrx_word' id='word_1_113' title='bbox 95 1332 212 1409; x_wconf 91' lang='lat' dir='ltr'>quitur</span> <span class='ocrx_word' id='word_1_114' title='bbox 235 1332 426 1393; x_wconf 87' lang='lat' dir='ltr'>maledictio</span> <span class='ocrx_word' id='word_1_115' title='bbox 448 1354 455 1392; x_wconf 77' lang='grc' dir='ltr'><strong>ι</strong></span> <span class='ocrx_word' id='word_1_116' title='bbox 481 1350 500 1392; x_wconf 75' lang='lat' dir='ltr'>c</span> <span class='ocrx_word' id='word_1_117' title='bbox 526 1335 656 1394; x_wconf 82' lang='lat' dir='ltr'>Montes</span> <span class='ocrx_word' id='word_1_118' title='bbox 678 1332 811 1405; x_wconf 84' lang='lat' dir='ltr'>Gelboe,</span> <span class='ocrx_word' id='word_1_119' title='bbox 832 1347 893 1392; x_wconf 91' lang='lat' dir='ltr'>nec</span> <span class='ocrx_word' id='word_1_120' title='bbox 948 1333 1071 1403; x_wconf 86' lang='lat' dir='ltr'>catum,</span> <span class='ocrx_word' id='word_1_121' title='bbox 1096 1332 1301 1408; x_wconf 82' lang='lat' dir='ltr'>accipientes</span> <span class='ocrx_word' id='word_1_122' title='bbox 1330 1331 1591 1402; x_wconf 82' lang='lat' dir='ltr'>excusationem,</span> <span class='ocrx_word' id='word_1_123' title='bbox 1616 1332 1650 1391; x_wconf 88' lang='lat' dir='ltr'>et</span> <span class='ocrx_word' id='word_1_124' title='bbox 1676 1345 1741 1390; x_wconf 90' lang='lat' dir='ltr'>au-</span> 
     </span>
     <span class='ocr_line' id='line_1_11' title="bbox 93 1425 1745 1508; baseline -0.003 -18"><span class='ocrx_word' id='word_1_125' title='bbox 93 1445 170 1501; x_wconf 88' lang='lat' dir='ltr'>ros,</span> <span class='ocrx_word' id='word_1_126' title='bbox 208 1445 270 1490; x_wconf 88' lang='lat' dir='ltr'>nec</span> <span class='ocrx_word' id='word_1_127' title='bbox 303 1429 417 1507; x_wconf 78' lang='lat' dir='ltr'>pluvia</span> <span class='ocrx_word' id='word_1_128' title='bbox 451 1430 565 1491; x_wconf 88' lang='lat' dir='ltr'>veniat</span> <span class='ocrx_word' id='word_1_129' title='bbox 601 1426 648 1508; x_wconf 84' lang='lat'>(1)</span> <span class='ocrx_word' id='word_1_130' title='bbox 684 1445 785 1506; x_wconf 88' lang='lat' dir='ltr'>super</span> <span class='ocrx_word' id='word_1_131' title='bbox 815 1446 891 1501; x_wconf 81' lang='lat' dir='ltr'>ros,</span> <span class='ocrx_word' id='word_1_132' title='bbox 948 1428 1078 1489; x_wconf 90' lang='lat' dir='ltr'>daciam</span> <span class='ocrx_word' id='word_1_133' title='bbox 1093 1427 1128 1489; x_wconf 91' lang='lat' dir='ltr'>in</span> <span class='ocrx_word' id='word_1_134' title='bbox 1144 1429 1290 1504; x_wconf 86' lang='lat' dir='ltr'>peccato.</span> <span class='ocrx_word' id='word_1_135' title='bbox 1307 1428 1400 1489; x_wconf 89' lang='lat' dir='ltr'>Licet</span> <span class='ocrx_word' id='word_1_136' title='bbox 1412 1427 1501 1488; x_wconf 89' lang='lat' dir='ltr'>enim</span> <span class='ocrx_word' id='word_1_137' title='bbox 1512 1425 1646 1503; x_wconf 87' lang='lat' dir='ltr'>plurimi</span> <span class='ocrx_word' id='word_1_138' title='bbox 1661 1440 1745 1502; x_wconf 86' lang='lat' dir='ltr'>prae·</span> 
     </span>
     <span class='ocr_line' id='line_1_12' title="bbox 94 1521 1743 1604; baseline -0.003 -18"><span class='ocrx_word' id='word_1_139' title='bbox 94 1541 204 1603; x_wconf 88' lang='lat' dir='ltr'>neque</span> <span class='ocrx_word' id='word_1_140' title='bbox 233 1527 301 1587; x_wconf 89' lang='lat' dir='ltr'>sint</span> <span class='ocrx_word' id='word_1_141' title='bbox 331 1527 405 1601; x_wconf 87' lang='lat' dir='ltr'>agri</span> <span class='ocrx_word' id='word_1_142' title='bbox 441 1527 664 1603; x_wconf 88' lang='lat' dir='ltr'>primitiarum</span> <span class='ocrx_word' id='word_1_143' title='bbox 695 1548 703 1586; x_wconf 77' lang='grc' dir='ltr'><strong><em>ι</em></strong></span> <span class='ocrx_word' id='word_1_144' title='bbox 732 1526 811 1604; x_wconf 91' lang='lat' dir='ltr'>qula</span> <span class='ocrx_word' id='word_1_145' title='bbox 845 1525 892 1586; x_wconf 90' lang='lat' dir='ltr'>ibi</span> <span class='ocrx_word' id='word_1_146' title='bbox 948 1524 1091 1585; x_wconf 89' lang='lat' dir='ltr'>latorum</span> <span class='ocrx_word' id='word_1_147' title='bbox 1111 1525 1178 1586; x_wconf 91' lang='lat' dir='ltr'>sint</span> <span class='ocrx_word' id='word_1_148' title='bbox 1199 1526 1334 1587; x_wconf 80' lang='lat' dir='ltr'>Montes</span> <span class='ocrx_word' id='word_1_149' title='bbox 1358 1528 1488 1596; x_wconf 77' lang='lat' dir='ltr'>Getone,</span> <span class='ocrx_word' id='word_1_150' title='bbox 1516 1523 1603 1584; x_wconf 89' lang='lat' dir='ltr'>idest</span> <span class='ocrx_word' id='word_1_151' title='bbox 1622 1521 1743 1583; x_wconf 89' lang='lat' dir='ltr'>lubrici</span> 
     </span>
     <span class='ocr_line' id='line_1_13' title="bbox 94 1620 1746 1700; baseline -0.002 -17"><span class='ocrx_word' id='word_1_152' title='bbox 94 1622 247 1699; x_wconf 85' lang='lat' dir='ltr'>abjectus</span> <span class='ocrx_word' id='word_1_153' title='bbox 291 1624 342 1683; x_wconf 90' lang='lat' dir='ltr'>esi</span> <span class='ocrx_word' id='word_1_154' title='bbox 384 1623 520 1700; x_wconf 81' lang='lat' dir='ltr'>clypeus</span> <span class='ocrx_word' id='word_1_155' title='bbox 562 1623 718 1694; x_wconf 87' lang='lat' dir='ltr'>fortium,</span> <span class='ocrx_word' id='word_1_156' title='bbox 757 1622 892 1700; x_wconf 87' lang='lat' dir='ltr'>clypeus</span> <span class='ocrx_word' id='word_1_157' title='bbox 948 1637 1008 1699; x_wconf 92' lang='lat' dir='ltr'>per</span> <span class='ocrx_word' id='word_1_158' title='bbox 1023 1622 1266 1683; x_wconf 88' lang='lat' dir='ltr'>immunditiam</span> <span class='ocrx_word' id='word_1_159' title='bbox 1281 1622 1370 1693; x_wconf 85' lang='lat' dir='ltr'>vitae,</span> <span class='ocrx_word' id='word_1_160' title='bbox 1387 1637 1454 1682; x_wconf 91' lang='lat' dir='ltr'>non</span> <span class='ocrx_word' id='word_1_161' title='bbox 1470 1622 1546 1681; x_wconf 87' lang='lat' dir='ltr'>sunt</span> <span class='ocrx_word' id='word_1_162' title='bbox 1559 1620 1672 1680; x_wconf 89' lang='lat' dir='ltr'>tamen</span> <span class='ocrx_word' id='word_1_163' title='bbox 1686 1633 1746 1679; x_wconf 90' lang='lat' dir='ltr'>co·</span> 
     </span>
    </p>
   </div>
   <div class='ocr_carea' id='block_1_4' title="bbox 25 1718 894 5185">
    <p class='ocr_par' dir='ltr' id='par_1_4' title="bbox 25 1718 894 5185">
     <span class='ocr_line' id='line_1_14' title="bbox 96 1718 894 1795; baseline 0 -15"><span class='ocrx_word' id='word_1_164' title='bbox 96 1718 188 1792; x_wconf 89' lang='lat' dir='ltr'>Saul,</span> <span class='ocrx_word' id='word_1_165' title='bbox 216 1720 311 1795; x_wconf 90' lang='lat' dir='ltr'>quasi</span> <span class='ocrx_word' id='word_1_166' title='bbox 334 1736 400 1779; x_wconf 91' lang='lat' dir='ltr'>uon</span> <span class='ocrx_word' id='word_1_167' title='bbox 445 1722 534 1781; x_wconf 91' lang='lat' dir='ltr'>esset</span> <span class='ocrx_word' id='word_1_168' title='bbox 549 1722 667 1781; x_wconf 89' lang='lat' dir='ltr'>unctus</span> <span class='ocrx_word' id='word_1_169' title='bbox 696 1720 894 1791; x_wconf 90' lang='lat' dir='ltr'>ole0,·san-</span> 
     </span>
     <span class='ocr_line' id='line_1_15' title="bbox 95 1814 893 1894; baseline 0.001 -18"><span class='ocrx_word' id='word_1_170' title='bbox 95 1817 199 1892; x_wconf 84' lang='lat' dir='ltr'>gnine</span> <span class='ocrx_word' id='word_1_171' title='bbox 220 1814 268 1894; x_wconf 79' lang='lat'>(2)</span> <span class='ocrx_word' id='word_1_172' title='bbox 291 1817 541 1877; x_wconf 89' lang='lat' dir='ltr'>interfectorum</span> <span class='ocrx_word' id='word_1_173' title='bbox 557 1832 591 1890; x_wconf 79' lang='lat'>»3</span> <span class='ocrx_word' id='word_1_174' title='bbox 616 1817 669 1877; x_wconf 82' lang='lat' dir='ltr'>rel</span> <span class='ocrx_word' id='word_1_175' title='bbox 688 1818 810 1893; x_wconf 83' lang='lat' dir='ltr'>potine,</span> <span class='ocrx_word' id='word_1_176' title='bbox 826 1833 893 1878; x_wconf 88' lang='lat' dir='ltr'>ma·</span> 
     </span>
     <span class='ocr_line' id='line_1_16' title="bbox 94 1912 892 1987; baseline 0.003 -15"><span class='ocrx_word' id='word_1_177' title='bbox 94 1912 286 1973; x_wconf 90' lang='lat' dir='ltr'>ledicentur</span> <span class='ocrx_word' id='word_1_178' title='bbox 308 1913 473 1987; x_wconf 88' lang='lat' dir='ltr'>sauguine</span> <span class='ocrx_word' id='word_1_179' title='bbox 501 1913 763 1974; x_wconf 88' lang='lat' dir='ltr'>interfectorum.</span> <span class='ocrx_word' id='word_1_180' title='bbox 799 1914 892 1974; x_wconf 88' lang='lat' dir='ltr'>Diri·</span> 
     </span>
     <span class='ocr_line' id='line_1_17' title="bbox 96 2006 891 2086; baseline 0.003 -17"><span class='ocrx_word' id='word_1_181' title='bbox 96 2010 187 2085; x_wconf 85' lang='lat' dir='ltr'>gitur</span> <span class='ocrx_word' id='word_1_182' title='bbox 202 2024 313 2069; x_wconf 89' lang='lat' dir='ltr'>sermo</span> <span class='ocrx_word' id='word_1_183' title='bbox 327 2006 367 2070; x_wconf 92' lang='lat' dir='ltr'>ad</span> <span class='ocrx_word' id='word_1_184' title='bbox 384 2010 556 2085; x_wconf 90' lang='lat' dir='ltr'>praelatum</span> <span class='ocrx_word' id='word_1_185' title='bbox 572 2031 579 2069; x_wconf 90' lang='lat'><strong>:</strong></span> <span class='ocrx_word' id='word_1_186' title='bbox 596 2011 751 2081; x_wconf 89' lang='lat' dir='ltr'>OIsrael,</span> <span class='ocrx_word' id='word_1_187' title='bbox 769 2025 891 2086; x_wconf 87' lang='lat' dir='ltr'>eprae-</span> 
     </span>
     <span class='ocr_line' id='line_1_18' title="bbox 96 2106 892 2183; baseline 0.003 -17"><span class='ocrx_word' id='word_1_188' title='bbox 96 2108 174 2176; x_wconf 87' lang='lat' dir='ltr'>late,</span> <span class='ocrx_word' id='word_1_189' title='bbox 193 2107 251 2183; x_wconf 91' lang='lat' dir='ltr'>qui</span> <span class='ocrx_word' id='word_1_190' title='bbox 264 2106 358 2168; x_wconf 85' lang='lat' dir='ltr'>rides</span> <span class='ocrx_word' id='word_1_191' title='bbox 374 2109 477 2167; x_wconf 86' lang='lat' dir='ltr'>Deum</span> <span class='ocrx_word' id='word_1_192' title='bbox 493 2122 552 2183; x_wconf 89' lang='lat' dir='ltr'>per</span> <span class='ocrx_word' id='word_1_193' title='bbox 568 2109 749 2183; x_wconf 85' lang='lat' dir='ltr'>scripturae</span> <span class='ocrx_word' id='word_1_194' title='bbox 763 2107 892 2168; x_wconf 91' lang='lat' dir='ltr'>intelli-</span> 
     </span>
     <span class='ocr_line' id='line_1_19' title="bbox 95 2204 890 2281; baseline 0.003 -18"><span class='ocrx_word' id='word_1_195' title='bbox 95 2204 256 2279; x_wconf 81' lang='lat' dir='ltr'>gentiam,</span> <span class='ocrx_word' id='word_1_196' title='bbox 274 2218 340 2264; x_wconf 91' lang='lat' dir='ltr'>nou</span> <span class='ocrx_word' id='word_1_197' title='bbox 360 2205 471 2264; x_wconf 89' lang='lat' dir='ltr'>tamen</span> <span class='ocrx_word' id='word_1_198' title='bbox 489 2220 548 2280; x_wconf 91' lang='lat' dir='ltr'>per</span> <span class='ocrx_word' id='word_1_199' title='bbox 567 2204 890 2281; x_wconf 85' lang='lat' dir='ltr'>contemplationem,</span> 
     </span>
     <span class='ocr_line' id='line_1_20' title="bbox 94 2299 891 2378; baseline 0 -16"><span class='ocrx_word' id='word_1_200' title='bbox 94 2300 148 2362; x_wconf 81' lang='lat' dir='ltr'>rel</span> <span class='ocrx_word' id='word_1_201' title='bbox 175 2300 407 2376; x_wconf 88' lang='lat' dir='ltr'>operationem</span> <span class='ocrx_word' id='word_1_202' title='bbox 431 2299 563 2362; x_wconf 88' lang='lat' dir='ltr'>bonam.</span> <span class='ocrx_word' id='word_1_203' title='bbox 588 2319 607 2361; x_wconf 75' lang='lat' dir='ltr'>c</span> <span class='ocrx_word' id='word_1_204' title='bbox 629 2302 810 2362; x_wconf 89' lang='lat' dir='ltr'>Considera</span> <span class='ocrx_word' id='word_1_205' title='bbox 832 2316 891 2378; x_wconf 91' lang='lat' dir='ltr'>pro</span> 
     </span>
     <span class='ocr_line' id='line_1_21' title="bbox 96 2397 892 2475; baseline 0.003 -18"><span class='ocrx_word' id='word_1_206' title='bbox 96 2397 161 2465; x_wconf 91' lang='lat' dir='ltr'>his,</span> <span class='ocrx_word' id='word_1_207' title='bbox 177 2397 235 2474; x_wconf 89' lang='lat' dir='ltr'>qni</span> <span class='ocrx_word' id='word_1_208' title='bbox 251 2397 371 2458; x_wconf 90' lang='lat' dir='ltr'>mortui</span> <span class='ocrx_word' id='word_1_209' title='bbox 387 2400 499 2472; x_wconf 79' lang='lat' dir='ltr'>sunt»;</span> <span class='ocrx_word' id='word_1_210' title='bbox 517 2399 624 2475; x_wconf 88' lang='lat' dir='ltr'>quasi,</span> <span class='ocrx_word' id='word_1_211' title='bbox 641 2398 816 2460; x_wconf 90' lang='lat' dir='ltr'>considera</span> <span class='ocrx_word' id='word_1_212' title='bbox 827 2415 892 2475; x_wconf 89' lang='lat' dir='ltr'>poe·</span> 
     </span>
     <span class='ocr_line' id='line_1_22' title="bbox 96 2494 891 2573; baseline 0.004 -19"><span class='ocrx_word' id='word_1_213' title='bbox 96 2509 157 2555; x_wconf 89' lang='lat' dir='ltr'>nas</span> <span class='ocrx_word' id='word_1_214' title='bbox 184 2494 245 2554; x_wconf 92' lang='lat' dir='ltr'>tibi</span> <span class='ocrx_word' id='word_1_215' title='bbox 269 2494 481 2557; x_wconf 86' lang='lat' dir='ltr'>imminentes</span> <span class='ocrx_word' id='word_1_216' title='bbox 505 2511 565 2571; x_wconf 92' lang='lat' dir='ltr'>pro</span> <span class='ocrx_word' id='word_1_217' title='bbox 588 2495 667 2568; x_wconf 94' lang='lat' dir='ltr'>illis,</span> <span class='ocrx_word' id='word_1_218' title='bbox 683 2497 739 2573; x_wconf 90' lang='lat' dir='ltr'>qui</span> <span class='ocrx_word' id='word_1_219' title='bbox 755 2496 796 2557; x_wconf 93' lang='lat' dir='ltr'>ad</span> <span class='ocrx_word' id='word_1_220' title='bbox 810 2513 891 2572; x_wconf 90' lang='lat' dir='ltr'>pra-</span> 
     </span>
     <span class='ocr_line' id='line_1_23' title="bbox 95 2592 889 2667; baseline 0.001 -14"><span class='ocrx_word' id='word_1_221' title='bbox 95 2607 173 2653; x_wconf 77' lang='lat' dir='ltr'>tum</span> <span class='ocrx_word' id='word_1_222' title='bbox 195 2592 384 2667; x_wconf 77' lang='lat' dir='ltr'>exemplum</span> <span class='ocrx_word' id='word_1_223' title='bbox 408 2593 638 2653; x_wconf 89' lang='lat' dir='ltr'>tuummortui</span> <span class='ocrx_word' id='word_1_224' title='bbox 660 2596 749 2665; x_wconf 86' lang='lat' dir='ltr'>sunt,</span> <span class='ocrx_word' id='word_1_225' title='bbox 766 2609 839 2653; x_wconf 90' lang='lat' dir='ltr'>cum</span> <span class='ocrx_word' id='word_1_226' title='bbox 855 2594 889 2654; x_wconf 94' lang='lat' dir='ltr'>in</span> 
     </span>
     <span class='ocr_line' id='line_1_24' title="bbox 96 2688 888 2766; baseline 0.003 -18"><span class='ocrx_word' id='word_1_227' title='bbox 96 2688 232 2749; x_wconf 85' lang='lat' dir='ltr'>excelso</span> <span class='ocrx_word' id='word_1_228' title='bbox 248 2688 333 2749; x_wconf 86' lang='lat' dir='ltr'>solio</span> <span class='ocrx_word' id='word_1_229' title='bbox 350 2691 382 2748; x_wconf 91' lang='lat' dir='ltr'>te</span> <span class='ocrx_word' id='word_1_230' title='bbox 397 2688 549 2749; x_wconf 86' lang='lat' dir='ltr'>viderent</span> <span class='ocrx_word' id='word_1_231' title='bbox 568 2691 682 2751; x_wconf 86' lang='lat' dir='ltr'>contra</span> <span class='ocrx_word' id='word_1_232' title='bbox 697 2690 755 2750; x_wconf 83' lang='lat' dir='ltr'>liei</span> <span class='ocrx_word' id='word_1_233' title='bbox 770 2691 888 2766; x_wconf 87' lang='lat' dir='ltr'>legem,</span> 
     </span>
     <span class='ocr_line' id='line_1_25' title="bbox 25 2784 890 2859; baseline 0.005 -15"><span class='ocrx_word' id='word_1_234' title='bbox 25 2850 26 2853; x_wconf 8' lang='grc' dir='ltr'><strong>Ἴ</strong></span> <span class='ocrx_word' id='word_1_235' title='bbox 97 2786 130 2845; x_wconf 91' lang='lat' dir='ltr'>et</span> <span class='ocrx_word' id='word_1_236' title='bbox 147 2784 315 2859; x_wconf 84' lang='lat' dir='ltr'>justitiam</span> <span class='ocrx_word' id='word_1_237' title='bbox 337 2784 527 2856; x_wconf 83' lang='lat' dir='ltr'>facientem,</span> <span class='ocrx_word' id='word_1_238' title='bbox 553 2785 645 2846; x_wconf 90' lang='lat' dir='ltr'>ethi</span> <span class='ocrx_word' id='word_1_239' title='bbox 669 2785 804 2848; x_wconf 87' lang='lat' dir='ltr'>fuerunt</span> <span class='ocrx_word' id='word_1_240' title='bbox 822 2800 890 2847; x_wconf 89' lang='lat' dir='ltr'>non</span> 
     </span>
     <span class='ocr_line' id='line_1_26' title="bbox 97 2880 889 2960; baseline 0.004 -20"><span class='ocrx_word' id='word_1_241' title='bbox 97 2880 310 2958; x_wconf 85' lang='lat' dir='ltr'>quicumque,</span> <span class='ocrx_word' id='word_1_242' title='bbox 334 2881 392 2942; x_wconf 90' lang='lat' dir='ltr'>sed</span> <span class='ocrx_word' id='word_1_243' title='bbox 416 2881 544 2958; x_wconf 73' lang='lat' dir='ltr'>inclyti.</span> <span class='ocrx_word' id='word_1_244' title='bbox 570 2883 689 2960; x_wconf 65' lang='lat' dir='ltr'>incip-ti</span> <span class='ocrx_word' id='word_1_245' title='bbox 714 2886 791 2945; x_wconf 88' lang='lat' dir='ltr'>sunt</span> <span class='ocrx_word' id='word_1_246' title='bbox 825 2885 889 2946; x_wconf 82' lang='lat' dir='ltr'>viri</span> 
     </span>
     <span class='ocr_line' id='line_1_27' title="bbox 93 2978 891 3056; baseline 0.004 -17"><span class='ocrx_word' id='word_1_247' title='bbox 93 2979 187 3052; x_wconf 88' lang='lat' dir='ltr'>justi,</span> <span class='ocrx_word' id='word_1_248' title='bbox 205 2980 239 3039; x_wconf 91' lang='lat' dir='ltr'>et</span> <span class='ocrx_word' id='word_1_249' title='bbox 251 2978 364 3039; x_wconf 88' lang='lat' dir='ltr'>fideles</span> <span class='ocrx_word' id='word_1_250' title='bbox 381 2979 421 3039; x_wconf 92' lang='lat' dir='ltr'>de</span> <span class='ocrx_word' id='word_1_251' title='bbox 435 2978 594 3051; x_wconf 82' lang='lat' dir='ltr'>Ecclesia,</span> <span class='ocrx_word' id='word_1_252' title='bbox 609 2980 666 3056; x_wconf 93' lang='lat' dir='ltr'>qui</span> <span class='ocrx_word' id='word_1_253' title='bbox 681 2980 891 3042; x_wconf 86' lang='lat' dir='ltr'>interficiun-</span> 
     </span>
     <span class='ocr_line' id='line_1_28' title="bbox 97 3075 893 3156; baseline 0.004 -20"><span class='ocrx_word' id='word_1_254' title='bbox 97 3078 152 3137; x_wconf 92' lang='lat' dir='ltr'>tur</span> <span class='ocrx_word' id='word_1_255' title='bbox 166 3090 269 3151; x_wconf 84' lang='lat' dir='ltr'>snper</span> <span class='ocrx_word' id='word_1_256' title='bbox 282 3077 421 3147; x_wconf 87' lang='lat' dir='ltr'>montes,</span> <span class='ocrx_word' id='word_1_257' title='bbox 439 3075 523 3138; x_wconf 88' lang='lat' dir='ltr'>idest</span> <span class='ocrx_word' id='word_1_258' title='bbox 534 3091 634 3152; x_wconf 90' lang='lat' dir='ltr'>super</span> <span class='ocrx_word' id='word_1_259' title='bbox 649 3077 804 3153; x_wconf 85' lang='lat' dir='ltr'>praelatos</span> <span class='ocrx_word' id='word_1_260' title='bbox 817 3095 893 3156; x_wconf 74' lang='lat' dir='ltr'>ope</span> 
     </span>
     <span class='ocr_line' id='line_1_29' title="bbox 97 3172 889 3251; baseline 0.004 -18"><span class='ocrx_word' id='word_1_261' title='bbox 97 3173 191 3233; x_wconf 89' lang='lat' dir='ltr'>ribus</span> <span class='ocrx_word' id='word_1_262' title='bbox 209 3172 280 3232; x_wconf 90' lang='lat' dir='ltr'>suis</span> <span class='ocrx_word' id='word_1_263' title='bbox 298 3174 422 3249; x_wconf 83' lang='lat' dir='ltr'>pravis.</span> <span class='ocrx_word' id='word_1_264' title='bbox 446 3176 485 3235; x_wconf 86' lang='lat' dir='ltr'>Et</span> <span class='ocrx_word' id='word_1_265' title='bbox 508 3174 659 3251; x_wconf 87' lang='lat' dir='ltr'>sequitur</span> <span class='ocrx_word' id='word_1_266' title='bbox 673 3173 809 3235; x_wconf 83' lang='lat' dir='ltr'>verbum</span> <span class='ocrx_word' id='word_1_267' title='bbox 825 3191 889 3236; x_wconf 91' lang='lat' dir='ltr'>no-</span> 
     </span>
     <span class='ocr_line' id='line_1_30' title="bbox 97 3270 889 3341; baseline 0 -9"><span class='ocrx_word' id='word_1_268' title='bbox 97 3270 199 3332; x_wconf 88' lang='lat' dir='ltr'>tabile</span> <span class='ocrx_word' id='word_1_269' title='bbox 216 3291 223 3328; x_wconf 92' lang='lat'>:</span> <span class='ocrx_word' id='word_1_270' title='bbox 240 3287 259 3329; x_wconf 77' lang='lat' dir='ltr'>c</span> <span class='ocrx_word' id='word_1_271' title='bbox 279 3271 447 3341; x_wconf 88' lang='lat' dir='ltr'>Quomodo</span> <span class='ocrx_word' id='word_1_272' title='bbox 474 3271 667 3332; x_wconf 89' lang='lat' dir='ltr'>ceciderunt</span> <span class='ocrx_word' id='word_1_273' title='bbox 689 3270 791 3332; x_wconf 90' lang='lat' dir='ltr'>fortes</span> <span class='ocrx_word' id='word_1_274' title='bbox 806 3289 824 3331; x_wconf 75' lang='lat' dir='ltr'>s</span> <span class='ocrx_word' id='word_1_275' title='bbox 837 3275 889 3333; x_wconf 90' lang='lat' dir='ltr'>Is-</span> 
     </span>
     <span class='ocr_line' id='line_1_31' title="bbox 97 3367 888 3445; baseline 0.003 -17"><span class='ocrx_word' id='word_1_276' title='bbox 97 3368 178 3439; x_wconf 88' lang='lat' dir='ltr'>rael,</span> <span class='ocrx_word' id='word_1_277' title='bbox 197 3367 285 3428; x_wconf 82' lang='lat' dir='ltr'>idest</span> <span class='ocrx_word' id='word_1_278' title='bbox 300 3367 441 3443; x_wconf 87' lang='lat' dir='ltr'>praelati,</span> <span class='ocrx_word' id='word_1_279' title='bbox 459 3368 515 3445; x_wconf 93' lang='lat' dir='ltr'>qui</span> <span class='ocrx_word' id='word_1_280' title='bbox 532 3368 696 3444; x_wconf 91' lang='lat' dir='ltr'>quomodo</span> <span class='ocrx_word' id='word_1_281' title='bbox 716 3371 888 3441; x_wconf 89' lang='lat' dir='ltr'>corruant,</span> 
     </span>
     <span class='ocr_line' id='line_1_32' title="bbox 98 3463 889 3542; baseline 0.001 -17"><span class='ocrx_word' id='word_1_282' title='bbox 98 3481 164 3526; x_wconf 92' lang='lat' dir='ltr'>nen</span> <span class='ocrx_word' id='word_1_283' title='bbox 179 3463 338 3525; x_wconf 88' lang='lat' dir='ltr'>debemus</span> <span class='ocrx_word' id='word_1_284' title='bbox 353 3466 560 3526; x_wconf 89' lang='lat' dir='ltr'>annunciare</span> <span class='ocrx_word' id='word_1_285' title='bbox 574 3468 611 3526; x_wconf 84' lang='lat' dir='ltr'>tn</span> <span class='ocrx_word' id='word_1_286' title='bbox 626 3469 717 3536; x_wconf 79' lang='lat' dir='ltr'>Geth,</span> <span class='ocrx_word' id='word_1_287' title='bbox 733 3467 819 3542; x_wconf 92' lang='lat' dir='ltr'>quod</span> <span class='ocrx_word' id='word_1_288' title='bbox 834 3467 889 3526; x_wconf 92' lang='lat' dir='ltr'>in-</span> 
     </span>
     <span class='ocr_line' id='line_1_33' title="bbox 61 3557 890 3636; baseline 0.005 -15"><span class='ocrx_word' id='word_1_289' title='bbox 61 3557 68 3572; x_wconf 91' lang='lat'>&#39;</span> <span class='ocrx_word' id='word_1_290' title='bbox 97 3562 301 3636; x_wconf 88' lang='lat' dir='ltr'>terpretatur</span> <span class='ocrx_word' id='word_1_291' title='bbox 314 3560 479 3635; x_wconf 77' lang='lat' dir='ltr'>torcular3</span> <span class='ocrx_word' id='word_1_292' title='bbox 497 3562 559 3623; x_wconf 89' lang='lat' dir='ltr'>boc</span> <span class='ocrx_word' id='word_1_293' title='bbox 576 3568 625 3624; x_wconf 91' lang='lat' dir='ltr'>est</span> <span class='ocrx_word' id='word_1_294' title='bbox 641 3578 753 3624; x_wconf 88' lang='lat' dir='ltr'>coram</span> <span class='ocrx_word' id='word_1_295' title='bbox 773 3562 890 3625; x_wconf 86' lang='lat' dir='ltr'>diviti·</span> 
     </span>
     <span class='ocr_line' id='line_1_34' title="bbox 98 3657 891 3737; baseline 0.004 -19"><span class='ocrx_word' id='word_1_296' title='bbox 98 3658 169 3730; x_wconf 86' lang='lat' dir='ltr'>bus,</span> <span class='ocrx_word' id='word_1_297' title='bbox 188 3657 425 3733; x_wconf 88' lang='lat' dir='ltr'>etpotentibus</span> <span class='ocrx_word' id='word_1_298' title='bbox 448 3659 548 3735; x_wconf 87' lang='lat' dir='ltr'>hujus</span> <span class='ocrx_word' id='word_1_299' title='bbox 570 3659 697 3731; x_wconf 85' lang='lat' dir='ltr'>saeculi,</span> <span class='ocrx_word' id='word_1_300' title='bbox 721 3661 778 3737; x_wconf 93' lang='lat' dir='ltr'>qui</span> <span class='ocrx_word' id='word_1_301' title='bbox 805 3661 891 3721; x_wconf 87' lang='lat' dir='ltr'>divi-</span> 
     </span>
     <span class='ocr_line' id='line_1_35' title="bbox 99 3756 892 3831; baseline 0.003 -15"><span class='ocrx_word' id='word_1_302' title='bbox 99 3756 160 3816; x_wconf 89' lang='lat' dir='ltr'>tias</span> <span class='ocrx_word' id='word_1_303' title='bbox 184 3756 384 3830; x_wconf 78' lang='lat' dir='ltr'>extorquent</span> <span class='ocrx_word' id='word_1_304' title='bbox 410 3771 603 3831; x_wconf 88' lang='lat' dir='ltr'>pauperum,</span> <span class='ocrx_word' id='word_1_305' title='bbox 630 3758 717 3818; x_wconf 89' lang='lat' dir='ltr'>sicut</span> <span class='ocrx_word' id='word_1_306' title='bbox 744 3757 892 3818; x_wconf 87' lang='lat' dir='ltr'>torcular</span> 
     </span>
     <span class='ocr_line' id='line_1_36' title="bbox 98 3851 890 3929; baseline 0.005 -16"><span class='ocrx_word' id='word_1_307' title='bbox 98 3854 222 3913; x_wconf 80' lang='lat' dir='ltr'>riuum.</span> <span class='ocrx_word' id='word_1_308' title='bbox 246 3851 307 3912; x_wconf 79' lang='lat' dir='ltr'>Vel</span> <span class='ocrx_word' id='word_1_309' title='bbox 332 3874 339 3910; x_wconf 93' lang='lat'><strong>:</strong></span> <span class='ocrx_word' id='word_1_310' title='bbox 360 3855 474 3914; x_wconf 81' lang='lat' dir='ltr'>Nolite</span> <span class='ocrx_word' id='word_1_311' title='bbox 496 3858 712 3916; x_wconf 66' lang='lat' dir='ltr'>crescencium</span> <span class='ocrx_word' id='word_1_312' title='bbox 737 3858 775 3916; x_wconf 80' lang='lat' dir='ltr'>to</span> <span class='ocrx_word' id='word_1_313' title='bbox 789 3858 890 3929; x_wconf 60' lang='lat' dir='ltr'>Geth·</span> 
     </span>
     <span class='ocr_line' id='line_1_37' title="bbox 98 3949 891 4028; baseline 0.005 -19"><span class='ocrx_word' id='word_1_314' title='bbox 98 3951 192 4027; x_wconf 88' lang='lat' dir='ltr'>quasi</span> <span class='ocrx_word' id='word_1_315' title='bbox 207 3949 299 4020; x_wconf 85' lang='lat' dir='ltr'>dicat</span> <span class='ocrx_word' id='word_1_316' title='bbox 315 3951 366 4009; x_wconf 85' lang='lat'>:0</span> <span class='ocrx_word' id='word_1_317' title='bbox 388 3965 448 4010; x_wconf 78' lang='lat' dir='ltr'>ros</span> <span class='ocrx_word' id='word_1_318' title='bbox 470 3950 611 4024; x_wconf 87' lang='lat' dir='ltr'>praelati,</span> <span class='ocrx_word' id='word_1_319' title='bbox 637 3952 739 4013; x_wconf 92' lang='lat' dir='ltr'>nolite</span> <span class='ocrx_word' id='word_1_320' title='bbox 759 3950 891 4028; x_wconf 90' lang='lat' dir='ltr'>publice</span> 
     </span>
     <span class='ocr_line' id='line_1_38' title="bbox 99 4044 891 4122; baseline 0.003 -16"><span class='ocrx_word' id='word_1_321' title='bbox 99 4060 248 4122; x_wconf 89' lang='lat' dir='ltr'>peccare,</span> <span class='ocrx_word' id='word_1_322' title='bbox 265 4045 312 4106; x_wconf 90' lang='lat' dir='ltr'>ita</span> <span class='ocrx_word' id='word_1_323' title='bbox 326 4044 412 4120; x_wconf 89' lang='lat' dir='ltr'>quod</span> <span class='ocrx_word' id='word_1_324' title='bbox 426 4047 538 4120; x_wconf 88' lang='lat' dir='ltr'>pateat</span> <span class='ocrx_word' id='word_1_325' title='bbox 553 4047 741 4122; x_wconf 91' lang='lat' dir='ltr'>potentibus</span> <span class='ocrx_word' id='word_1_326' title='bbox 758 4068 765 4107; x_wconf 92' lang='lat'><strong>:</strong></span> <span class='ocrx_word' id='word_1_327' title='bbox 783 4051 891 4109; x_wconf 68' lang='lat' dir='ltr'>precia</span> 
     </span>
     <span class='ocr_line' id='line_1_39' title="bbox 97 4141 891 4220; baseline 0.003 -17"><span class='ocrx_word' id='word_1_328' title='bbox 97 4143 255 4216; x_wconf 80' lang='lat' dir='ltr'>compitis</span> <span class='ocrx_word' id='word_1_329' title='bbox 263 4145 453 4215; x_wconf 77' lang='lat' dir='ltr'>Ascalonia,</span> <span class='ocrx_word' id='word_1_330' title='bbox 470 4141 533 4202; x_wconf 92' lang='lat' dir='ltr'>hoc</span> <span class='ocrx_word' id='word_1_331' title='bbox 553 4145 604 4203; x_wconf 89' lang='lat' dir='ltr'>est</span> <span class='ocrx_word' id='word_1_332' title='bbox 616 4157 728 4203; x_wconf 88' lang='lat' dir='ltr'>coram</span> <span class='ocrx_word' id='word_1_333' title='bbox 744 4143 891 4220; x_wconf 93' lang='lat' dir='ltr'>quolibet</span> 
     </span>
     <span class='ocr_line' id='line_1_40' title="bbox 98 4238 890 4317; baseline 0.003 -17"><span class='ocrx_word' id='word_1_334' title='bbox 98 4241 284 4316; x_wconf 86' lang='lat' dir='ltr'>peccatore.</span> <span class='ocrx_word' id='word_1_335' title='bbox 296 4238 438 4300; x_wconf 81' lang='lat' dir='ltr'>Ascalon</span> <span class='ocrx_word' id='word_1_336' title='bbox 450 4239 538 4299; x_wconf 92' lang='lat' dir='ltr'>enim</span> <span class='ocrx_word' id='word_1_337' title='bbox 550 4239 789 4316; x_wconf 88' lang='lat' dir='ltr'>interpretatur</span> <span class='ocrx_word' id='word_1_338' title='bbox 803 4239 890 4317; x_wconf 89' lang='lat' dir='ltr'>ignis</span> 
     </span>
     <span class='ocr_line' id='line_1_41' title="bbox 97 4336 889 4413; baseline 0.004 -17"><span class='ocrx_word' id='word_1_339' title='bbox 97 4337 274 4409; x_wconf 88' lang='lat' dir='ltr'>homicida,</span> <span class='ocrx_word' id='word_1_340' title='bbox 293 4352 352 4412; x_wconf 92' lang='lat' dir='ltr'>per</span> <span class='ocrx_word' id='word_1_341' title='bbox 365 4337 450 4413; x_wconf 92' lang='lat' dir='ltr'>quod</span> <span class='ocrx_word' id='word_1_342' title='bbox 467 4336 667 4412; x_wconf 82' lang='lat' dir='ltr'>intelligitur</span> <span class='ocrx_word' id='word_1_343' title='bbox 683 4339 770 4413; x_wconf 90' lang='lat' dir='ltr'>ignis</span> <span class='ocrx_word' id='word_1_344' title='bbox 787 4340 889 4399; x_wconf 79' lang='lat' dir='ltr'>luxu·</span> 
     </span>
     <span class='ocr_line' id='line_1_42' title="bbox 98 4433 892 4505; baseline 0.004 -12"><span class='ocrx_word' id='word_1_345' title='bbox 98 4434 167 4505; x_wconf 86' lang='lat' dir='ltr'>riae,</span> <span class='ocrx_word' id='word_1_346' title='bbox 191 4437 225 4495; x_wconf 91' lang='lat' dir='ltr'>et</span> <span class='ocrx_word' id='word_1_347' title='bbox 245 4434 409 4505; x_wconf 87' lang='lat' dir='ltr'>avaritiae,</span> <span class='ocrx_word' id='word_1_348' title='bbox 431 4434 485 4494; x_wconf 78' lang='lat' dir='ltr'>rel</span> <span class='ocrx_word' id='word_1_349' title='bbox 506 4433 645 4495; x_wconf 89' lang='lat' dir='ltr'>alterius</span> <span class='ocrx_word' id='word_1_350' title='bbox 665 4435 737 4498; x_wconf 82' lang='lat' dir='ltr'>vitii</span> <span class='ocrx_word' id='word_1_351' title='bbox 762 4436 892 4498; x_wconf 87' lang='lat' dir='ltr'>interli-</span> 
     </span>
     <span class='ocr_line' id='line_1_43' title="bbox 98 4530 892 4596; baseline 0.005 -6"><span class='ocrx_word' id='word_1_352' title='bbox 98 4531 217 4593; x_wconf 90' lang='lat' dir='ltr'>cientis</span> <span class='ocrx_word' id='word_1_353' title='bbox 238 4532 384 4592; x_wconf 87' lang='lat' dir='ltr'>animam</span> <span class='ocrx_word' id='word_1_354' title='bbox 405 4530 561 4592; x_wconf 89' lang='lat' dir='ltr'>hominis.</span> <span class='ocrx_word' id='word_1_355' title='bbox 587 4532 647 4592; x_wconf 85' lang='lat' dir='ltr'>Vel</span> <span class='ocrx_word' id='word_1_356' title='bbox 665 4553 672 4592; x_wconf 94' lang='lat'><strong>:</strong></span> <span class='ocrx_word' id='word_1_357' title='bbox 693 4534 806 4596; x_wconf 80' lang='lat' dir='ltr'>Nolite</span> <span class='ocrx_word' id='word_1_358' title='bbox 826 4549 892 4595; x_wconf 83' lang='lat' dir='ltr'>an-</span> 
     </span>
     <span class='ocr_line' id='line_1_44' title="bbox 96 4629 891 4705; baseline 0.003 -17"><span class='ocrx_word' id='word_1_359' title='bbox 96 4631 315 4691; x_wconf 72' lang='lat' dir='ltr'>caracterem</span> <span class='ocrx_word' id='word_1_360' title='bbox 331 4630 432 4700; x_wconf 59' lang='lat' dir='ltr'>Gallu</span> <span class='ocrx_word' id='word_1_361' title='bbox 448 4630 544 4705; x_wconf 89' lang='lat' dir='ltr'>quasi</span> <span class='ocrx_word' id='word_1_362' title='bbox 559 4629 648 4690; x_wconf 89' lang='lat' dir='ltr'>dicat</span> <span class='ocrx_word' id='word_1_363' title='bbox 665 4651 673 4690; x_wconf 74' lang='grc' dir='ltr'><strong><em>ε</em></strong></span> <span class='ocrx_word' id='word_1_364' title='bbox 689 4632 763 4690; x_wconf 91' lang='lat' dir='ltr'>Non</span> <span class='ocrx_word' id='word_1_365' title='bbox 779 4630 891 4692; x_wconf 86' lang='lat' dir='ltr'>divul-</span> 
     </span>
     <span class='ocr_line' id='line_1_45' title="bbox 97 4724 889 4804; baseline 0.004 -20"><span class='ocrx_word' id='word_1_366' title='bbox 97 4725 180 4799; x_wconf 89' lang='lat' dir='ltr'>getis</span> <span class='ocrx_word' id='word_1_367' title='bbox 194 4725 333 4802; x_wconf 88' lang='lat' dir='ltr'>peccata</span> <span class='ocrx_word' id='word_1_368' title='bbox 347 4725 460 4786; x_wconf 82' lang='lat' dir='ltr'>vestra</span> <span class='ocrx_word' id='word_1_369' title='bbox 473 4724 672 4800; x_wconf 86' lang='lat' dir='ltr'>potentibus,</span> <span class='ocrx_word' id='word_1_370' title='bbox 687 4727 719 4788; x_wconf 93' lang='lat' dir='ltr'>et</span> <span class='ocrx_word' id='word_1_371' title='bbox 732 4726 819 4798; x_wconf 89' lang='lat' dir='ltr'>aliis,</span> <span class='ocrx_word' id='word_1_372' title='bbox 832 4727 889 4804; x_wconf 90' lang='lat' dir='ltr'>qui</span> 
     </span>
     <span class='ocr_line' id='line_1_46' title="bbox 96 4821 890 4898; baseline 0.004 -16"><span class='ocrx_word' id='word_1_373' title='bbox 96 4825 154 4896; x_wconf 83' lang='lat' dir='ltr'>per</span> <span class='ocrx_word' id='word_1_374' title='bbox 188 4822 345 4882; x_wconf 87' lang='lat' dir='ltr'>ardorem</span> <span class='ocrx_word' id='word_1_375' title='bbox 374 4821 561 4898; x_wconf 90' lang='lat' dir='ltr'>iniquitatis</span> <span class='ocrx_word' id='word_1_376' title='bbox 589 4822 721 4883; x_wconf 89' lang='lat' dir='ltr'>accensi</span> <span class='ocrx_word' id='word_1_377' title='bbox 757 4839 816 4892; x_wconf 88' lang='lat' dir='ltr'>se,</span> <span class='ocrx_word' id='word_1_378' title='bbox 857 4826 890 4885; x_wconf 89' lang='lat' dir='ltr'>et</span> 
     </span>
     <span class='ocr_line' id='line_1_47' title="bbox 96 4917 886 4997; baseline 0.003 -19"><span class='ocrx_word' id='word_1_379' title='bbox 96 4917 180 4980; x_wconf 86' lang='lat' dir='ltr'>alios</span> <span class='ocrx_word' id='word_1_380' title='bbox 197 4917 390 4979; x_wconf 84' lang='lat' dir='ltr'>interlicere</span> <span class='ocrx_word' id='word_1_381' title='bbox 405 4933 471 4977; x_wconf 92' lang='lat' dir='ltr'>nou</span> <span class='ocrx_word' id='word_1_382' title='bbox 488 4920 656 4979; x_wconf 88' lang='lat' dir='ltr'>verentur.</span> <span class='ocrx_word' id='word_1_383' title='bbox 672 4922 711 4980; x_wconf 81' lang='lat' dir='ltr'>nt</span> <span class='ocrx_word' id='word_1_384' title='bbox 725 4920 886 4997; x_wconf 89' lang='lat' dir='ltr'>seqnitur,</span> 
     </span>
     <span class='ocr_line' id='line_1_48' title="bbox 96 5014 890 5092; baseline 0.003 -16"><span class='ocrx_word' id='word_1_385' title='bbox 96 5031 199 5092; x_wconf 90' lang='lat' dir='ltr'>quare</span> <span class='ocrx_word' id='word_1_386' title='bbox 211 5031 282 5076; x_wconf 91' lang='lat' dir='ltr'>non·</span> <span class='ocrx_word' id='word_1_387' title='bbox 293 5014 413 5076; x_wconf 89' lang='lat' dir='ltr'>debent</span> <span class='ocrx_word' id='word_1_388' title='bbox 426 5015 565 5090; x_wconf 76' lang='lat' dir='ltr'>vulgare</span> <span class='ocrx_word' id='word_1_389' title='bbox 582 5037 589 5074; x_wconf 94' lang='lat'><strong>:</strong></span> <span class='ocrx_word' id='word_1_390' title='bbox 604 5017 654 5076; x_wconf 91' lang='lat' dir='ltr'>Ne</span> <span class='ocrx_word' id='word_1_391' title='bbox 669 5016 798 5078; x_wconf 86' lang='lat' dir='ltr'>scilicet</span> <span class='ocrx_word' id='word_1_392' title='bbox 810 5018 890 5078; x_wconf 74' lang='lat' dir='ltr'>‹lm-</span> 
     </span>
     <span class='ocr_line' id='line_1_49' title="bbox 95 5109 890 5185; baseline 0.003 -11"><span class='ocrx_word' id='word_1_393' title='bbox 95 5115 207 5176; x_wconf 87' lang='lat' dir='ltr'>tentur</span> <span class='ocrx_word' id='word_1_394' title='bbox 218 5113 297 5173; x_wconf 92' lang='lat' dir='ltr'>inde</span> <span class='ocrx_word' id='word_1_395' title='bbox 310 5109 389 5173; x_wconf 80' lang='lat' dir='ltr'>bliae</span> <span class='ocrx_word' id='word_1_396' title='bbox 405 5112 682 5173; x_wconf 86' lang='lat' dir='ltr'>Philisthinorum</span> <span class='ocrx_word' id='word_1_397' title='bbox 696 5131 724 5185; x_wconf 88' lang='lat'>&gt;›,</span> <span class='ocrx_word' id='word_1_398' title='bbox 742 5115 822 5174; x_wconf 91' lang='lat' dir='ltr'>mali</span> <span class='ocrx_word' id='word_1_399' title='bbox 837 5115 890 5176; x_wconf 85' lang='lat' dir='ltr'>vi-</span> 
     </span>
    </p>
   </div>
   <div class='ocr_carea' id='block_1_5' title="bbox 95 5279 889 5775">
    <p class='ocr_par' dir='ltr' id='par_1_5' title="bbox 129 5279 445 5353">
     <span class='ocr_line' id='line_1_50' title="bbox 129 5279 445 5353; baseline -0.003 -17"><span class='ocrx_word' id='word_1_400' title='bbox 129 5283 169 5352; x_wconf 86' lang='lat' dir='ltr'>(l)</span> <span class='ocrx_word' id='word_1_401' title='bbox 190 5280 277 5353; x_wconf 76' lang='lat' dir='ltr'>vulg.</span> <span class='ocrx_word' id='word_1_402' title='bbox 296 5279 445 5336; x_wconf 80' lang='lat' dir='ltr'>:veniant</span> 
     </span>
    </p>

    <p class='ocr_par' dir='ltr' id='par_1_6' title="bbox 95 5349 889 5775">
     <span class='ocr_line' id='line_1_51' title="bbox 129 5349 887 5424; baseline 0 -15"><span class='ocrx_word' id='word_1_403' title='bbox 129 5353 170 5423; x_wconf 73' lang='lat'>(2)</span> <span class='ocrx_word' id='word_1_404' title='bbox 197 5351 346 5424; x_wconf 82' lang='lat' dir='ltr'>Sanguine</span> <span class='ocrx_word' id='word_1_405' title='bbox 367 5349 600 5413; x_wconf 79' lang='lat' dir='ltr'>interfectorum.</span> <span class='ocrx_word' id='word_1_406' title='bbox 628 5350 729 5408; x_wconf 90' lang='lat' dir='ltr'>Versio</span> <span class='ocrx_word' id='word_1_407' title='bbox 766 5351 887 5409; x_wconf 78' lang='lat' dir='ltr'>Arabica</span> 
     </span>
     <span class='ocr_line' id='line_1_52' title="bbox 95 5419 889 5495; baseline 0.003 -18"><span class='ocrx_word' id='word_1_408' title='bbox 95 5422 183 5495; x_wconf 89' lang='lat' dir='ltr'>legit:</span> <span class='ocrx_word' id='word_1_409' title='bbox 200 5445 211 5472; x_wconf 86' lang='lat'>‹</span> <span class='ocrx_word' id='word_1_410' title='bbox 230 5423 253 5479; x_wconf 91' lang='lat'>0</span> <span class='ocrx_word' id='word_1_411' title='bbox 267 5429 379 5477; x_wconf 86' lang='lat' dir='ltr'>montes</span> <span class='ocrx_word' id='word_1_412' title='bbox 393 5420 533 5478; x_wconf 75' lang='lat' dir='ltr'>Gallice...</span> <span class='ocrx_word' id='word_1_413' title='bbox 549 5421 685 5491; x_wconf 91' lang='lat' dir='ltr'>qnoniam</span> <span class='ocrx_word' id='word_1_414' title='bbox 698 5420 733 5476; x_wconf 88' lang='lat' dir='ltr'>ihi</span> <span class='ocrx_word' id='word_1_415' title='bbox 746 5419 833 5478; x_wconf 88' lang='lat' dir='ltr'>fracta</span> <span class='ocrx_word' id='word_1_416' title='bbox 845 5429 889 5480; x_wconf 90' lang='lat' dir='ltr'>est</span> 
     </span>
     <span class='ocr_line' id='line_1_53' title="bbox 95 5490 889 5565; baseline 0.004 -18"><span class='ocrx_word' id='word_1_417' title='bbox 95 5493 192 5550; x_wconf 87' lang='lat' dir='ltr'>lancea</span> <span class='ocrx_word' id='word_1_418' title='bbox 215 5496 379 5565; x_wconf 85' lang='lat' dir='ltr'>gigantum,</span> <span class='ocrx_word' id='word_1_419' title='bbox 399 5491 497 5547; x_wconf 89' lang='lat' dir='ltr'>lancea</span> <span class='ocrx_word' id='word_1_420' title='bbox 522 5491 625 5558; x_wconf 88' lang='lat' dir='ltr'>Saulis,</span> <span class='ocrx_word' id='word_1_421' title='bbox 648 5490 696 5562; x_wconf 92' lang='lat' dir='ltr'>qui</span> <span class='ocrx_word' id='word_1_422' title='bbox 711 5498 813 5548; x_wconf 84' lang='lat' dir='ltr'>unctus</span> <span class='ocrx_word' id='word_1_423' title='bbox 827 5501 889 5550; x_wconf 89' lang='lat' dir='ltr'>erat</span> 
     </span>
     <span class='ocr_line' id='line_1_54' title="bbox 96 5563 889 5635; baseline 0.004 -18"><span class='ocrx_word' id='word_1_424' title='bbox 96 5564 179 5620; x_wconf 90' lang='lat' dir='ltr'>oleo:</span> <span class='ocrx_word' id='word_1_425' title='bbox 197 5571 226 5619; x_wconf 87' lang='lat' dir='ltr'>et</span> <span class='ocrx_word' id='word_1_426' title='bbox 248 5563 363 5635; x_wconf 85' lang='lat' dir='ltr'>impleta</span> <span class='ocrx_word' id='word_1_427' title='bbox 383 5569 427 5619; x_wconf 86' lang='lat' dir='ltr'>est</span> <span class='ocrx_word' id='word_1_428' title='bbox 446 5569 520 5618; x_wconf 89' lang='lat' dir='ltr'>terra</span> <span class='ocrx_word' id='word_1_429' title='bbox 541 5570 634 5618; x_wconf 85' lang='lat' dir='ltr'>vestra</span> <span class='ocrx_word' id='word_1_430' title='bbox 648 5563 789 5635; x_wconf 86' lang='lat' dir='ltr'>sanguine</span> <span class='ocrx_word' id='word_1_431' title='bbox 803 5578 889 5620; x_wconf 82' lang='lat' dir='ltr'>caeso</span> 
     </span>
     <span class='ocr_line' id='line_1_55' title="bbox 96 5632 888 5714; baseline 0.001 -26"><span class='ocrx_word' id='word_1_432' title='bbox 96 5648 166 5700; x_wconf 89' lang='lat' dir='ltr'>rum,</span> <span class='ocrx_word' id='word_1_433' title='bbox 183 5641 213 5689; x_wconf 94' lang='lat' dir='ltr'>et</span> <span class='ocrx_word' id='word_1_434' title='bbox 226 5632 356 5705; x_wconf 85' lang='lat' dir='ltr'>adipibus</span> <span class='ocrx_word' id='word_1_435' title='bbox 370 5634 533 5706; x_wconf 87' lang='lat' dir='ltr'>gigantum.</span> <span class='ocrx_word' id='word_1_436' title='bbox 553 5653 564 5685; x_wconf 73' lang='lat' dir='ltr'>s</span> <span class='ocrx_word' id='word_1_437' title='bbox 588 5632 706 5700; x_wconf 85' lang='lat' dir='ltr'>Deinde,</span> <span class='ocrx_word' id='word_1_438' title='bbox 723 5641 831 5714; x_wconf 88' lang='lat' dir='ltr'>puncto</span> <span class='ocrx_word' id='word_1_439' title='bbox 849 5635 888 5690; x_wconf 91' lang='lat' dir='ltr'>in-</span> 
     </span>
     <span class='ocr_line' id='line_1_56' title="bbox 96 5702 887 5775; baseline 0.008 -15"><span class='ocrx_word' id='word_1_440' title='bbox 96 5703 222 5775; x_wconf 74' lang='lat' dir='ltr'>teriecto,</span> <span class='ocrx_word' id='word_1_441' title='bbox 240 5704 435 5775; x_wconf 81' lang='lat' dir='ltr'>prosequitur:</span> <span class='ocrx_word' id='word_1_442' title='bbox 452 5725 462 5752; x_wconf 85' lang='lat'>‹</span> <span class='ocrx_word' id='word_1_443' title='bbox 481 5702 746 5764; x_wconf 80' lang='lat' dir='ltr'>Arcostonathants</span> <span class='ocrx_word' id='word_1_444' title='bbox 759 5718 815 5762; x_wconf 92' lang='lat' dir='ltr'>non</span> <span class='ocrx_word' id='word_1_445' title='bbox 827 5712 887 5766; x_wconf 86' lang='lat' dir='ltr'>erat</span> 
     </span>
    </p>
   </div>
   <div class='ocr_carea' id='block_1_6' title="bbox 944 1718 1744 5191">
    <p class='ocr_par' dir='ltr' id='par_1_7' title="bbox 945 1718 1744 4304">
     <span class='ocr_line' id='line_1_57' title="bbox 947 1718 1741 1794; baseline -0.004 -15"><span class='ocrx_word' id='word_1_446' title='bbox 947 1733 1019 1779; x_wconf 91' lang='lat' dir='ltr'>ram</span> <span class='ocrx_word' id='word_1_447' title='bbox 1044 1718 1261 1780; x_wconf 85' lang='lat' dir='ltr'>saecularibus</span> <span class='ocrx_word' id='word_1_448' title='bbox 1284 1718 1479 1779; x_wconf 80' lang='lat' dir='ltr'>infamandi.</span> <span class='ocrx_word' id='word_1_449' title='bbox 1498 1718 1656 1794; x_wconf 84' lang='lat' dir='ltr'>Sequitur</span> <span class='ocrx_word' id='word_1_450' title='bbox 1674 1731 1741 1776; x_wconf 89' lang='lat' dir='ltr'>au-</span> 
     </span>
     <span class='ocr_line' id='line_1_58' title="bbox 948 1812 1744 1885; baseline -0.006 -8"><span class='ocrx_word' id='word_1_451' title='bbox 948 1817 1014 1877; x_wconf 91' lang='lat' dir='ltr'>tem</span> <span class='ocrx_word' id='word_1_452' title='bbox 1030 1816 1219 1877; x_wconf 88' lang='lat' dir='ltr'>maledictio</span> <span class='ocrx_word' id='word_1_453' title='bbox 1230 1817 1346 1878; x_wconf 89' lang='lat' dir='ltr'>contra</span> <span class='ocrx_word' id='word_1_454' title='bbox 1359 1815 1443 1876; x_wconf 88' lang='lat' dir='ltr'>tales</span> <span class='ocrx_word' id='word_1_455' title='bbox 1460 1816 1601 1885; x_wconf 88' lang='lat' dir='ltr'>montes,</span> <span class='ocrx_word' id='word_1_456' title='bbox 1618 1813 1674 1873; x_wconf 89' lang='lat' dir='ltr'>ubi</span> <span class='ocrx_word' id='word_1_457' title='bbox 1689 1812 1744 1873; x_wconf 92' lang='lat' dir='ltr'>di·</span> 
     </span>
     <span class='ocr_line' id='line_1_59' title="bbox 948 1909 1742 1988; baseline -0.003 -15"><span class='ocrx_word' id='word_1_458' title='bbox 948 1912 1035 1974; x_wconf 87' lang='lat' dir='ltr'>citur</span> <span class='ocrx_word' id='word_1_459' title='bbox 1056 1930 1065 1973; x_wconf 86' lang='lat'>:</span> <span class='ocrx_word' id='word_1_460' title='bbox 1090 1914 1160 1974; x_wconf 88' lang='lat' dir='ltr'>Nec</span> <span class='ocrx_word' id='word_1_461' title='bbox 1184 1928 1239 1973; x_wconf 87' lang='lat' dir='ltr'>ros</span> <span class='ocrx_word' id='word_1_462' title='bbox 1261 1913 1383 1974; x_wconf 80' lang='lat' dir='ltr'>divinae</span> <span class='ocrx_word' id='word_1_463' title='bbox 1398 1912 1527 1988; x_wconf 89' lang='lat' dir='ltr'>gratiae,</span> <span class='ocrx_word' id='word_1_464' title='bbox 1547 1927 1609 1971; x_wconf 90' lang='lat' dir='ltr'>nec</span> <span class='ocrx_word' id='word_1_465' title='bbox 1628 1909 1742 1986; x_wconf 83' lang='lat' dir='ltr'>pluvia</span> 
     </span>
     <span class='ocr_line' id='line_1_60' title="bbox 948 1992 1741 2085; baseline -0.004 -16"><span class='ocrx_word' id='word_1_466' title='bbox 948 2010 1138 2085; x_wconf 86' lang='lat' dir='ltr'>sapientiae,</span> <span class='ocrx_word' id='word_1_467' title='bbox 1162 2010 1215 2070; x_wconf 83' lang='lat' dir='ltr'>rel</span> <span class='ocrx_word' id='word_1_468' title='bbox 1235 2010 1395 2070; x_wconf 86' lang='lat' dir='ltr'>doctrinae</span> <span class='ocrx_word' id='word_1_469' title='bbox 1410 1992 1524 2070; x_wconf 81' lang='lat' dir='ltr'>veniat</span> <span class='ocrx_word' id='word_1_470' title='bbox 1546 2022 1647 2084; x_wconf 87' lang='lat' dir='ltr'>super</span> <span class='ocrx_word' id='word_1_471' title='bbox 1667 2022 1741 2079; x_wconf 87' lang='lat' dir='ltr'>vos,</span> 
     </span>
     <span class='ocr_line' id='line_1_61' title="bbox 947 2104 1742 2183; baseline -0.005 -16"><span class='ocrx_word' id='word_1_472' title='bbox 947 2122 1009 2167; x_wconf 91' lang='lat' dir='ltr'>nec</span> <span class='ocrx_word' id='word_1_473' title='bbox 1024 2107 1092 2168; x_wconf 89' lang='lat' dir='ltr'>siut</span> <span class='ocrx_word' id='word_1_474' title='bbox 1106 2107 1178 2183; x_wconf 83' lang='lat' dir='ltr'>agri</span> <span class='ocrx_word' id='word_1_475' title='bbox 1194 2107 1428 2183; x_wconf 87' lang='lat' dir='ltr'>primitiarum,</span> <span class='ocrx_word' id='word_1_476' title='bbox 1447 2105 1573 2166; x_wconf 88' lang='lat' dir='ltr'>tructus</span> <span class='ocrx_word' id='word_1_477' title='bbox 1597 2104 1742 2165; x_wconf 87' lang='lat' dir='ltr'>ferentes</span> 
     </span>
     <span class='ocr_line' id='line_1_62' title="bbox 948 2203 1738 2281; baseline -0.005 -17"><span class='ocrx_word' id='word_1_478' title='bbox 948 2204 1087 2264; x_wconf 85' lang='lat' dir='ltr'>Domino</span> <span class='ocrx_word' id='word_1_479' title='bbox 1102 2205 1304 2281; x_wconf 81' lang='lat' dir='ltr'>primitivos3</span> <span class='ocrx_word' id='word_1_480' title='bbox 1321 2203 1491 2264; x_wconf 88' lang='lat' dir='ltr'>difficilius</span> <span class='ocrx_word' id='word_1_481' title='bbox 1504 2204 1554 2264; x_wconf 90' lang='lat' dir='ltr'>est</span> <span class='ocrx_word' id='word_1_482' title='bbox 1567 2203 1655 2262; x_wconf 88' lang='lat' dir='ltr'>enim</span> <span class='ocrx_word' id='word_1_483' title='bbox 1669 2216 1738 2272; x_wconf 93' lang='lat' dir='ltr'>eos,</span> 
     </span>
     <span class='ocr_line' id='line_1_63' title="bbox 947 2298 1740 2376; baseline -0.005 -15"><span class='ocrx_word' id='word_1_484' title='bbox 947 2317 1022 2362; x_wconf 89' lang='lat' dir='ltr'>oum</span> <span class='ocrx_word' id='word_1_485' title='bbox 1035 2304 1112 2361; x_wconf 87' lang='lat' dir='ltr'>sunt</span> <span class='ocrx_word' id='word_1_486' title='bbox 1127 2301 1218 2371; x_wconf 90' lang='lat' dir='ltr'>mali,</span> <span class='ocrx_word' id='word_1_487' title='bbox 1234 2302 1439 2372; x_wconf 85' lang='lat' dir='ltr'>convertere,</span> <span class='ocrx_word' id='word_1_488' title='bbox 1463 2314 1561 2376; x_wconf 87' lang='lat' dir='ltr'>quam</span> <span class='ocrx_word' id='word_1_489' title='bbox 1577 2298 1662 2360; x_wconf 90' lang='lat' dir='ltr'>alios</span> <span class='ocrx_word' id='word_1_490' title='bbox 1677 2313 1740 2358; x_wconf 89' lang='lat' dir='ltr'>ru·</span> 
     </span>
     <span class='ocr_line' id='line_1_64' title="bbox 947 2394 1740 2475; baseline -0.005 -17"><span class='ocrx_word' id='word_1_491' title='bbox 947 2398 1015 2470; x_wconf 92' lang='lat' dir='ltr'>des,</span> <span class='ocrx_word' id='word_1_492' title='bbox 1032 2400 1065 2459; x_wconf 91' lang='lat' dir='ltr'>et</span> <span class='ocrx_word' id='word_1_493' title='bbox 1080 2399 1260 2475; x_wconf 90' lang='lat' dir='ltr'>simplices.</span> <span class='ocrx_word' id='word_1_494' title='bbox 1284 2399 1461 2474; x_wconf 86' lang='lat' dir='ltr'>Sequitur:</span> <span class='ocrx_word' id='word_1_495' title='bbox 1476 2414 1495 2456; x_wconf 85' lang='lat'>‹&lt;</span> <span class='ocrx_word' id='word_1_496' title='bbox 1521 2395 1569 2456; x_wconf 92' lang='lat' dir='ltr'>lbi</span> <span class='ocrx_word' id='word_1_497' title='bbox 1592 2394 1740 2472; x_wconf 89' lang='lat' dir='ltr'>abjectus</span> 
     </span>
     <span class='ocr_line' id='line_1_65' title="bbox 947 2492 1738 2573; baseline -0.005 -18"><span class='ocrx_word' id='word_1_498' title='bbox 947 2496 997 2556; x_wconf 89' lang='lat' dir='ltr'>est</span> <span class='ocrx_word' id='word_1_499' title='bbox 1021 2496 1156 2573; x_wconf 89' lang='lat' dir='ltr'>clypeus</span> <span class='ocrx_word' id='word_1_500' title='bbox 1186 2495 1321 2567; x_wconf 85' lang='lat' dir='ltr'>Saul,»</span> <span class='ocrx_word' id='word_1_501' title='bbox 1360 2495 1445 2557; x_wconf 91' lang='lat' dir='ltr'>idest</span> <span class='ocrx_word' id='word_1_502' title='bbox 1473 2494 1539 2554; x_wconf 79' lang='lat' dir='ltr'>riri</span> <span class='ocrx_word' id='word_1_503' title='bbox 1567 2492 1738 2563; x_wconf 90' lang='lat' dir='ltr'>fortitudo,</span> 
     </span>
     <span class='ocr_line' id='line_1_66' title="bbox 945 2589 1741 2669; baseline -0.004 -18"><span class='ocrx_word' id='word_1_504' title='bbox 945 2609 964 2651; x_wconf 74' lang='lat' dir='ltr'>c</span> <span class='ocrx_word' id='word_1_505' title='bbox 979 2592 1076 2669; x_wconf 92' lang='lat' dir='ltr'>quasi</span> <span class='ocrx_word' id='word_1_506' title='bbox 1091 2608 1157 2653; x_wconf 92' lang='lat' dir='ltr'>non</span> <span class='ocrx_word' id='word_1_507' title='bbox 1173 2593 1263 2654; x_wconf 88' lang='lat' dir='ltr'>esset</span> <span class='ocrx_word' id='word_1_508' title='bbox 1275 2593 1395 2653; x_wconf 85' lang='lat' dir='ltr'>unctus</span> <span class='ocrx_word' id='word_1_509' title='bbox 1410 2593 1485 2653; x_wconf 91' lang='lat' dir='ltr'>oleo</span> <span class='ocrx_word' id='word_1_510' title='bbox 1497 2608 1526 2662; x_wconf 77' lang='lat' dir='ltr'>n,</span> <span class='ocrx_word' id='word_1_511' title='bbox 1544 2590 1630 2651; x_wconf 88' lang='lat' dir='ltr'>idest</span> <span class='ocrx_word' id='word_1_512' title='bbox 1644 2589 1741 2666; x_wconf 87' lang='lat' dir='ltr'>quasi</span> 
     </span>
     <span class='ocr_line' id='line_1_67' title="bbox 946 2685 1742 2766; baseline -0.005 -17"><span class='ocrx_word' id='word_1_513' title='bbox 946 2706 1013 2750; x_wconf 91' lang='lat' dir='ltr'>non</span> <span class='ocrx_word' id='word_1_514' title='bbox 1026 2689 1128 2751; x_wconf 89' lang='lat' dir='ltr'>fuerit</span> <span class='ocrx_word' id='word_1_515' title='bbox 1142 2689 1339 2766; x_wconf 88' lang='lat' dir='ltr'>baptizatus.</span> <span class='ocrx_word' id='word_1_516' title='bbox 1360 2689 1408 2751; x_wconf 84' lang='lat' dir='ltr'>Ad</span> <span class='ocrx_word' id='word_1_517' title='bbox 1425 2690 1568 2751; x_wconf 89' lang='lat' dir='ltr'>litteram</span> <span class='ocrx_word' id='word_1_518' title='bbox 1585 2687 1673 2748; x_wconf 89' lang='lat' dir='ltr'>enirn</span> <span class='ocrx_word' id='word_1_519' title='bbox 1687 2685 1742 2746; x_wconf 81' lang='lat' dir='ltr'>ri-</span> 
     </span>
     <span class='ocr_line' id='line_1_68' title="bbox 946 2782 1741 2864; baseline -0.005 -18"><span class='ocrx_word' id='word_1_520' title='bbox 946 2786 1072 2857; x_wconf 88' lang='lat' dir='ltr'>demus,</span> <span class='ocrx_word' id='word_1_521' title='bbox 1091 2803 1150 2863; x_wconf 90' lang='lat' dir='ltr'>per</span> <span class='ocrx_word' id='word_1_522' title='bbox 1164 2786 1354 2864; x_wconf 81' lang='lat' dir='ltr'>exemplum</span> <span class='ocrx_word' id='word_1_523' title='bbox 1380 2801 1558 2863; x_wconf 90' lang='lat' dir='ltr'>pravorum</span> <span class='ocrx_word' id='word_1_524' title='bbox 1582 2782 1741 2845; x_wconf 86' lang='lat' dir='ltr'>sacerdo-</span> 
     </span>
     <span class='ocr_line' id='line_1_69' title="bbox 945 2879 1738 2961; baseline -0.005 -18"><span class='ocrx_word' id='word_1_525' title='bbox 945 2884 1014 2944; x_wconf 88' lang='lat' dir='ltr'>tum</span> <span class='ocrx_word' id='word_1_526' title='bbox 1030 2883 1180 2945; x_wconf 86' lang='lat' dir='ltr'>subditos</span> <span class='ocrx_word' id='word_1_527' title='bbox 1189 2883 1279 2945; x_wconf 89' lang='lat' dir='ltr'>trahi</span> <span class='ocrx_word' id='word_1_528' title='bbox 1292 2883 1333 2944; x_wconf 90' lang='lat' dir='ltr'>ad</span> <span class='ocrx_word' id='word_1_529' title='bbox 1345 2885 1516 2961; x_wconf 91' lang='lat' dir='ltr'>peccatum</span> <span class='ocrx_word' id='word_1_530' title='bbox 1530 2883 1574 2945; x_wconf 89' lang='lat' dir='ltr'>ita</span> <span class='ocrx_word' id='word_1_531' title='bbox 1584 2882 1624 2942; x_wconf 89' lang='lat' dir='ltr'>de</span> <span class='ocrx_word' id='word_1_532' title='bbox 1635 2879 1738 2951; x_wconf 91' lang='lat' dir='ltr'>facili,</span> 
     </span>
     <span class='ocr_line' id='line_1_70' title="bbox 946 2976 1740 3057; baseline -0.004 -17"><span class='ocrx_word' id='word_1_533' title='bbox 946 2996 984 3040; x_wconf 89' lang='lat' dir='ltr'>ac</span> <span class='ocrx_word' id='word_1_534' title='bbox 1000 2982 1028 3040; x_wconf 91' lang='lat' dir='ltr'>si</span> <span class='ocrx_word' id='word_1_535' title='bbox 1044 2981 1150 3042; x_wconf 86' lang='lat' dir='ltr'>virtus</span> <span class='ocrx_word' id='word_1_536' title='bbox 1166 2980 1321 3057; x_wconf 88' lang='lat' dir='ltr'>baptismi</span> <span class='ocrx_word' id='word_1_537' title='bbox 1337 2981 1429 3041; x_wconf 91' lang='lat' dir='ltr'>nulla</span> <span class='ocrx_word' id='word_1_538' title='bbox 1442 2983 1530 3042; x_wconf 90' lang='lat' dir='ltr'>esset</span> <span class='ocrx_word' id='word_1_539' title='bbox 1544 2980 1578 3040; x_wconf 94' lang='lat' dir='ltr'>in</span> <span class='ocrx_word' id='word_1_540' title='bbox 1594 2979 1654 3039; x_wconf 89' lang='lat' dir='ltr'>eis.</span> <span class='ocrx_word' id='word_1_541' title='bbox 1674 2976 1740 3038; x_wconf 86' lang='lat' dir='ltr'>Sed</span> 
     </span>
     <span class='ocr_line' id='line_1_71' title="bbox 946 3074 1741 3154; baseline 0 -17"><span class='ocrx_word' id='word_1_542' title='bbox 946 3077 1012 3154; x_wconf 89' lang='lat' dir='ltr'>ipsi</span> <span class='ocrx_word' id='word_1_543' title='bbox 1039 3078 1281 3140; x_wconf 76' lang='lat' dir='ltr'>maledIcentur</span> <span class='ocrx_word' id='word_1_544' title='bbox 1308 3093 1327 3138; x_wconf 91' lang='lat' dir='ltr'>a</span> <span class='ocrx_word' id='word_1_545' title='bbox 1356 3078 1520 3153; x_wconf 88' lang='lat' dir='ltr'>sanguine</span> <span class='ocrx_word' id='word_1_546' title='bbox 1546 3074 1741 3138; x_wconf 88' lang='lat' dir='ltr'>interfecto·</span> 
     </span>
     <span class='ocr_line' id='line_1_72' title="bbox 946 3174 1739 3252; baseline -0.003 -18"><span class='ocrx_word' id='word_1_547' title='bbox 946 3190 1031 3245; x_wconf 87' lang='lat' dir='ltr'>rum,</span> <span class='ocrx_word' id='word_1_548' title='bbox 1046 3174 1132 3235; x_wconf 90' lang='lat' dir='ltr'>idest</span> <span class='ocrx_word' id='word_1_549' title='bbox 1146 3175 1187 3235; x_wconf 91' lang='lat' dir='ltr'>ab</span> <span class='ocrx_word' id='word_1_550' title='bbox 1202 3175 1262 3247; x_wconf 89' lang='lat' dir='ltr'>eis,</span> <span class='ocrx_word' id='word_1_551' title='bbox 1280 3175 1336 3252; x_wconf 89' lang='lat' dir='ltr'>qni</span> <span class='ocrx_word' id='word_1_552' title='bbox 1350 3191 1409 3252; x_wconf 89' lang='lat' dir='ltr'>per</span> <span class='ocrx_word' id='word_1_553' title='bbox 1423 3174 1611 3250; x_wconf 80' lang='lat' dir='ltr'>exemplum</span> <span class='ocrx_word' id='word_1_554' title='bbox 1624 3186 1739 3233; x_wconf 90' lang='lat' dir='ltr'>eorum</span> 
     </span>
     <span class='ocr_line' id='line_1_73' title="bbox 946 3269 1736 3348; baseline -0.003 -18"><span class='ocrx_word' id='word_1_555' title='bbox 946 3273 1024 3331; x_wconf 89' lang='lat' dir='ltr'>sunt</span> <span class='ocrx_word' id='word_1_556' title='bbox 1037 3271 1217 3343; x_wconf 89' lang='lat' dir='ltr'>interfecti,</span> <span class='ocrx_word' id='word_1_557' title='bbox 1233 3273 1311 3348; x_wconf 89' lang='lat' dir='ltr'>quia</span> <span class='ocrx_word' id='word_1_558' title='bbox 1325 3271 1446 3332; x_wconf 88' lang='lat' dir='ltr'>clamat</span> <span class='ocrx_word' id='word_1_559' title='bbox 1456 3269 1594 3345; x_wconf 88' lang='lat' dir='ltr'>sanguis</span> <span class='ocrx_word' id='word_1_560' title='bbox 1609 3284 1736 3339; x_wconf 89' lang='lat' dir='ltr'>eorum,</span> 
     </span>
     <span class='ocr_line' id='line_1_74' title="bbox 946 3364 1737 3442; baseline -0.004 -16"><span class='ocrx_word' id='word_1_561' title='bbox 946 3367 1033 3428; x_wconf 90' lang='lat' dir='ltr'>sicut</span> <span class='ocrx_word' id='word_1_562' title='bbox 1056 3366 1213 3428; x_wconf 81' lang='lat' dir='ltr'>clamavit</span> <span class='ocrx_word' id='word_1_563' title='bbox 1235 3368 1373 3442; x_wconf 84' lang='lat' dir='ltr'>sanguis</span> <span class='ocrx_word' id='word_1_564' title='bbox 1401 3367 1483 3428; x_wconf 87' lang='lat' dir='ltr'>Abel</span> <span class='ocrx_word' id='word_1_565' title='bbox 1505 3368 1621 3427; x_wconf 86' lang='lat' dir='ltr'>contra</span> <span class='ocrx_word' id='word_1_566' title='bbox 1643 3364 1737 3425; x_wconf 87' lang='lat' dir='ltr'>Cain.</span> 
     </span>
     <span class='ocr_line' id='line_1_75' title="bbox 946 3455 1737 3541; baseline -0.005 -17"><span class='ocrx_word' id='word_1_567' title='bbox 946 3467 993 3524; x_wconf 87' lang='lat' dir='ltr'>De</span> <span class='ocrx_word' id='word_1_568' title='bbox 1012 3464 1076 3524; x_wconf 93' lang='lat' dir='ltr'>hoc</span> <span class='ocrx_word' id='word_1_569' title='bbox 1097 3467 1207 3525; x_wconf 89' lang='lat' dir='ltr'>monte</span> <span class='ocrx_word' id='word_1_570' title='bbox 1234 3465 1356 3526; x_wconf 90' lang='lat' dir='ltr'>dicitur</span> <span class='ocrx_word' id='word_1_571' title='bbox 1374 3464 1408 3524; x_wconf 90' lang='lat' dir='ltr'>in</span> <span class='ocrx_word' id='word_1_572' title='bbox 1428 3463 1571 3524; x_wconf 89' lang='lat' dir='ltr'>Threnis</span> <span class='ocrx_word' id='word_1_573' title='bbox 1592 3455 1636 3541; x_wconf 84' lang='lat'>(5,</span> <span class='ocrx_word' id='word_1_574' title='bbox 1659 3460 1710 3538; x_wconf 88' lang='lat'>18)</span> <span class='ocrx_word' id='word_1_575' title='bbox 1728 3481 1737 3520; x_wconf 77' lang='grc' dir='ltr'><strong><em>ε</em></strong></span> 
     </span>
     <span class='ocr_line' id='line_1_76' title="bbox 945 3556 1737 3637; baseline -0.004 -16"><span class='ocrx_word' id='word_1_576' title='bbox 945 3562 1128 3637; x_wconf 77' lang='lat' dir='ltr'>‹propter-</span> <span class='ocrx_word' id='word_1_577' title='bbox 1160 3557 1304 3623; x_wconf 85' lang='lat' dir='ltr'>montem</span> <span class='ocrx_word' id='word_1_578' title='bbox 1341 3561 1421 3622; x_wconf 87' lang='lat' dir='ltr'>Sion</span> <span class='ocrx_word' id='word_1_579' title='bbox 1458 3560 1536 3637; x_wconf 91' lang='lat' dir='ltr'>quia</span> <span class='ocrx_word' id='word_1_580' title='bbox 1573 3556 1737 3635; x_wconf 87' lang='lat' dir='ltr'>disperiit,</span> 
     </span>
     <span class='ocr_line' id='line_1_77' title="bbox 945 3655 1740 3735; baseline -0.008 -14"><span class='ocrx_word' id='word_1_581' title='bbox 945 3658 1062 3735; x_wconf 84' lang='lat' dir='ltr'>vulpes</span> <span class='ocrx_word' id='word_1_582' title='bbox 1078 3657 1334 3720; x_wconf 85' lang='lat' dir='ltr'>ambulaverunt</span> <span class='ocrx_word' id='word_1_583' title='bbox 1348 3659 1382 3719; x_wconf 94' lang='lat' dir='ltr'>in</span> <span class='ocrx_word' id='word_1_584' title='bbox 1398 3674 1448 3719; x_wconf 93' lang='lat' dir='ltr'>eo.</span> <span class='ocrx_word' id='word_1_585' title='bbox 1470 3675 1489 3718; x_wconf 74' lang='lat' dir='ltr'>s</span> <span class='ocrx_word' id='word_1_586' title='bbox 1511 3657 1602 3728; x_wconf 84' lang='lat' dir='ltr'>Sion,</span> <span class='ocrx_word' id='word_1_587' title='bbox 1623 3655 1740 3716; x_wconf 84' lang='lat' dir='ltr'>Eccle-</span> 
     </span>
     <span class='ocr_line' id='line_1_78' title="bbox 946 3753 1736 3832; baseline -0.005 -16"><span class='ocrx_word' id='word_1_588' title='bbox 946 3756 1012 3830; x_wconf 82' lang='lat' dir='ltr'>sia3</span> <span class='ocrx_word' id='word_1_589' title='bbox 1027 3757 1134 3828; x_wconf 83' lang='lat' dir='ltr'>illone,</span> <span class='ocrx_word' id='word_1_590' title='bbox 1151 3757 1309 3832; x_wconf 85' lang='lat' dir='ltr'>praelatus</span> <span class='ocrx_word' id='word_1_591' title='bbox 1324 3757 1523 3818; x_wconf 88' lang='lat' dir='ltr'>constitutus</span> <span class='ocrx_word' id='word_1_592' title='bbox 1536 3755 1569 3815; x_wconf 92' lang='lat' dir='ltr'>in</span> <span class='ocrx_word' id='word_1_593' title='bbox 1589 3753 1736 3831; x_wconf 89' lang='lat' dir='ltr'>specula,</span> 
     </span>
     <span class='ocr_line' id='line_1_79' title="bbox 946 3851 1738 3931; baseline -0.003 -18"><span class='ocrx_word' id='word_1_594' title='bbox 946 3855 1003 3931; x_wconf 91' lang='lat' dir='ltr'>qui</span> <span class='ocrx_word' id='word_1_595' title='bbox 1018 3854 1098 3930; x_wconf 89' lang='lat' dir='ltr'>quia</span> <span class='ocrx_word' id='word_1_596' title='bbox 1111 3854 1284 3930; x_wconf 87' lang='lat' dir='ltr'>dispesriit</span> <span class='ocrx_word' id='word_1_597' title='bbox 1296 3855 1430 3931; x_wconf 89' lang='lat' dir='ltr'>propter</span> <span class='ocrx_word' id='word_1_598' title='bbox 1440 3852 1667 3914; x_wconf 84' lang='lat' dir='ltr'>diversitatem</span> <span class='ocrx_word' id='word_1_599' title='bbox 1681 3851 1738 3912; x_wconf 87' lang='lat' dir='ltr'>vi-</span> 
     </span>
     <span class='ocr_line' id='line_1_80' title="bbox 946 3948 1740 4024; baseline -0.005 -12"><span class='ocrx_word' id='word_1_600' title='bbox 946 3952 1081 4020; x_wconf 88' lang='lat' dir='ltr'>tiorum,</span> <span class='ocrx_word' id='word_1_601' title='bbox 1096 3957 1225 4024; x_wconf 79' lang='lat' dir='ltr'>vulpes,</span> <span class='ocrx_word' id='word_1_602' title='bbox 1246 3951 1332 4012; x_wconf 89' lang='lat' dir='ltr'>idest</span> <span class='ocrx_word' id='word_1_603' title='bbox 1355 3950 1478 4012; x_wconf 91' lang='lat' dir='ltr'>diaboli</span> <span class='ocrx_word' id='word_1_604' title='bbox 1503 3950 1537 4010; x_wconf 92' lang='lat' dir='ltr'>in</span> <span class='ocrx_word' id='word_1_605' title='bbox 1558 3965 1596 4011; x_wconf 90' lang='lat' dir='ltr'>ea</span> <span class='ocrx_word' id='word_1_606' title='bbox 1621 3948 1740 4009; x_wconf 90' lang='lat' dir='ltr'>ambu-</span> 
     </span>
     <span class='ocr_line' id='line_1_81' title="bbox 946 4046 1739 4120; baseline -0.004 -12"><span class='ocrx_word' id='word_1_607' title='bbox 946 4049 1027 4119; x_wconf 88' lang='lat' dir='ltr'>lant,</span> <span class='ocrx_word' id='word_1_608' title='bbox 1055 4049 1090 4109; x_wconf 91' lang='lat' dir='ltr'>in</span> <span class='ocrx_word' id='word_1_609' title='bbox 1115 4064 1154 4109; x_wconf 92' lang='lat' dir='ltr'>ea</span> <span class='ocrx_word' id='word_1_610' title='bbox 1175 4048 1285 4110; x_wconf 90' lang='lat' dir='ltr'>locum</span> <span class='ocrx_word' id='word_1_611' title='bbox 1305 4048 1440 4120; x_wconf 89' lang='lat' dir='ltr'>habent,</span> <span class='ocrx_word' id='word_1_612' title='bbox 1462 4049 1495 4109; x_wconf 90' lang='lat' dir='ltr'>et</span> <span class='ocrx_word' id='word_1_613' title='bbox 1513 4046 1739 4108; x_wconf 89' lang='lat' dir='ltr'>demoliuntur</span> 
     </span>
     <span class='ocr_line' id='line_1_82' title="bbox 945 4141 1738 4218; baseline -0.009 -10"><span class='ocrx_word' id='word_1_614' title='bbox 945 4146 1141 4218; x_wconf 87' lang='lat' dir='ltr'>Ecclesiam,</span> <span class='ocrx_word' id='word_1_615' title='bbox 1165 4147 1400 4208; x_wconf 88' lang='lat' dir='ltr'>contrahentes</span> <span class='ocrx_word' id='word_1_616' title='bbox 1427 4145 1526 4206; x_wconf 89' lang='lat' dir='ltr'>adse</span> <span class='ocrx_word' id='word_1_617' title='bbox 1552 4141 1738 4204; x_wconf 89' lang='lat' dir='ltr'>multitudi-</span> 
     </span>
     <span class='ocr_line' id='line_1_83' title="bbox 946 4242 1254 4304; baseline -0.003 -1"><span class='ocrx_word' id='word_1_618' title='bbox 946 4258 1020 4303; x_wconf 91' lang='lat' dir='ltr'>nem</span> <span class='ocrx_word' id='word_1_619' title='bbox 1036 4242 1254 4304; x_wconf 89' lang='lat' dir='ltr'>subditorum.</span> 
     </span>
    </p>

    <p class='ocr_par' dir='ltr' id='par_1_8' title="bbox 944 4339 1739 5191">
     <span class='ocr_line' id='line_1_84' title="bbox 986 4339 1739 4416; baseline -0.005 -16"><span class='ocrx_word' id='word_1_620' title='bbox 986 4339 1171 4416; x_wconf 87' lang='lat' dir='ltr'>Sequitur:</span> <span class='ocrx_word' id='word_1_621' title='bbox 1196 4340 1614 4415; x_wconf 73' lang='lat' dir='ltr'>snpereoecottotzesoper</span> <span class='ocrx_word' id='word_1_622' title='bbox 1636 4339 1739 4398; x_wconf 82' lang='lat' dir='ltr'>Libo-</span> 
     </span>
     <span class='ocr_line' id='line_1_85' title="bbox 945 4432 1739 4512; baseline -0.003 -15"><span class='ocrx_word' id='word_1_623' title='bbox 945 4452 1030 4497; x_wconf 81' lang='lat' dir='ltr'>mcm</span> <span class='ocrx_word' id='word_1_624' title='bbox 1044 4436 1180 4510; x_wconf 77' lang='lat' dir='ltr'>fructus</span> <span class='ocrx_word' id='word_1_625' title='bbox 1195 4440 1281 4508; x_wconf 74' lang='lat' dir='ltr'>ejus</span> <span class='ocrx_word' id='word_1_626' title='bbox 1296 4439 1439 4497; x_wconf 86' lang='lat' dir='ltr'>Fructus</span> <span class='ocrx_word' id='word_1_627' title='bbox 1454 4434 1618 4512; x_wconf 88' lang='lat' dir='ltr'>siquidem</span> <span class='ocrx_word' id='word_1_628' title='bbox 1638 4432 1739 4495; x_wconf 87' lang='lat' dir='ltr'>arbo-</span> 
     </span>
     <span class='ocr_line' id='line_1_86' title="bbox 945 4531 1739 4610; baseline -0.001 -17"><span class='ocrx_word' id='word_1_629' title='bbox 945 4548 1031 4603; x_wconf 92' lang='lat' dir='ltr'>rum,</span> <span class='ocrx_word' id='word_1_630' title='bbox 1052 4532 1139 4594; x_wconf 89' lang='lat' dir='ltr'>idest</span> <span class='ocrx_word' id='word_1_631' title='bbox 1160 4531 1323 4593; x_wconf 88' lang='lat' dir='ltr'>bonorum</span> <span class='ocrx_word' id='word_1_632' title='bbox 1347 4548 1484 4610; x_wconf 90' lang='lat' dir='ltr'>operum</span> <span class='ocrx_word' id='word_1_633' title='bbox 1509 4532 1739 4608; x_wconf 85' lang='lat' dir='ltr'>superomnia</span> 
     </span>
     <span class='ocr_line' id='line_1_87' title="bbox 945 4628 1739 4707; baseline -0.001 -17"><span class='ocrx_word' id='word_1_634' title='bbox 945 4629 1142 4705; x_wconf 89' lang='lat' dir='ltr'>temporalia</span> <span class='ocrx_word' id='word_1_635' title='bbox 1163 4629 1380 4701; x_wconf 79' lang='lat' dir='ltr'>extolluntur,</span> <span class='ocrx_word' id='word_1_636' title='bbox 1409 4645 1482 4707; x_wconf 87' lang='lat' dir='ltr'>quae</span> <span class='ocrx_word' id='word_1_637' title='bbox 1506 4628 1739 4707; x_wconf 85' lang='lat' dir='ltr'>significantur</span> 
     </span>
     <span class='ocr_line' id='line_1_88' title="bbox 945 4726 1736 4805; baseline -0.003 -17"><span class='ocrx_word' id='word_1_638' title='bbox 945 4742 1005 4803; x_wconf 87' lang='lat' dir='ltr'>per</span> <span class='ocrx_word' id='word_1_639' title='bbox 1027 4730 1206 4797; x_wconf 78' lang='lat' dir='ltr'>Libertum,</span> <span class='ocrx_word' id='word_1_640' title='bbox 1235 4728 1320 4804; x_wconf 93' lang='lat' dir='ltr'>quod</span> <span class='ocrx_word' id='word_1_641' title='bbox 1350 4728 1591 4805; x_wconf 86' lang='lat' dir='ltr'>interpretatur</span> <span class='ocrx_word' id='word_1_642' title='bbox 1616 4726 1736 4788; x_wconf 90' lang='lat' dir='ltr'>candi-</span> 
     </span>
     <span class='ocr_line' id='line_1_89' title="bbox 944 4823 1738 4900; baseline -0.001 -15"><span class='ocrx_word' id='word_1_643' title='bbox 944 4823 1046 4885; x_wconf 86' lang='lat' dir='ltr'>datio.</span> <span class='ocrx_word' id='word_1_644' title='bbox 1068 4823 1128 4884; x_wconf 89' lang='lat' dir='ltr'>Vel</span> <span class='ocrx_word' id='word_1_645' title='bbox 1149 4845 1157 4882; x_wconf 90' lang='lat'><strong>:</strong></span> <span class='ocrx_word' id='word_1_646' title='bbox 1188 4826 1489 4900; x_wconf 71' lang='lat' dir='ltr'>superoctooetur</span> <span class='ocrx_word' id='word_1_647' title='bbox 1510 4840 1617 4899; x_wconf 79' lang='lat' dir='ltr'>super</span> <span class='ocrx_word' id='word_1_648' title='bbox 1637 4826 1738 4884; x_wconf 80' lang='lat' dir='ltr'>Libo-</span> 
     </span>
     <span class='ocr_line' id='line_1_90' title="bbox 944 4919 1739 4999; baseline -0.001 -18"><span class='ocrx_word' id='word_1_649' title='bbox 944 4938 1027 4982; x_wconf 76' lang='lat' dir='ltr'>nem</span> <span class='ocrx_word' id='word_1_650' title='bbox 1043 4922 1179 4996; x_wconf 71' lang='lat' dir='ltr'>frewine</span> <span class='ocrx_word' id='word_1_651' title='bbox 1193 4926 1279 4994; x_wconf 77' lang='lat' dir='ltr'>ejus,</span> <span class='ocrx_word' id='word_1_652' title='bbox 1298 4922 1383 4999; x_wconf 91' lang='lat' dir='ltr'>quod</span> <span class='ocrx_word' id='word_1_653' title='bbox 1399 4937 1466 4982; x_wconf 90' lang='lat' dir='ltr'>non</span> <span class='ocrx_word' id='word_1_654' title='bbox 1481 4921 1522 4981; x_wconf 89' lang='lat' dir='ltr'>de</span> <span class='ocrx_word' id='word_1_655' title='bbox 1532 4920 1629 4981; x_wconf 88' lang='lat' dir='ltr'>malis</span> <span class='ocrx_word' id='word_1_656' title='bbox 1643 4919 1739 4980; x_wconf 89' lang='lat' dir='ltr'>intel·</span> 
     </span>
     <span class='ocr_line' id='line_1_91' title="bbox 944 5017 1737 5095; baseline 0.001 -18"><span class='ocrx_word' id='word_1_657' title='bbox 944 5018 1071 5094; x_wconf 87' lang='lat' dir='ltr'>ligitur,</span> <span class='ocrx_word' id='word_1_658' title='bbox 1084 5019 1141 5080; x_wconf 91' lang='lat' dir='ltr'>sed</span> <span class='ocrx_word' id='word_1_659' title='bbox 1155 5020 1195 5080; x_wconf 91' lang='lat' dir='ltr'>de</span> <span class='ocrx_word' id='word_1_660' title='bbox 1209 5018 1317 5091; x_wconf 87' lang='lat' dir='ltr'>bonis,</span> <span class='ocrx_word' id='word_1_661' title='bbox 1332 5034 1471 5095; x_wconf 88' lang='lat' dir='ltr'>quorum</span> <span class='ocrx_word' id='word_1_662' title='bbox 1483 5018 1574 5089; x_wconf 88' lang='lat' dir='ltr'>fides,</span> <span class='ocrx_word' id='word_1_663' title='bbox 1587 5021 1620 5078; x_wconf 91' lang='lat' dir='ltr'>et</span> <span class='ocrx_word' id='word_1_664' title='bbox 1631 5017 1737 5078; x_wconf 84' lang='lat' dir='ltr'>virtus</span> 
     </span>
     <span class='ocr_line' id='line_1_92' title="bbox 944 5113 1738 5191; baseline -0.003 -14"><span class='ocrx_word' id='word_1_665' title='bbox 944 5119 1117 5191; x_wconf 89' lang='lat' dir='ltr'>permanet</span> <span class='ocrx_word' id='word_1_666' title='bbox 1136 5116 1170 5176; x_wconf 92' lang='lat' dir='ltr'>iu</span> <span class='ocrx_word' id='word_1_667' title='bbox 1189 5119 1363 5178; x_wconf 80' lang='lat' dir='ltr'>aeternum.</span> <span class='ocrx_word' id='word_1_668' title='bbox 1387 5115 1465 5176; x_wconf 85' lang='lat' dir='ltr'>Vita</span> <span class='ocrx_word' id='word_1_669' title='bbox 1489 5118 1600 5175; x_wconf 90' lang='lat' dir='ltr'>autem</span> <span class='ocrx_word' id='word_1_670' title='bbox 1630 5113 1738 5175; x_wconf 89' lang='lat' dir='ltr'>malo-</span> 
     </span>
    </p>
   </div>
   <div class='ocr_carea' id='block_1_7' title="bbox 942 5280 1741 5694">
    <p class='ocr_par' dir='ltr' id='par_1_9' title="bbox 942 5280 1741 5694">
     <span class='ocr_line' id='line_1_93' title="bbox 943 5280 1737 5354; baseline 0 -14"><span class='ocrx_word' id='word_1_671' title='bbox 943 5283 1043 5340; x_wconf 89' lang='lat' dir='ltr'>solitus</span> <span class='ocrx_word' id='word_1_672' title='bbox 1055 5281 1244 5350; x_wconf 85' lang='lat' dir='ltr'>retrocedere,</span> <span class='ocrx_word' id='word_1_673' title='bbox 1251 5280 1363 5354; x_wconf 88' lang='lat' dir='ltr'>gladius</span> <span class='ocrx_word' id='word_1_674' title='bbox 1371 5281 1464 5339; x_wconf 86' lang='lat' dir='ltr'>Saulis</span> <span class='ocrx_word' id='word_1_675' title='bbox 1474 5295 1618 5353; x_wconf 85' lang='lat' dir='ltr'>nunquam</span> <span class='ocrx_word' id='word_1_676' title='bbox 1628 5280 1737 5340; x_wconf 89' lang='lat' dir='ltr'>redibat</span> 
     </span>
     <span class='ocr_line' id='line_1_94' title="bbox 943 5352 1738 5425; baseline -0.001 -16"><span class='ocrx_word' id='word_1_677' title='bbox 943 5368 1060 5410; x_wconf 87' lang='lat' dir='ltr'>vacuus.</span> <span class='ocrx_word' id='word_1_678' title='bbox 1076 5356 1196 5424; x_wconf 78' lang='lat' dir='ltr'>»ltaque</span> <span class='ocrx_word' id='word_1_679' title='bbox 1206 5352 1374 5408; x_wconf 88' lang='lat' dir='ltr'>effusionem</span> <span class='ocrx_word' id='word_1_680' title='bbox 1385 5353 1536 5425; x_wconf 86' lang='lat' dir='ltr'>sanguinis</span> <span class='ocrx_word' id='word_1_681' title='bbox 1546 5353 1665 5424; x_wconf 82' lang='lat' dir='ltr'>Vulgata</span> <span class='ocrx_word' id='word_1_682' title='bbox 1674 5352 1738 5424; x_wconf 89' lang='lat' dir='ltr'>jun-</span> 
     </span>
     <span class='ocr_line' id='line_1_95' title="bbox 943 5421 1734 5495; baseline 0 -16"><span class='ocrx_word' id='word_1_683' title='bbox 943 5424 986 5495; x_wconf 90' lang='lat' dir='ltr'>git</span> <span class='ocrx_word' id='word_1_684' title='bbox 1007 5425 1156 5480; x_wconf 81' lang='lat' dir='ltr'>sententie</span> <span class='ocrx_word' id='word_1_685' title='bbox 1177 5421 1325 5495; x_wconf 88' lang='lat' dir='ltr'>posteriori</span> <span class='ocrx_word' id='word_1_686' title='bbox 1344 5439 1352 5480; x_wconf 78' lang='grc' dir='ltr'><strong><em>ε</em></strong></span> <span class='ocrx_word' id='word_1_687' title='bbox 1370 5424 1395 5480; x_wconf 82' lang='grc' dir='ltr'><strong>Α</strong></span> <span class='ocrx_word' id='word_1_688' title='bbox 1412 5423 1553 5494; x_wconf 85' lang='lat' dir='ltr'>sangnine</span> <span class='ocrx_word' id='word_1_689' title='bbox 1570 5422 1734 5479; x_wconf 87' lang='lat' dir='ltr'>interfecto·</span> 
     </span>
     <span class='ocr_line' id='line_1_96' title="bbox 943 5493 1741 5566; baseline 0.001 -16"><span class='ocrx_word' id='word_1_690' title='bbox 943 5509 1017 5564; x_wconf 92' lang='lat' dir='ltr'>rum,</span> <span class='ocrx_word' id='word_1_691' title='bbox 1036 5496 1071 5550; x_wconf 90' lang='lat' dir='ltr'>ab</span> <span class='ocrx_word' id='word_1_692' title='bbox 1088 5493 1171 5565; x_wconf 91' lang='lat' dir='ltr'>adipe</span> <span class='ocrx_word' id='word_1_693' title='bbox 1182 5494 1306 5560; x_wconf 84' lang='lat' dir='ltr'>fortium,</span> <span class='ocrx_word' id='word_1_694' title='bbox 1324 5493 1428 5566; x_wconf 84' lang='lat' dir='ltr'>sagitta</span> <span class='ocrx_word' id='word_1_695' title='bbox 1444 5493 1574 5550; x_wconf 87' lang='lat' dir='ltr'>Jonathoe</span> <span class='ocrx_word' id='word_1_696' title='bbox 1590 5508 1741 5565; x_wconf 84' lang='lat' dir='ltr'>nunquam</span> 
     </span>
     <span class='ocr_line' id='line_1_97' title="bbox 943 5563 1737 5632; baseline 0.004 -13"><span class='ocrx_word' id='word_1_697' title='bbox 943 5564 1026 5620; x_wconf 88' lang='lat' dir='ltr'>rediit</span> <span class='ocrx_word' id='word_1_698' title='bbox 1041 5571 1210 5632; x_wconf 86' lang='lat' dir='ltr'>retrorsum3</span> <span class='ocrx_word' id='word_1_699' title='bbox 1230 5563 1350 5621; x_wconf 80' lang='lat' dir='ltr'>Arabica</span> <span class='ocrx_word' id='word_1_700' title='bbox 1372 5579 1440 5620; x_wconf 91' lang='lat' dir='ltr'>vero</span> <span class='ocrx_word' id='word_1_701' title='bbox 1461 5563 1605 5632; x_wconf 87' lang='lat' dir='ltr'>anteriori,</span> <span class='ocrx_word' id='word_1_702' title='bbox 1626 5572 1655 5621; x_wconf 89' lang='lat' dir='ltr'>et</span> <span class='ocrx_word' id='word_1_703' title='bbox 1670 5566 1737 5624; x_wconf 86' lang='lat' dir='ltr'>Ver·</span> 
     </span>
     <span class='ocr_line' id='line_1_98' title="bbox 942 5633 1655 5694; baseline 0.001 -2"><span class='ocrx_word' id='word_1_704' title='bbox 942 5634 1054 5692; x_wconf 85' lang='lat' dir='ltr'>sionem</span> <span class='ocrx_word' id='word_1_705' title='bbox 1068 5635 1152 5692; x_wconf 86' lang='lat' dir='ltr'>istam</span> <span class='ocrx_word' id='word_1_706' title='bbox 1168 5633 1214 5691; x_wconf 87' lang='lat' dir='ltr'>hic</span> <span class='ocrx_word' id='word_1_707' title='bbox 1226 5641 1340 5692; x_wconf 86' lang='lat' dir='ltr'>secutus</span> <span class='ocrx_word' id='word_1_708' title='bbox 1355 5643 1398 5692; x_wconf 84' lang='lat' dir='ltr'>est</span> <span class='ocrx_word' id='word_1_709' title='bbox 1414 5642 1510 5693; x_wconf 82' lang='lat' dir='ltr'>noster</span> <span class='ocrx_word' id='word_1_710' title='bbox 1525 5635 1655 5694; x_wconf 86' lang='lat' dir='ltr'>Sanctus.</span> 
     </span>
    </p>
   </div>
   <div class='ocr_carea' id='block_1_8' title="bbox 0 0 1980 6197">
    <p class='ocr_par' dir='ltr' id='par_1_10' title="bbox 0 0 1980 6197">
     <span class='ocr_line' id='line_1_99' title="bbox 0 0 1980 6197; baseline 0 0"><span class='ocrx_word' id='word_1_711' title='bbox 0 0 1980 6197; x_wconf 95' lang='lat' dir='ltr'> </span> 
     </span>
    </p>
   </div>
  </div>
 </body>
</html>
