3950 6200
772 511 843 598 lo
886 508 1078 598 orani
1133 470 1145 481 ’
1246 634 1254 645 Χ

327 800 627 928 sunem
699 797 1060 926 uurouu
1133 793 1520 923 annuunt

695 1120 893 1183 ORDINIS
931 1116 1165 1181 MINORUM

543 1380 1313 1555 PROLEGOMENA

447 2119 509 2209 IN
552 2117 734 2209 vitum
776 2118 814 2208 S.
852 2116 1095 2207 ANTONII
1142 2114 1407 2206 PADUANI.

152 2433 260 2496 Plures
271 2434 353 2497 sunt
366 2432 425 2511 qui
439 2435 477 2495 D.
488 2431 625 2495 Antonii
638 2431 741 2494 vitam
761 2445 901 2493 narrare

121 2531 214 2593 conati
237 2532 326 2592 sunt.
351 2532 553 2607 Interquos,
578 2528 712 2607 quidam
738 2542 805 2589 non
832 2529 900 2589 tam

122 2616 901 2705 iactaquamlaudessanctirirlretulerunt,non

121 2726 175 2787 tam
188 2726 361 2789 historiam
382 2739 582 2802 componere
601 2724 789 2799 satagentes
803 2737 901 2800 quam

122 2823 342 2885 miraculorum
353 2820 476 2883 seriem
491 2820 679 2882 efformare.
696 2820 816 2897 Sisque
827 2820 903 2881 titu-

121 2919 176 2980 lum
187 2920 346 2998 imposuit
356 2935 418 2979 suo
431 2918 528 2989 libro,
536 2914 631 2979 uerbi
640 2918 760 2993 gratia,
772 2916 900 2978 Abreu:

120 3016 166 3078 au
186 3021 302 3079 mens
326 3020 367 3078 tre
389 3016 572 3088 comdeme,
593 3031 654 3076 seu
675 3017 709 3076 S.
725 3014 900 3085 Antonius,

121 3113 266 3177 luminare
281 3118 395 3192 majus
410 3113 498 3175 inter
511 3115 602 3175 astra
616 3112 730 3173 mundi
746 3111 905 3173 Francis·

122 3213 193 3272 cani.
209 3214 274 3285 Sic,
294 3211 446 3273 Bonucci
466 3214 607 3272 :Heres
627 3211 901 3286 Portaputeusts,

121 3309 148 3368 S.
165 3310 324 3371 Antonius
348 3306 529 3369 Paduanus
541 3328 549 3381 ;
563 3306 690 3367 ’036013
711 3308 902 3380 :Antiquo-

121 3419 230 3468 uooum
243 3410 469 3476 miraculum,
496 3405 558 3465 etc.
573 3419 581 3476 ;
598 3402 722 3464 Grandi
739 3425 747 3463 z
762 3406 903 3464 Trium

119 3505 192 3574 plues
200 3503 280 3575 fidei
287 3502 324 3563 in
332 3502 447 3564 vitas.
459 3499 596 3582 Antonii
606 3499 772 3574 Padnani3
789 3499 905 3560 Schin-

121 3597 180 3659 tler
204 3622 212 3660 ε
239 3603 458 3662 Miracadum
486 3600 716 3672 Hispanicum
743 3598 783 3658 S.
806 3599 905 3658 Anto

121 3693 196 3757 nium
210 3698 423 3767 Paduanum,
435 3696 470 3757 et
483 3695 542 3758 alii
551 3694 666 3756 codem
680 3694 906 3755 modoeollau-

122 3790 229 3855 dantes.
246 3795 312 3856 Sed
326 3795 398 3856 tres
408 3792 493 3854 Vitae
509 3793 596 3864 sunt,
609 3791 649 3852 de
664 3790 783 3870 qulbus
799 3806 904 3867 pauca

123 3888 172 3951 tibi
181 3892 333 3965 dicenda,
348 3890 465 3952 lector.

154 3989 256 4050 Prima
270 3990 364 4060 Vita,
380 4002 454 4064 quae
470 3986 555 4048 alias
575 3999 690 4047 omnes
708 3984 905 4062 antiquitate

44 4114 45 4119 κ
123 4087 252 4160 superat,
268 4100 310 4147 ea
331 4085 385 4146 est
403 4099 477 4161 qnae
494 4083 529 4143 in
545 4082 699 4158 Legenda
711 4083 814 4159 prisci
826 4081 906 4143 bre-

124 4179 208 4242 viarii
241 4183 550 4245 Franciscanorum
586 4181 786 4241 continetur.
825 4183 905 4240 Eam

44 4280 45 4313 ³
122 4277 203 4341 nobis
224 4284 261 4342 P.
280 4278 466 4355 Azzoguidi
488 4277 637 4350 tradidit,
662 4293 681 4339 e
706 4279 775 4339 MS.
799 4278 906 4340 reteri

122 4380 309 4454 excerptam.
346 4380 454 4450 Quam
486 4375 649 4451 integram
676 4375 787 4452 legere
807 4359 907 4452 'potes

123 4469 206 4534 inira.

154 4569 299 4632 &cunda
322 4585 366 4632 ea
385 4571 437 4632 est
454 4583 552 4648 quam
576 4569 672 4631 Sicco
691 4567 906 4631 Polentonius

123 4669 289 4731 mntexmt.
308 4671 407 4730 Hanc
420 4667 532 4740 etiam,
546 4667 642 4743 quasi
655 4667 790 4728 omnino
804 4667 905 4742 igno·

44 4800 45 4803 ¹
122 4762 178 4823 tam
191 4780 210 4826 a
223 4763 444 4835 doctioribus,
458 4765 495 4824 P.
510 4763 690 4840 Azzoguidi
704 4764 792 4841 typis
811 4779 908 4823 man·

122 4856 209 4934 davit
220 4862 267 4924 ita
278 4862 489 4938 subjungens
506 4882 514 4919 ε

154 4973 171 5016 r
189 4960 282 5020 illam
305 4957 464 5020 Patribus
478 4956 676 5033 Waddingo,
693 4958 727 5017 et
739 4955 908 5032 Papebro-

43 5076 44 5131 3
124 5052 188 5116 chio
217 5072 358 5134 prorsus
379 5055 527 5130 ignotam
544 5053 707 5131 exscripsi
727 5070 770 5115 ex
789 5053 908 5115 Codice

126 5150 181 5211 lis.
200 5153 420 5215 Bibliotheca
444 5153 567 5213 nostrae
594 5152 627 5211 S.
642 5151 813 5212 Francisci
837 5153 908 5211 Ra-

43 5300 44 5305 ,
124 5260 238 5320 tenna,
262 5264 365 5327 quem
394 5264 476 5309 meae
499 5247 577 5309 fidei
602 5248 815 5329 commiserat
842 5263 908 5309 non

126 5343 259 5419 vulgaris
286 5346 429 5407 comitas
444 5347 477 5406 et
493 5344 681 5421 benignitas
703 5347 740 5404 Ρ.
756 5344 909 5420 Magistri

43 5484 45 5507 ,
126 5439 250 5503 loannis
274 5442 413 5504 Antonii
438 5442 626 5503 Montauari
648 5443 771 5503 nostrae
795 5444 908 5503 Bomo-

157 5597 194 5668 (u
209 5599 249 5656 ln
265 5603 322 5657 un.
342 5599 420 5668 esar,
437 5585 465 5656 n.
477 5600 518 5656 lo.

955 2431 1083 2494 niensis
1102 2428 1291 2496 Provintiae
1315 2432 1395 2495 olim
1422 2431 1581 2513 Ministri,
1610 2429 1751 2507 insignis

955 2530 1103 2607 ejusdem
1128 2530 1343 2593 Bibliothecae
1367 2529 1616 2592 instauratoris.
1639 2528 1751 2589 Codex
1856 2610 1859 2615 .

955 2626 1188 2690 membraneus
1211 2629 1262 2689 est
1282 2627 1438 2689 loliorum
1460 2628 1498 2688 41
1520 2625 1554 2687 in
1571 2627 1699 2704 quarto,
1718 2626 1754 2686 ut

956 2724 1062 2796 alunt,
1087 2740 1202 2802 parve.
1243 2725 1425 2787 Charaoter
1448 2723 1573 2785 nitidus
1598 2746 1606 2784 ε
1632 2723 1752 2785 litterae

956 2822 1116 2900 capitales
1132 2838 1226 2894 auro,
1240 2821 1411 2900 variisque
1422 2820 1588 2884 coloribus
1600 2820 1753 2898 pulcher·

956 2918 1042 2980 rime
1058 2922 1196 2982 ornatae.
1214 2921 1305 2981 Intra
1324 2920 1469 2982 litteram
1484 2921 1521 2990 D,
1534 2929 1607 2996 quae
1622 2918 1755 2979 initium

957 3019 1010 3078 est
1021 3016 1244 3092 Praelationis,
1258 3017 1388 3094 depicta
1407 3017 1613 3094 conspicitur
1626 3014 1755 3091 effigies

958 3116 1072 3177 Sancti
1087 3116 1176 3177 inter
1186 3115 1402 3177 densissimos
1415 3115 1511 3175 nucis
1522 3130 1644 3185 ramos,
1661 3115 1756 3189 tugu·

957 3212 1035 3273 rioli
1050 3212 1158 3274 instar
1167 3213 1355 3289 colligatos,
1372 3211 1529 3283 sedentis,
1546 3226 1586 3272 ac
1601 3211 1756 3272 scriben-

957 3310 1001 3371 tis
1017 3326 1024 3370 :
1042 3309 1083 3371 ab
1097 3313 1169 3387 ejus
1182 3309 1278 3381 lava,
1296 3310 1386 3370 scala
1411 3324 1431 3369 a
1453 3309 1543 3370 terra
1567 3308 1608 3370 ad
1624 3306 1756 3368 arboris

958 3422 1070 3468 ramos
1083 3406 1263 3485 pertingit;
1277 3422 1297 3468 a
1313 3406 1450 3467 dextera
1458 3420 1550 3473 vero,
1561 3404 1755 3466 bumisedet

958 3507 1031 3582 ejus
1055 3504 1166 3565 socius
1190 3503 1326 3564 intentis
1346 3504 1381 3564 in
1402 3517 1477 3563 eum
1505 3501 1612 3563 oculis
1638 3502 1753 3578 suspi-

959 3602 1062 3662 ciens.
1079 3603 1129 3661 Ex
1142 3601 1207 3662 isto
1222 3615 1321 3677 porro
1339 3599 1577 3662 commentario
1590 3597 1754 3676 Hippoly-

959 3699 1013 3760 tus
1034 3697 1074 3760 de
1096 3698 1201 3760 Ponte
1225 3696 1408 3760 Patruinus
1432 3696 1591 3759 Minorita
1609 3712 1756 3758 conven-

959 3794 1757 3871 tualis,S.Tbeologiaemagisterplurimatrans·

960 3893 1036 3955 tulit
1062 3893 1098 3954 in
1121 3894 1152 3954 s.
1172 3891 1309 3955 Antonii
1332 3891 1525 3964 Historiam,
1545 3908 1643 3969 quam
1663 3892 1756 3967 large

960 3992 994 4054 et
1008 3991 1129 4053 diffuse
1152 3991 1268 4053 italico
1284 4006 1437 4052 sermone
1459 3991 1606 4052 omnium
1629 3991 1756 4069 primus

961 4089 1149 4167 descripsit,
1185 4104 1324 4167 eamque
1352 4088 1559 4165 nuncupavit
1586 4089 1755 4151 Lndovico
1818 4170 1820 4174 ¹

960 4202 979 4248 e
1008 4186 1185 4249 comitibus
1209 4186 1317 4249 sancti
1338 4185 1503 4247 Bonilacii
1527 4187 1756 4262 protonotario
1885 4199 1889 4206 ’

960 4283 1156 4362 apostolico,
1173 4284 1208 4346 et
1226 4282 1390 4344 canonico
1403 4282 1577 4355 Patauino,
1600 4298 1697 4359 quem
1712 4299 1756 4344 en

960 4381 1043 4459 ipsis
1063 4379 1180 4443 mortis
1197 4379 1349 4442 faucibus
1366 4394 1481 4440 mense
1502 4381 1650 4455 Augusto
1674 4382 1755 4442 anni

960 4480 1160 4542 MDXXVIII
1175 4476 1264 4539 beati
1278 4477 1413 4538 Antonii
1436 4476 1578 4539 meritiis
1593 4480 1753 4555 ereptum,
1832 4545 1840 4554 ⁸

960 4576 1130 4654 firmaeque
1155 4573 1378 4636 incolumitati
1401 4574 1591 4637 restitutum
1619 4575 1700 4640 dicit
1721 4579 1755 4639 in

961 4673 1101 4752 epistola
1129 4669 1576 4752 nuncupatoriafllppolyti
1607 4674 1756 4737 Historia

961 4770 1050 4833 edita
1065 4769 1127 4831 luit
1140 4767 1289 4830 venetiis
1303 4768 1391 4846 typis
1409 4769 1579 4830 Guilielmi
1594 4787 1613 4831 a
1637 4773 1757 4834 Fonta-

962 4869 1039 4929 neto
1066 4866 1106 4928 de
1131 4864 1380 4937 Monteferrato‚
1408 4866 1462 4927 die
1490 4869 1533 4928 vl
1560 4869 1639 4928 Maii
1666 4885 1755 4933 anno

962 4953 1157 5035 MDXXXII,
1171 4964 1209 5024 ut
1218 4962 1339 5038 legitur
1346 4963 1381 5023 in
1390 4962 1456 5023 tine
1466 4963 1576 5038 operis
1589 4963 1754 5041 impressi,

963 5078 1003 5123 ac
1024 5062 1126 5124 etiam
1147 5060 1234 5136 apud
1255 5059 1479 5134 Waddingum
1504 5056 1567 5137 (1);
1590 5074 1656 5121 non
1676 5079 1756 5125 vero

962 5160 1092 5231 MDLII,
1109 5158 1146 5218 ut
1167 5155 1283 5217 scribit
1307 5157 1343 5215 P.
1364 5154 1610 5232 Papebrochius
1624 5155 1683 5237 (2),
1699 5162 1757 5236 qui

963 5252 1095 5314 stillam
1108 5266 1175 5312 non
1188 5248 1375 5325 abjecisset,
1389 5246 1539 5325 pluribus
1554 5249 1642 5323 aliis,
1652 5269 1756 5329 quasa

964 5345 1400 5412 PolentoniiCommentario
1411 5344 1608 5423 Hippolytus
1616 5339 1754 5428 accepit,

963 5446 1136 5507 miraculis
1150 5447 1232 5506 Acta
1247 5442 1361 5505 Sancti
1376 5442 1620 5518 locupletasset.
1637 5463 1656 5505 u
1778 5436 1781 5442 ’

1000 5595 1040 5666 (il
1060 5587 1123 5651 Act.
1138 5593 1199 5660 SS,
1216 5590 1250 5649 m
1261 5590 1336 5662 jun,
1349 5589 1508 5650 Commeat.
1522 5606 1615 5663 prav,
1629 5608 1658 5651 n.
1674 5598 1701 5656 8.
