<?xml version="1.0" encoding="UTF-8"?>
<!DOCTYPE html PUBLIC "-//W3C//DTD XHTML 1.0 Transitional//EN"
    "http://www.w3.org/TR/xhtml1/DTD/xhtml1-transitional.dtd">
<html xmlns="http://www.w3.org/1999/xhtml" xml:lang="en" lang="en">
 <head>
  <title>
</title>
<meta http-equiv="Content-Type" content="text/html;charset=utf-8" />
  <meta name='ocr-system' content='tesseract 3.04.00' />
  <meta name='ocr-capabilities' content='ocr_page ocr_carea ocr_par ocr_line ocrx_word'/>
</head>
<body>
  <div class='ocr_page' id='page_1' title='image "./mediiaevibiblio09bottgoog/mediiaevibiblio09bottgoog_0135.png"; bbox 0 0 3950 6200; ppageno 0'>
   <div class='ocr_carea' id='block_1_1' title="bbox 709 882 1188 1058">
    <p class='ocr_par' dir='ltr' id='par_1_1' title="bbox 709 882 1188 1058">
     <span class='ocr_line' id='line_1_1' title="bbox 709 882 1188 1058; baseline -0.01 -47"><span class='ocrx_word' id='word_1_1' title='bbox 709 882 1104 1058; x_wconf 83' lang='lat' dir='ltr'>uourruu</span> <span class='ocrx_word' id='word_1_2' title='bbox 1184 1039 1188 1050; x_wconf 16' lang='lat'>¹</span> 
     </span>
    </p>
   </div>
   <div class='ocr_carea' id='block_1_2' title="bbox 385 1180 1535 1268">
    <p class='ocr_par' dir='ltr' id='par_1_2' title="bbox 385 1180 1535 1268">
     <span class='ocr_line' id='line_1_2' title="bbox 385 1180 1535 1268; baseline -0.01 -26"><span class='ocrx_word' id='word_1_3' title='bbox 385 1197 404 1242; x_wconf 82' lang='lat' dir='ltr'>a</span> <span class='ocrx_word' id='word_1_4' title='bbox 435 1183 473 1244; x_wconf 85' lang='lat' dir='ltr'>R.</span> <span class='ocrx_word' id='word_1_5' title='bbox 507 1184 543 1242; x_wconf 88' lang='lat' dir='ltr'>P.</span> <span class='ocrx_word' id='word_1_6' title='bbox 575 1182 762 1246; x_wconf 81' lang='lat' dir='ltr'>JoaNNn</span> <span class='ocrx_word' id='word_1_7' title='bbox 786 1184 852 1268; x_wconf 58' lang='lat' dir='ltr'>⁸Dii</span> <span class='ocrx_word' id='word_1_8' title='bbox 885 1184 944 1244; x_wconf 83' lang='lat' dir='ltr'>LA</span> <span class='ocrx_word' id='word_1_9' title='bbox 974 1180 1105 1244; x_wconf 82' lang='lat' dir='ltr'>HAYE</span> <span class='ocrx_word' id='word_1_10' title='bbox 1135 1190 1423 1241; x_wconf 81' lang='lat' dir='ltr'>couscarrruu.</span> <span class='ocrx_word' id='word_1_11' title='bbox 1532 1225 1535 1230; x_wconf 77' lang='grc'>,</span> 
     </span>
    </p>
   </div>
   <div class='ocr_carea' id='block_1_3' title="bbox 815 1364 995 1430">
    <p class='ocr_par' dir='ltr' id='par_1_3' title="bbox 815 1364 995 1430">
     <span class='ocr_line' id='line_1_3' title="bbox 815 1364 995 1430; baseline -0.006 -14"><span class='ocrx_word' id='word_1_12' title='bbox 815 1367 900 1430; x_wconf 80' lang='lat' dir='ltr'>(Anno</span> <span class='ocrx_word' id='word_1_13' title='bbox 913 1364 995 1428; x_wconf 80' lang='lat' dir='ltr'>loll.)</span> 
     </span>
    </p>
   </div>
   <div class='ocr_carea' id='block_1_4' title="bbox 618 1921 1195 2011">
    <p class='ocr_par' dir='ltr' id='par_1_4' title="bbox 618 1921 1195 2011">
     <span class='ocr_line' id='line_1_4' title="bbox 618 1921 1195 2011; baseline 0 -2"><span class='ocrx_word' id='word_1_14' title='bbox 618 1922 889 2011; x_wconf 82' lang='lat' dir='ltr'><strong>BENIGNO</strong></span> <span class='ocrx_word' id='word_1_15' title='bbox 940 1921 1195 2011; x_wconf 84' lang='lat' dir='ltr'>LECTORI</span> 
     </span>
    </p>
   </div>
   <div class='ocr_carea' id='block_1_5' title="bbox 38 2171 1782 5651">
    <p class='ocr_par' dir='ltr' id='par_1_5' title="bbox 38 2171 1782 3623">
     <span class='ocr_line' id='line_1_5' title="bbox 135 2171 1725 2252; baseline -0.002 -17"><span class='ocrx_word' id='word_1_16' title='bbox 135 2173 302 2235; x_wconf 79' lang='lat' dir='ltr'><strong>Promissis</strong></span> <span class='ocrx_word' id='word_1_17' title='bbox 317 2188 527 2252; x_wconf 75' lang='lat' dir='ltr'>nequaquam</span> <span class='ocrx_word' id='word_1_18' title='bbox 542 2175 676 2247; x_wconf 89' lang='lat' dir='ltr'>starem,</span> <span class='ocrx_word' id='word_1_19' title='bbox 695 2175 725 2235; x_wconf 91' lang='lat' dir='ltr'>si</span> <span class='ocrx_word' id='word_1_20' title='bbox 739 2174 877 2235; x_wconf 86' lang='lat' dir='ltr'>saneto-</span> <span class='ocrx_word' id='word_1_21' title='bbox 931 2172 1116 2233; x_wconf 84' lang='lat' dir='ltr'>amicorum</span> <span class='ocrx_word' id='word_1_22' title='bbox 1131 2186 1248 2248; x_wconf 90' lang='lat' dir='ltr'>preces</span> <span class='ocrx_word' id='word_1_23' title='bbox 1262 2171 1462 2247; x_wconf 75' lang='lat' dir='ltr'>importunes</span> <span class='ocrx_word' id='word_1_24' title='bbox 1476 2172 1674 2246; x_wconf 77' lang='lat' dir='ltr'>coegissent,</span> <span class='ocrx_word' id='word_1_25' title='bbox 1691 2171 1725 2232; x_wconf 90' lang='lat' dir='ltr'>et</span> 
     </span>
     <span class='ocr_line' id='line_1_6' title="bbox 105 2267 1726 2348; baseline -0.001 -19"><span class='ocrx_word' id='word_1_26' title='bbox 105 2282 163 2329; x_wconf 87' lang='lat' dir='ltr'>rum</span> <span class='ocrx_word' id='word_1_27' title='bbox 182 2271 307 2331; x_wconf 83' lang='lat' dir='ltr'><strong>ordinis</strong></span> <span class='ocrx_word' id='word_1_28' title='bbox 334 2271 441 2333; x_wconf 85' lang='lat' dir='ltr'>nostri</span> <span class='ocrx_word' id='word_1_29' title='bbox 465 2271 633 2348; x_wconf 83' lang='lat' dir='ltr'>seraphici</span> <span class='ocrx_word' id='word_1_30' title='bbox 663 2271 877 2332; x_wconf 87' lang='lat' dir='ltr'>monumenta</span> <span class='ocrx_word' id='word_1_31' title='bbox 931 2268 1140 2329; x_wconf 70' lang='lat' dir='ltr'>validissima</span> <span class='ocrx_word' id='word_1_32' title='bbox 1159 2268 1201 2329; x_wconf 89' lang='lat' dir='ltr'>ad</span> <span class='ocrx_word' id='word_1_33' title='bbox 1223 2268 1256 2328; x_wconf 93' lang='lat' dir='ltr'>id</span> <span class='ocrx_word' id='word_1_34' title='bbox 1279 2267 1468 2344; x_wconf 79' lang='lat' dir='ltr'>impulisset</span> <span class='ocrx_word' id='word_1_35' title='bbox 1486 2269 1583 2340; x_wconf 91' lang='lat' dir='ltr'>ratio,</span> <span class='ocrx_word' id='word_1_36' title='bbox 1607 2283 1726 2344; x_wconf 80' lang='lat' dir='ltr'>nempe</span> 
     </span>
     <span class='ocr_line' id='line_1_7' title="bbox 104 2363 1725 2440; baseline 0.002 -17"><span class='ocrx_word' id='word_1_37' title='bbox 104 2363 157 2426; x_wconf 90' lang='lat' dir='ltr'>luci</span> <span class='ocrx_word' id='word_1_38' title='bbox 168 2368 215 2428; x_wconf 83' lang='lat' dir='ltr'>rel</span> <span class='ocrx_word' id='word_1_39' title='bbox 229 2368 470 2440; x_wconf 87' lang='lat' dir='ltr'>emendatiora,</span> <span class='ocrx_word' id='word_1_40' title='bbox 486 2369 540 2431; x_wconf 84' lang='lat' dir='ltr'>rel</span> <span class='ocrx_word' id='word_1_41' title='bbox 555 2370 706 2431; x_wconf 86' lang='lat' dir='ltr'>auctiora</span> <span class='ocrx_word' id='word_1_42' title='bbox 721 2384 789 2430; x_wconf 91' lang='lat' dir='ltr'>non</span> <span class='ocrx_word' id='word_1_43' title='bbox 803 2384 878 2430; x_wconf 88' lang='lat' dir='ltr'>res-</span> <span class='ocrx_word' id='word_1_44' title='bbox 932 2367 1174 2427; x_wconf 80' lang='lat' dir='ltr'>Bibliotbeeam</span> <span class='ocrx_word' id='word_1_45' title='bbox 1197 2368 1345 2426; x_wconf 87' lang='lat' dir='ltr'>nostram</span> <span class='ocrx_word' id='word_1_46' title='bbox 1365 2369 1638 2427; x_wconf 70' lang='lat' dir='ltr'>dbarrclsconom</span> <span class='ocrx_word' id='word_1_47' title='bbox 1654 2365 1725 2426; x_wconf 87' lang='lat' dir='ltr'>lore</span> 
     </span>
     <span class='ocr_line' id='line_1_8' title="bbox 105 2460 1726 2542; baseline 0 -20"><span class='ocrx_word' id='word_1_48' title='bbox 105 2461 245 2538; x_wconf 77' lang='lat' dir='ltr'>timerem,</span> <span class='ocrx_word' id='word_1_49' title='bbox 273 2467 313 2526; x_wconf 92' lang='lat' dir='ltr'>ut</span> <span class='ocrx_word' id='word_1_50' title='bbox 343 2466 479 2527; x_wconf 87' lang='lat' dir='ltr'>taudem</span> <span class='ocrx_word' id='word_1_51' title='bbox 512 2469 663 2528; x_wconf 87' lang='lat' dir='ltr'>sanctam</span> <span class='ocrx_word' id='word_1_52' title='bbox 687 2465 877 2542; x_wconf 82' lang='lat' dir='ltr'>posteritati</span> <span class='ocrx_word' id='word_1_53' title='bbox 931 2460 1171 2537; x_wconf 79' lang='lat' dir='ltr'>imperfectam,</span> <span class='ocrx_word' id='word_1_54' title='bbox 1188 2462 1223 2521; x_wconf 91' lang='lat' dir='ltr'>ni</span> <span class='ocrx_word' id='word_1_55' title='bbox 1244 2462 1391 2522; x_wconf 89' lang='lat' dir='ltr'>omnium</span> <span class='ocrx_word' id='word_1_56' title='bbox 1412 2461 1611 2539; x_wconf 87' lang='lat' dir='ltr'>scriptorum</span> <span class='ocrx_word' id='word_1_57' title='bbox 1630 2462 1726 2523; x_wconf 88' lang='lat' dir='ltr'>ante-</span> 
     </span>
     <span class='ocr_line' id='line_1_9' title="bbox 105 2558 1725 2640; baseline 0.001 -22"><span class='ocrx_word' id='word_1_58' title='bbox 105 2561 272 2636; x_wconf 87' lang='lat' dir='ltr'>oonsiguem</span> <span class='ocrx_word' id='word_1_59' title='bbox 303 2564 548 2624; x_wconf 79' lang='lat' dir='ltr'>Bibliothecam</span> <span class='ocrx_word' id='word_1_60' title='bbox 581 2567 876 2624; x_wconf 70' lang='lat' dir='ltr'>drancbcouom:</span> <span class='ocrx_word' id='word_1_61' title='bbox 932 2559 1093 2634; x_wconf 88' lang='lat' dir='ltr'>signanus</span> <span class='ocrx_word' id='word_1_62' title='bbox 1113 2559 1316 2640; x_wconf 83' lang='lat' dir='ltr'>Franciscus</span> <span class='ocrx_word' id='word_1_63' title='bbox 1333 2560 1368 2618; x_wconf 92' lang='lat' dir='ltr'>in</span> <span class='ocrx_word' id='word_1_64' title='bbox 1385 2574 1428 2619; x_wconf 90' lang='lat' dir='ltr'>ea</span> <span class='ocrx_word' id='word_1_65' title='bbox 1452 2559 1595 2634; x_wconf 90' lang='lat' dir='ltr'>primum</span> <span class='ocrx_word' id='word_1_66' title='bbox 1616 2558 1725 2619; x_wconf 90' lang='lat' dir='ltr'>locum</span> 
     </span>
     <span class='ocr_line' id='line_1_10' title="bbox 105 2651 1726 2737; baseline 0.002 -22"><span class='ocrx_word' id='word_1_67' title='bbox 105 2651 214 2717; x_wconf 82' lang='lat' dir='ltr'>hincab</span> <span class='ocrx_word' id='word_1_68' title='bbox 228 2659 357 2737; x_wconf 86' lang='lat' dir='ltr'>aliquot</span> <span class='ocrx_word' id='word_1_69' title='bbox 368 2659 478 2728; x_wconf 89' lang='lat' dir='ltr'>annis,</span> <span class='ocrx_word' id='word_1_70' title='bbox 492 2660 566 2736; x_wconf 88' lang='lat' dir='ltr'>post</span> <span class='ocrx_word' id='word_1_71' title='bbox 580 2659 748 2721; x_wconf 87' lang='lat' dir='ltr'>absolutos</span> <span class='ocrx_word' id='word_1_72' title='bbox 762 2658 796 2719; x_wconf 92' lang='lat' dir='ltr'>iu</span> <span class='ocrx_word' id='word_1_73' title='bbox 811 2663 878 2721; x_wconf 77' lang='lat' dir='ltr'>Ge·</span> <span class='ocrx_word' id='word_1_74' title='bbox 932 2656 1107 2728; x_wconf 84' lang='lat' dir='ltr'>obtineret,</span> <span class='ocrx_word' id='word_1_75' title='bbox 1159 2657 1285 2717; x_wconf 91' lang='lat' dir='ltr'>eisdem</span> <span class='ocrx_word' id='word_1_76' title='bbox 1333 2655 1559 2717; x_wconf 84' lang='lat' dir='ltr'>caracteribus</span> <span class='ocrx_word' id='word_1_77' title='bbox 1606 2656 1726 2734; x_wconf 86' lang='lat' dir='ltr'>quibus</span> 
     </span>
     <span class='ocr_line' id='line_1_11' title="bbox 104 2754 1723 2834; baseline 0 -21"><span class='ocrx_word' id='word_1_78' title='bbox 104 2756 877 2834; x_wconf 69' lang='lat' dir='ltr'>mimoommmtariosnostros,quatuortomis</span> <span class='ocrx_word' id='word_1_79' title='bbox 932 2754 1071 2824; x_wconf 91' lang='lat' dir='ltr'>alumni,</span> <span class='ocrx_word' id='word_1_80' title='bbox 1081 2756 1251 2825; x_wconf 72' lang='lat' dir='ltr'>exaratus</span> <span class='ocrx_word' id='word_1_81' title='bbox 1263 2755 1332 2815; x_wconf 91' lang='lat' dir='ltr'>tum</span> <span class='ocrx_word' id='word_1_82' title='bbox 1342 2754 1723 2830; x_wconf 90' lang='lat' dir='ltr'>cumneminemputem,</span> 
     </span>
     <span class='ocr_line' id='line_1_12' title="bbox 106 2849 1726 2930; baseline 0.001 -21"><span class='ocrx_word' id='word_1_83' title='bbox 106 2849 332 2914; x_wconf 88' lang='lat' dir='ltr'>S.Bernardiui</span> <span class='ocrx_word' id='word_1_84' title='bbox 351 2855 510 2914; x_wconf 86' lang='lat' dir='ltr'>Senensis</span> <span class='ocrx_word' id='word_1_85' title='bbox 532 2869 634 2930; x_wconf 89' lang='lat' dir='ltr'>opera</span> <span class='ocrx_word' id='word_1_86' title='bbox 653 2854 820 2924; x_wconf 84' lang='lat' dir='ltr'>distincta,</span> <span class='ocrx_word' id='word_1_87' title='bbox 845 2855 878 2914; x_wconf 85' lang='lat' dir='ltr'>et</span> <span class='ocrx_word' id='word_1_88' title='bbox 932 2852 990 2928; x_wconf 89' lang='lat' dir='ltr'>qui</span> <span class='ocrx_word' id='word_1_89' title='bbox 1001 2850 1113 2912; x_wconf 86' lang='lat' dir='ltr'>divum</span> <span class='ocrx_word' id='word_1_90' title='bbox 1124 2850 1213 2911; x_wconf 79' lang='lat' dir='ltr'>hrrnc</span> <span class='ocrx_word' id='word_1_91' title='bbox 1225 2867 1290 2912; x_wconf 93' lang='lat' dir='ltr'>uon</span> <span class='ocrx_word' id='word_1_92' title='bbox 1301 2851 1434 2927; x_wconf 81' lang='lat' dir='ltr'>diligat3</span> <span class='ocrx_word' id='word_1_93' title='bbox 1447 2851 1614 2911; x_wconf 87' lang='lat' dir='ltr'>neminem</span> <span class='ocrx_word' id='word_1_94' title='bbox 1625 2851 1726 2912; x_wconf 90' lang='lat' dir='ltr'>etiam</span> 
     </span>
     <span class='ocr_line' id='line_1_13' title="bbox 104 2947 1782 3038; baseline 0.003 -35"><span class='ocrx_word' id='word_1_95' title='bbox 104 2950 294 3022; x_wconf 82' lang='lat' dir='ltr'>correctiora,</span> <span class='ocrx_word' id='word_1_96' title='bbox 307 2952 426 3011; x_wconf 87' lang='lat' dir='ltr'>etcum</span> <span class='ocrx_word' id='word_1_97' title='bbox 442 2950 664 3026; x_wconf 89' lang='lat' dir='ltr'>plurimorum</span> <span class='ocrx_word' id='word_1_98' title='bbox 676 2953 877 3013; x_wconf 84' lang='lat' dir='ltr'>tractatuum</span> <span class='ocrx_word' id='word_1_99' title='bbox 932 2949 989 3025; x_wconf 88' lang='lat' dir='ltr'>qui</span> <span class='ocrx_word' id='word_1_100' title='bbox 1004 2948 1039 3008; x_wconf 90' lang='lat' dir='ltr'>in</span> <span class='ocrx_word' id='word_1_101' title='bbox 1059 2947 1129 3009; x_wconf 88' lang='lat' dir='ltr'>suis</span> <span class='ocrx_word' id='word_1_102' title='bbox 1144 2947 1366 3019; x_wconf 84' lang='lat' dir='ltr'>bibliothecis,</span> <span class='ocrx_word' id='word_1_103' title='bbox 1388 2948 1536 3025; x_wconf 89' lang='lat' dir='ltr'>ejusdem</span> <span class='ocrx_word' id='word_1_104' title='bbox 1553 2950 1724 3024; x_wconf 86' lang='lat' dir='ltr'>magnitu-</span> <span class='ocrx_word' id='word_1_105' title='bbox 1780 3029 1782 3038; x_wconf 68' lang='lat'>,</span> 
     </span>
     <span class='ocr_line' id='line_1_14' title="bbox 104 3041 1727 3124; baseline 0.004 -22"><span class='ocrx_word' id='word_1_106' title='bbox 104 3041 262 3118; x_wconf 86' lang='lat' dir='ltr'>additione,</span> <span class='ocrx_word' id='word_1_107' title='bbox 274 3046 336 3108; x_wconf 89' lang='lat' dir='ltr'>tibi</span> <span class='ocrx_word' id='word_1_108' title='bbox 351 3047 456 3110; x_wconf 89' lang='lat' dir='ltr'>obtuli</span> <span class='ocrx_word' id='word_1_109' title='bbox 471 3063 593 3109; x_wconf 89' lang='lat' dir='ltr'>munus</span> <span class='ocrx_word' id='word_1_110' title='bbox 608 3064 674 3111; x_wconf 93' lang='lat' dir='ltr'>uon</span> <span class='ocrx_word' id='word_1_111' title='bbox 688 3049 872 3124; x_wconf 81' lang='lat' dir='ltr'>ingratum3</span> <span class='ocrx_word' id='word_1_112' title='bbox 933 3045 1021 3107; x_wconf 88' lang='lat' dir='ltr'>dinis</span> <span class='ocrx_word' id='word_1_113' title='bbox 1036 3046 1233 3107; x_wconf 80' lang='lat' dir='ltr'>eduliorum</span> <span class='ocrx_word' id='word_1_114' title='bbox 1248 3061 1361 3123; x_wconf 89' lang='lat' dir='ltr'>opera,</span> <span class='ocrx_word' id='word_1_115' title='bbox 1385 3062 1452 3107; x_wconf 91' lang='lat' dir='ltr'>nou</span> <span class='ocrx_word' id='word_1_116' title='bbox 1472 3045 1553 3107; x_wconf 89' lang='lat' dir='ltr'>velit</span> <span class='ocrx_word' id='word_1_117' title='bbox 1569 3046 1680 3122; x_wconf 92' lang='lat' dir='ltr'>legere</span> <span class='ocrx_word' id='word_1_118' title='bbox 1694 3048 1727 3109; x_wconf 87' lang='lat' dir='ltr'>et</span> 
     </span>
     <span class='ocr_line' id='line_1_15' title="bbox 38 3138 1724 3223; baseline 0.003 -24"><span class='ocrx_word' id='word_1_119' title='bbox 38 3153 40 3215; x_wconf 66' lang='lat'>1</span> <span class='ocrx_word' id='word_1_120' title='bbox 104 3138 407 3220; x_wconf 65' lang='lat' dir='ltr'>subaperientem</span> <span class='ocrx_word' id='word_1_121' title='bbox 421 3149 585 3207; x_wconf 77' lang='lat' dir='ltr'>Emodum</span> <span class='ocrx_word' id='word_1_122' title='bbox 608 3148 722 3207; x_wconf 90' lang='lat' dir='ltr'>nostra</span> <span class='ocrx_word' id='word_1_123' title='bbox 743 3147 878 3223; x_wconf 81' lang='lat' dir='ltr'>exposi-</span> <span class='ocrx_word' id='word_1_124' title='bbox 933 3144 1031 3221; x_wconf 87' lang='lat' dir='ltr'>quasi</span> <span class='ocrx_word' id='word_1_125' title='bbox 1055 3144 1244 3221; x_wconf 89' lang='lat' dir='ltr'>loquentem</span> <span class='ocrx_word' id='word_1_126' title='bbox 1269 3143 1397 3205; x_wconf 93' lang='lat' dir='ltr'>audire.</span> <span class='ocrx_word' id='word_1_127' title='bbox 1422 3144 1592 3215; x_wconf 84' lang='lat' dir='ltr'>Quomodo</span> <span class='ocrx_word' id='word_1_128' title='bbox 1613 3146 1724 3206; x_wconf 89' lang='lat' dir='ltr'>autem</span> 
     </span>
     <span class='ocr_line' id='line_1_16' title="bbox 38 3220 1725 3318; baseline 0.003 -23"><span class='ocrx_word' id='word_1_129' title='bbox 38 3220 40 3241; x_wconf 69' lang='lat'><em>&#39;</em></span> <span class='ocrx_word' id='word_1_130' title='bbox 103 3235 177 3298; x_wconf 87' lang='lat' dir='ltr'>tione</span> <span class='ocrx_word' id='word_1_131' title='bbox 196 3240 333 3302; x_wconf 89' lang='lat' dir='ltr'>litterali</span> <span class='ocrx_word' id='word_1_132' title='bbox 364 3243 398 3303; x_wconf 92' lang='lat' dir='ltr'>et</span> <span class='ocrx_word' id='word_1_133' title='bbox 422 3243 642 3318; x_wconf 88' lang='lat' dir='ltr'>conceptuali,</span> <span class='ocrx_word' id='word_1_134' title='bbox 672 3244 708 3304; x_wconf 90' lang='lat' dir='ltr'>in</span> <span class='ocrx_word' id='word_1_135' title='bbox 730 3243 877 3304; x_wconf 89' lang='lat' dir='ltr'>medium</span> <span class='ocrx_word' id='word_1_136' title='bbox 932 3240 1156 3302; x_wconf 84' lang='lat' dir='ltr'>haeoinventa</span> <span class='ocrx_word' id='word_1_137' title='bbox 1176 3240 1355 3317; x_wconf 83' lang='lat' dir='ltr'>opuscula,</span> <span class='ocrx_word' id='word_1_138' title='bbox 1372 3257 1433 3301; x_wconf 90' lang='lat' dir='ltr'>cur</span> <span class='ocrx_word' id='word_1_139' title='bbox 1451 3241 1725 3317; x_wconf 84' lang='lat' dir='ltr'>hueusquedeli-</span> 
     </span>
     <span class='ocr_line' id='line_1_17' title="bbox 104 3334 1737 3415; baseline 0.003 -20"><span class='ocrx_word' id='word_1_140' title='bbox 104 3334 247 3409; x_wconf 86' lang='lat' dir='ltr'>prodeunt</span> <span class='ocrx_word' id='word_1_141' title='bbox 260 3340 476 3400; x_wconf 89' lang='lat' dir='ltr'>monumenta</span> <span class='ocrx_word' id='word_1_142' title='bbox 490 3341 682 3402; x_wconf 89' lang='lat' dir='ltr'>omniatum</span> <span class='ocrx_word' id='word_1_143' title='bbox 696 3340 804 3402; x_wconf 90' lang='lat' dir='ltr'>nostri</span> <span class='ocrx_word' id='word_1_144' title='bbox 819 3355 877 3400; x_wconf 87' lang='lat' dir='ltr'>se·</span> <span class='ocrx_word' id='word_1_145' title='bbox 931 3339 1058 3400; x_wconf 89' lang='lat' dir='ltr'>tuerint</span> <span class='ocrx_word' id='word_1_146' title='bbox 1079 3355 1087 3398; x_wconf 94' lang='lat'><strong>:</strong></span> <span class='ocrx_word' id='word_1_147' title='bbox 1117 3353 1233 3399; x_wconf 90' lang='lat' dir='ltr'>eorum</span> <span class='ocrx_word' id='word_1_148' title='bbox 1260 3337 1418 3399; x_wconf 89' lang='lat' dir='ltr'>collector</span> <span class='ocrx_word' id='word_1_149' title='bbox 1439 3339 1472 3398; x_wconf 91' lang='lat' dir='ltr'>et</span> <span class='ocrx_word' id='word_1_150' title='bbox 1494 3342 1669 3415; x_wconf 86' lang='lat' dir='ltr'>reparator</span> <span class='ocrx_word' id='word_1_151' title='bbox 1690 3339 1737 3400; x_wconf 79' lang='lat' dir='ltr'>irr</span> 
     </span>
     <span class='ocr_line' id='line_1_18' title="bbox 38 3431 1725 3515; baseline 0.007 -28"><span class='ocrx_word' id='word_1_152' title='bbox 38 3504 39 3513; x_wconf 8' lang='grc' dir='ltr'>ἵ</span> <span class='ocrx_word' id='word_1_153' title='bbox 104 3431 428 3510; x_wconf 87' lang='lat' dir='ltr'>raphicipatriarchae</span> <span class='ocrx_word' id='word_1_154' title='bbox 440 3437 625 3507; x_wconf 83' lang='lat' dir='ltr'>Francisoi,</span> <span class='ocrx_word' id='word_1_155' title='bbox 642 3438 711 3499; x_wconf 90' lang='lat' dir='ltr'>tum</span> <span class='ocrx_word' id='word_1_156' title='bbox 726 3441 800 3515; x_wconf 79' lang='lat' dir='ltr'>ejus</span> <span class='ocrx_word' id='word_1_157' title='bbox 814 3438 879 3497; x_wconf 89' lang='lat' dir='ltr'>dis·</span> <span class='ocrx_word' id='word_1_158' title='bbox 933 3437 1023 3496; x_wconf 90' lang='lat' dir='ltr'>huno</span> <span class='ocrx_word' id='word_1_159' title='bbox 1046 3435 1190 3507; x_wconf 91' lang='lat' dir='ltr'>modum,</span> <span class='ocrx_word' id='word_1_160' title='bbox 1206 3436 1241 3495; x_wconf 91' lang='lat' dir='ltr'>in</span> <span class='ocrx_word' id='word_1_161' title='bbox 1264 3437 1480 3509; x_wconf 79' lang='lat' dir='ltr'>Prcesatione</span> <span class='ocrx_word' id='word_1_162' title='bbox 1503 3451 1564 3497; x_wconf 90' lang='lat' dir='ltr'>sua</span> <span class='ocrx_word' id='word_1_163' title='bbox 1587 3436 1629 3497; x_wconf 93' lang='lat' dir='ltr'>ad</span> <span class='ocrx_word' id='word_1_164' title='bbox 1653 3438 1725 3499; x_wconf 84' lang='lat' dir='ltr'>lec-</span> 
     </span>
     <span class='ocr_line' id='line_1_19' title="bbox 38 3520 1262 3623; baseline 0.004 -35"><span class='ocrx_word' id='word_1_165' title='bbox 38 3520 40 3623; x_wconf 64' lang='lat'>[</span> <span class='ocrx_word' id='word_1_166' title='bbox 105 3528 188 3602; x_wconf 81' lang='lat' dir='ltr'>cipuli</span> <span class='ocrx_word' id='word_1_167' title='bbox 216 3534 250 3592; x_wconf 89' lang='lat' dir='ltr'>S.</span> <span class='ocrx_word' id='word_1_168' title='bbox 285 3534 422 3594; x_wconf 77' lang='lat' dir='ltr'>Antonii</span> <span class='ocrx_word' id='word_1_169' title='bbox 458 3534 628 3607; x_wconf 88' lang='lat' dir='ltr'>Paduani;</span> <span class='ocrx_word' id='word_1_170' title='bbox 668 3534 878 3596; x_wconf 83' lang='lat' dir='ltr'>subsecuturi</span> <span class='ocrx_word' id='word_1_171' title='bbox 931 3534 1049 3603; x_wconf 90' lang='lat' dir='ltr'>torem,</span> <span class='ocrx_word' id='word_1_172' title='bbox 1063 3531 1262 3593; x_wconf 79' lang='lat' dir='ltr'>satisfaciet:</span> 
     </span>
    </p>

    <p class='ocr_par' dir='ltr' id='par_1_6' title="bbox 38 3620 1728 3998">
     <span class='ocr_line' id='line_1_20' title="bbox 38 3620 1726 3708; baseline 0.007 -25"><span class='ocrx_word' id='word_1_173' title='bbox 38 3676 39 3693; x_wconf 57' lang='lat'>,</span> <span class='ocrx_word' id='word_1_174' title='bbox 104 3620 180 3687; x_wconf 83' lang='lat' dir='ltr'>brari</span> <span class='ocrx_word' id='word_1_175' title='bbox 205 3627 317 3704; x_wconf 90' lang='lat' dir='ltr'>plnres</span> <span class='ocrx_word' id='word_1_176' title='bbox 342 3646 386 3690; x_wconf 79' lang='lat' dir='ltr'>ex</span> <span class='ocrx_word' id='word_1_177' title='bbox 416 3632 511 3691; x_wconf 85' lang='lat' dir='ltr'>MSS.</span> <span class='ocrx_word' id='word_1_178' title='bbox 540 3632 701 3694; x_wconf 75' lang='lat' dir='ltr'>uerutus</span> <span class='ocrx_word' id='word_1_179' title='bbox 728 3632 878 3708; x_wconf 86' lang='lat' dir='ltr'>insigues</span> <span class='ocrx_word' id='word_1_180' title='bbox 973 3630 1066 3703; x_wconf 88' lang='lat' dir='ltr'>Quod</span> <span class='ocrx_word' id='word_1_181' title='bbox 1079 3630 1273 3692; x_wconf 87' lang='lat' dir='ltr'>delituerint</span> <span class='ocrx_word' id='word_1_182' title='bbox 1286 3630 1459 3707; x_wconf 87' lang='lat' dir='ltr'>hucusque</span> <span class='ocrx_word' id='word_1_183' title='bbox 1474 3630 1546 3693; x_wconf 80' lang='lat' dir='ltr'>haeo</span> <span class='ocrx_word' id='word_1_184' title='bbox 1561 3633 1645 3694; x_wconf 90' lang='lat' dir='ltr'>tanti</span> <span class='ocrx_word' id='word_1_185' title='bbox 1661 3633 1726 3695; x_wconf 90' lang='lat' dir='ltr'>viri</span> 
     </span>
     <span class='ocr_line' id='line_1_21' title="bbox 38 3721 1724 3806; baseline 0.008 -27"><span class='ocrx_word' id='word_1_186' title='bbox 38 3760 40 3791; x_wconf 72' lang='lat'>,</span> <span class='ocrx_word' id='word_1_187' title='bbox 106 3721 132 3779; x_wconf 83' lang='lat' dir='ltr'>S.</span> <span class='ocrx_word' id='word_1_188' title='bbox 154 3723 290 3787; x_wconf 85' lang='lat' dir='ltr'>doctoris</span> <span class='ocrx_word' id='word_1_189' title='bbox 323 3726 357 3788; x_wconf 89' lang='lat' dir='ltr'>et</span> <span class='ocrx_word' id='word_1_190' title='bbox 394 3726 576 3789; x_wconf 88' lang='lat' dir='ltr'>cardinalis</span> <span class='ocrx_word' id='word_1_191' title='bbox 613 3730 877 3790; x_wconf 85' lang='lat' dir='ltr'>Bonaventurae:</span> <span class='ocrx_word' id='word_1_192' title='bbox 933 3728 1111 3804; x_wconf 82' lang='lat' dir='ltr'>opuscula,</span> <span class='ocrx_word' id='word_1_193' title='bbox 1135 3744 1202 3789; x_wconf 92' lang='lat' dir='ltr'>non</span> <span class='ocrx_word' id='word_1_194' title='bbox 1230 3727 1352 3790; x_wconf 88' lang='lat' dir='ltr'>obinde</span> <span class='ocrx_word' id='word_1_195' title='bbox 1379 3730 1538 3806; x_wconf 88' lang='lat' dir='ltr'>tanquam</span> <span class='ocrx_word' id='word_1_196' title='bbox 1562 3746 1628 3791; x_wconf 92' lang='lat' dir='ltr'>uon</span> <span class='ocrx_word' id='word_1_197' title='bbox 1652 3740 1724 3804; x_wconf 80' lang='lat' dir='ltr'>sua,</span> 
     </span>
     <span class='ocr_line' id='line_1_22' title="bbox 105 3816 1728 3905; baseline 0.007 -26"><span class='ocrx_word' id='word_1_198' title='bbox 105 3816 878 3905; x_wconf 83' lang='lat' dir='ltr'>taudemooronidemimponeutaliorumscripta</span> <span class='ocrx_word' id='word_1_199' title='bbox 933 3826 1190 3901; x_wconf 82' lang='lat' dir='ltr'>contemnenda3</span> <span class='ocrx_word' id='word_1_200' title='bbox 1207 3825 1272 3886; x_wconf 90' lang='lat' dir='ltr'>nisi</span> <span class='ocrx_word' id='word_1_201' title='bbox 1287 3828 1321 3887; x_wconf 92' lang='lat' dir='ltr'>et</span> <span class='ocrx_word' id='word_1_202' title='bbox 1335 3841 1409 3903; x_wconf 75' lang='lat' dir='ltr'>qnae</span> <span class='ocrx_word' id='word_1_203' title='bbox 1424 3826 1565 3887; x_wconf 89' lang='lat' dir='ltr'>aliorum</span> <span class='ocrx_word' id='word_1_204' title='bbox 1582 3829 1660 3890; x_wconf 90' lang='lat' dir='ltr'>sunt</span> <span class='ocrx_word' id='word_1_205' title='bbox 1672 3829 1728 3889; x_wconf 90' lang='lat' dir='ltr'>in-</span> 
     </span>
     <span class='ocr_line' id='line_1_23' title="bbox 105 3911 1727 3998; baseline 0.005 -20"><span class='ocrx_word' id='word_1_206' title='bbox 105 3911 268 3981; x_wconf 87' lang='lat' dir='ltr'>beatorum.</span> <span class='ocrx_word' id='word_1_207' title='bbox 933 3921 1094 3993; x_wconf 87' lang='lat' dir='ltr'>dubitata,</span> <span class='ocrx_word' id='word_1_208' title='bbox 1120 3921 1251 3983; x_wconf 88' lang='lat' dir='ltr'>noviter</span> <span class='ocrx_word' id='word_1_209' title='bbox 1275 3923 1418 3998; x_wconf 89' lang='lat' dir='ltr'>reperta,</span> <span class='ocrx_word' id='word_1_210' title='bbox 1446 3923 1671 3986; x_wconf 90' lang='lat' dir='ltr'>irreverenter</span> <span class='ocrx_word' id='word_1_211' title='bbox 1694 3928 1727 3987; x_wconf 90' lang='lat' dir='ltr'>et</span> 
     </span>
    </p>

    <p class='ocr_par' dir='ltr' id='par_1_7' title="bbox 107 4014 1727 5651">
     <span class='ocr_line' id='line_1_24' title="bbox 136 4014 1727 4099; baseline 0.006 -24"><span class='ocrx_word' id='word_1_212' title='bbox 136 4014 226 4083; x_wconf 81' lang='lat' dir='ltr'>Quem</span> <span class='ocrx_word' id='word_1_213' title='bbox 241 4017 391 4079; x_wconf 90' lang='lat' dir='ltr'>laborem</span> <span class='ocrx_word' id='word_1_214' title='bbox 405 4018 625 4096; x_wconf 89' lang='lat' dir='ltr'>impenderim</span> <span class='ocrx_word' id='word_1_215' title='bbox 641 4020 676 4082; x_wconf 90' lang='lat' dir='ltr'>in</span> <span class='ocrx_word' id='word_1_216' title='bbox 690 4020 877 4096; x_wconf 86' lang='lat' dir='ltr'>evulgando</span> <span class='ocrx_word' id='word_1_217' title='bbox 932 4020 1057 4080; x_wconf 90' lang='lat' dir='ltr'>temere</span> <span class='ocrx_word' id='word_1_218' title='bbox 1082 4016 1267 4094; x_wconf 88' lang='lat' dir='ltr'>rejicienda</span> <span class='ocrx_word' id='word_1_219' title='bbox 1296 4019 1450 4079; x_wconf 83' lang='lat' dir='ltr'>velimus.</span> <span class='ocrx_word' id='word_1_220' title='bbox 1475 4024 1525 4081; x_wconf 83' lang='lat' dir='ltr'>An</span> <span class='ocrx_word' id='word_1_221' title='bbox 1551 4022 1628 4097; x_wconf 88' lang='lat' dir='ltr'>quia</span> <span class='ocrx_word' id='word_1_222' title='bbox 1653 4025 1727 4099; x_wconf 88' lang='lat' dir='ltr'>post</span> 
     </span>
     <span class='ocr_line' id='line_1_25' title="bbox 107 4110 1727 4194; baseline 0.007 -25"><span class='ocrx_word' id='word_1_223' title='bbox 107 4110 237 4185; x_wconf 78' lang='lat' dir='ltr'>bubulo,</span> <span class='ocrx_word' id='word_1_224' title='bbox 258 4115 339 4191; x_wconf 84' lang='lat' dir='ltr'>quid</span> <span class='ocrx_word' id='word_1_225' title='bbox 363 4114 404 4178; x_wconf 91' lang='lat' dir='ltr'>de</span> <span class='ocrx_word' id='word_1_226' title='bbox 428 4132 514 4178; x_wconf 84' lang='lat' dir='ltr'>noro</span> <span class='ocrx_word' id='word_1_227' title='bbox 536 4117 732 4189; x_wconf 86' lang='lat' dir='ltr'>addiderim,</span> <span class='ocrx_word' id='word_1_228' title='bbox 757 4117 878 4194; x_wconf 87' lang='lat' dir='ltr'>quibus</span> <span class='ocrx_word' id='word_1_229' title='bbox 932 4115 1024 4177; x_wconf 90' lang='lat' dir='ltr'>mille</span> <span class='ocrx_word' id='word_1_230' title='bbox 1038 4117 1314 4177; x_wconf 87' lang='lat' dir='ltr'>centenosannos</span> <span class='ocrx_word' id='word_1_231' title='bbox 1330 4116 1484 4178; x_wconf 78' lang='lat' dir='ltr'>inventus</span> <span class='ocrx_word' id='word_1_232' title='bbox 1497 4117 1538 4178; x_wconf 89' lang='lat' dir='ltr'>ab</span> <span class='ocrx_word' id='word_1_233' title='bbox 1553 4119 1678 4181; x_wconf 87' lang='lat' dir='ltr'>illustri</span> <span class='ocrx_word' id='word_1_234' title='bbox 1693 4120 1727 4181; x_wconf 91' lang='lat' dir='ltr'>et</span> 
     </span>
     <span class='ocr_line' id='line_1_26' title="bbox 107 4202 1726 4289; baseline 0.007 -24"><span class='ocrx_word' id='word_1_235' title='bbox 107 4202 332 4283; x_wconf 81' lang='lat' dir='ltr'>illustraverim,</span> <span class='ocrx_word' id='word_1_236' title='bbox 348 4213 385 4272; x_wconf 91' lang='lat' dir='ltr'>in</span> <span class='ocrx_word' id='word_1_237' title='bbox 400 4215 560 4289; x_wconf 86' lang='lat' dir='ltr'>prooemio</span> <span class='ocrx_word' id='word_1_238' title='bbox 575 4213 617 4275; x_wconf 90' lang='lat' dir='ltr'>ad</span> <span class='ocrx_word' id='word_1_239' title='bbox 632 4216 783 4275; x_wconf 90' lang='lat' dir='ltr'>eumdem</span> <span class='ocrx_word' id='word_1_240' title='bbox 796 4215 877 4276; x_wconf 88' lang='lat' dir='ltr'>bre·</span> <span class='ocrx_word' id='word_1_241' title='bbox 932 4213 1028 4276; x_wconf 87' lang='lat' dir='ltr'>docto</span> <span class='ocrx_word' id='word_1_242' title='bbox 1039 4214 1111 4274; x_wconf 87' lang='lat' dir='ltr'>viro</span> <span class='ocrx_word' id='word_1_243' title='bbox 1123 4213 1248 4276; x_wconf 83' lang='lat' dir='ltr'>Davide</span> <span class='ocrx_word' id='word_1_244' title='bbox 1262 4214 1369 4275; x_wconf 87' lang='lat' dir='ltr'>Rhoto</span> <span class='ocrx_word' id='word_1_245' title='bbox 1382 4213 1584 4286; x_wconf 89' lang='lat' dir='ltr'>Hiberno,iu</span> <span class='ocrx_word' id='word_1_246' title='bbox 1599 4219 1726 4279; x_wconf 75' lang='lat' dir='ltr'>Biblio-</span> 
     </span>
     <span class='ocr_line' id='line_1_27' title="bbox 108 4299 1725 4387; baseline 0.009 -27"><span class='ocrx_word' id='word_1_247' title='bbox 108 4299 177 4362; x_wconf 78' lang='lat' dir='ltr'>riter</span> <span class='ocrx_word' id='word_1_248' title='bbox 195 4305 347 4379; x_wconf 81' lang='lat' dir='ltr'>reseram,</span> <span class='ocrx_word' id='word_1_249' title='bbox 372 4307 452 4383; x_wconf 86' lang='lat' dir='ltr'>quid</span> <span class='ocrx_word' id='word_1_250' title='bbox 473 4310 585 4373; x_wconf 88' lang='lat' dir='ltr'>autern</span> <span class='ocrx_word' id='word_1_251' title='bbox 605 4310 817 4386; x_wconf 81' lang='lat' dir='ltr'>praestiterim</span> <span class='ocrx_word' id='word_1_252' title='bbox 840 4311 877 4371; x_wconf 92' lang='lat' dir='ltr'>in</span> <span class='ocrx_word' id='word_1_253' title='bbox 931 4312 1030 4373; x_wconf 82' lang='lat' dir='ltr'>theca</span> <span class='ocrx_word' id='word_1_254' title='bbox 1056 4316 1230 4373; x_wconf 67' lang='lat' dir='ltr'>Faesulano</span> <span class='ocrx_word' id='word_1_255' title='bbox 1253 4310 1491 4372; x_wconf 85' lang='lat' dir='ltr'>canonicorum</span> <span class='ocrx_word' id='word_1_256' title='bbox 1518 4311 1725 4387; x_wconf 81' lang='lat' dir='ltr'>regularium</span> 
     </span>
     <span class='ocr_line' id='line_1_28' title="bbox 110 4396 1725 4484; baseline 0.008 -25"><span class='ocrx_word' id='word_1_257' title='bbox 110 4396 260 4481; x_wconf 65' lang='lat' dir='ltr'>tumrulis</span> <span class='ocrx_word' id='word_1_258' title='bbox 280 4406 319 4465; x_wconf 90' lang='lat' dir='ltr'>D.</span> <span class='ocrx_word' id='word_1_259' title='bbox 338 4405 512 4467; x_wconf 84' lang='lat' dir='ltr'>Francisoi</span> <span class='ocrx_word' id='word_1_260' title='bbox 534 4421 556 4467; x_wconf 88' lang='lat' dir='ltr'>a</span> <span class='ocrx_word' id='word_1_261' title='bbox 576 4422 629 4467; x_wconf 90' lang='lat' dir='ltr'>me</span> <span class='ocrx_word' id='word_1_262' title='bbox 650 4406 691 4468; x_wconf 90' lang='lat' dir='ltr'>de</span> <span class='ocrx_word' id='word_1_263' title='bbox 710 4423 797 4469; x_wconf 81' lang='lat' dir='ltr'>novo</span> <span class='ocrx_word' id='word_1_264' title='bbox 816 4423 875 4469; x_wconf 85' lang='lat' dir='ltr'>re·</span> <span class='ocrx_word' id='word_1_265' title='bbox 931 4409 966 4468; x_wconf 91' lang='lat' dir='ltr'>in</span> <span class='ocrx_word' id='word_1_266' title='bbox 987 4408 1134 4479; x_wconf 80' lang='lat' dir='ltr'>Etruria,</span> <span class='ocrx_word' id='word_1_267' title='bbox 1155 4408 1304 4469; x_wconf 84' lang='lat' dir='ltr'>liberDe</span> <span class='ocrx_word' id='word_1_268' title='bbox 1326 4410 1433 4483; x_wconf 80' lang='lat' dir='ltr'>pestis</span> <span class='ocrx_word' id='word_1_269' title='bbox 1453 4413 1587 4484; x_wconf 76' lang='lat' dir='ltr'>Pelagii</span> <span class='ocrx_word' id='word_1_270' title='bbox 1609 4413 1725 4472; x_wconf 86' lang='lat' dir='ltr'>contra</span> 
     </span>
     <span class='ocr_line' id='line_1_29' title="bbox 110 4495 1725 4582; baseline 0.01 -25"><span class='ocrx_word' id='word_1_271' title='bbox 110 4495 267 4569; x_wconf 73' lang='lat' dir='ltr'>castanon</span> <span class='ocrx_word' id='word_1_272' title='bbox 286 4503 339 4562; x_wconf 87' lang='lat' dir='ltr'>est</span> <span class='ocrx_word' id='word_1_273' title='bbox 357 4503 435 4578; x_wconf 86' lang='lat' dir='ltr'>quid</span> <span class='ocrx_word' id='word_1_274' title='bbox 452 4501 630 4579; x_wconf 82' lang='lat' dir='ltr'>proferam,</span> <span class='ocrx_word' id='word_1_275' title='bbox 647 4504 790 4566; x_wconf 87' lang='lat' dir='ltr'>aliorum</span> <span class='ocrx_word' id='word_1_276' title='bbox 815 4505 878 4565; x_wconf 89' lang='lat' dir='ltr'>ho·</span> <span class='ocrx_word' id='word_1_277' title='bbox 931 4505 1144 4566; x_wconf 80' lang='lat' dir='ltr'>adversarios</span> <span class='ocrx_word' id='word_1_278' title='bbox 1158 4504 1288 4582; x_wconf 77' lang='lat' dir='ltr'>gratim,</span> <span class='ocrx_word' id='word_1_279' title='bbox 1305 4502 1346 4565; x_wconf 90' lang='lat' dir='ltr'>ab</span> <span class='ocrx_word' id='word_1_280' title='bbox 1361 4506 1543 4581; x_wconf 88' lang='lat' dir='ltr'>eodemque</span> <span class='ocrx_word' id='word_1_281' title='bbox 1555 4509 1725 4573; x_wconf 85' lang='lat' dir='ltr'>extractus</span> 
     </span>
     <span class='ocr_line' id='line_1_30' title="bbox 109 4593 1724 4679; baseline 0.014 -33"><span class='ocrx_word' id='word_1_282' title='bbox 109 4593 169 4651; x_wconf 88' lang='lat' dir='ltr'>nori</span> <span class='ocrx_word' id='word_1_283' title='bbox 181 4598 210 4657; x_wconf 85' lang='lat' dir='ltr'>et</span> <span class='ocrx_word' id='word_1_284' title='bbox 221 4598 329 4660; x_wconf 85' lang='lat' dir='ltr'>studio</span> <span class='ocrx_word' id='word_1_285' title='bbox 344 4598 521 4661; x_wconf 89' lang='lat' dir='ltr'>detrahere</span> <span class='ocrx_word' id='word_1_286' title='bbox 534 4601 679 4673; x_wconf 87' lang='lat' dir='ltr'>nescius,</span> <span class='ocrx_word' id='word_1_287' title='bbox 693 4601 750 4662; x_wconf 88' lang='lat' dir='ltr'>sed</span> <span class='ocrx_word' id='word_1_288' title='bbox 766 4603 876 4679; x_wconf 91' lang='lat' dir='ltr'>potius</span> <span class='ocrx_word' id='word_1_289' title='bbox 932 4617 992 4677; x_wconf 92' lang='lat' dir='ltr'>per</span> <span class='ocrx_word' id='word_1_290' title='bbox 1009 4601 1180 4662; x_wconf 87' lang='lat' dir='ltr'>illustriss.</span> <span class='ocrx_word' id='word_1_291' title='bbox 1202 4603 1240 4662; x_wconf 93' lang='grc' dir='ltr'>Ι).</span> <span class='ocrx_word' id='word_1_292' title='bbox 1266 4604 1401 4663; x_wconf 90' lang='lat' dir='ltr'>Petrum</span> <span class='ocrx_word' id='word_1_293' title='bbox 1424 4602 1644 4665; x_wconf 89' lang='lat' dir='ltr'>Lombardum</span> <span class='ocrx_word' id='word_1_294' title='bbox 1663 4623 1724 4668; x_wconf 88' lang='lat' dir='ltr'>ar-</span> 
     </span>
     <span class='ocr_line' id='line_1_31' title="bbox 111 4691 1723 4775; baseline 0.012 -29"><span class='ocrx_word' id='word_1_295' title='bbox 111 4691 267 4768; x_wconf 83' lang='lat' dir='ltr'>oonsulere,</span> <span class='ocrx_word' id='word_1_296' title='bbox 297 4697 476 4772; x_wconf 86' lang='lat' dir='ltr'>posteritas</span> <span class='ocrx_word' id='word_1_297' title='bbox 510 4698 599 4758; x_wconf 89' lang='lat' dir='ltr'>enirn</span> <span class='ocrx_word' id='word_1_298' title='bbox 622 4714 755 4774; x_wconf 87' lang='lat' dir='ltr'>semper</span> <span class='ocrx_word' id='word_1_299' title='bbox 780 4702 877 4774; x_wconf 86' lang='lat' dir='ltr'>grata</span> <span class='ocrx_word' id='word_1_300' title='bbox 931 4698 1181 4775; x_wconf 85' lang='lat' dir='ltr'>ohiepiscopum</span> <span class='ocrx_word' id='word_1_301' title='bbox 1197 4698 1457 4772; x_wconf 75' lang='lat' dir='ltr'>armachanum,</span> <span class='ocrx_word' id='word_1_302' title='bbox 1478 4700 1580 4762; x_wconf 90' lang='lat' dir='ltr'>totius</span> <span class='ocrx_word' id='word_1_303' title='bbox 1599 4702 1723 4765; x_wconf 90' lang='lat' dir='ltr'>Hiber-</span> 
     </span>
     <span class='ocr_line' id='line_1_32' title="bbox 112 4776 1725 4876; baseline 0.007 -27"><span class='ocrx_word' id='word_1_304' title='bbox 112 4776 184 4849; x_wconf 72' lang='lat' dir='ltr'>tauto</span> <span class='ocrx_word' id='word_1_305' title='bbox 192 4789 360 4865; x_wconf 83' lang='lat' dir='ltr'>beneflcio,</span> <span class='ocrx_word' id='word_1_306' title='bbox 373 4810 410 4855; x_wconf 88' lang='lat' dir='ltr'>se</span> <span class='ocrx_word' id='word_1_307' title='bbox 420 4810 488 4855; x_wconf 85' lang='lat' dir='ltr'>aaa</span> <span class='ocrx_word' id='word_1_308' title='bbox 500 4798 539 4857; x_wconf 90' lang='lat' dir='ltr'>R.</span> <span class='ocrx_word' id='word_1_309' title='bbox 552 4796 727 4857; x_wconf 88' lang='lat' dir='ltr'>admodum</span> <span class='ocrx_word' id='word_1_310' title='bbox 737 4800 774 4858; x_wconf 90' lang='lat' dir='ltr'>P.</span> <span class='ocrx_word' id='word_1_311' title='bbox 787 4800 877 4859; x_wconf 86' lang='lat' dir='ltr'>Luca</span> <span class='ocrx_word' id='word_1_312' title='bbox 930 4797 996 4857; x_wconf 88' lang='lat' dir='ltr'>niae</span> <span class='ocrx_word' id='word_1_313' title='bbox 1012 4796 1197 4872; x_wconf 82' lang='lat' dir='ltr'>primatem,</span> <span class='ocrx_word' id='word_1_314' title='bbox 1214 4796 1421 4872; x_wconf 89' lang='lat' dir='ltr'>respuendus</span> <span class='ocrx_word' id='word_1_315' title='bbox 1436 4799 1591 4874; x_wconf 89' lang='lat' dir='ltr'>tauquam</span> <span class='ocrx_word' id='word_1_316' title='bbox 1607 4816 1725 4876; x_wconf 90' lang='lat' dir='ltr'>suppo·</span> 
     </span>
     <span class='ocr_line' id='line_1_33' title="bbox 111 4879 1724 4971; baseline 0.008 -26"><span class='ocrx_word' id='word_1_317' title='bbox 111 4879 260 4964; x_wconf 83' lang='lat' dir='ltr'>Wadiugo,</span> <span class='ocrx_word' id='word_1_318' title='bbox 270 4892 345 4953; x_wconf 80' lang='lat' dir='ltr'>uiro</span> <span class='ocrx_word' id='word_1_319' title='bbox 355 4891 594 4965; x_wconf 90' lang='lat' dir='ltr'>eruditissimo,</span> <span class='ocrx_word' id='word_1_320' title='bbox 607 4894 707 4969; x_wconf 87' lang='lat' dir='ltr'>hujus</span> <span class='ocrx_word' id='word_1_321' title='bbox 717 4894 876 4971; x_wconf 88' lang='lat' dir='ltr'>temporis</span> <span class='ocrx_word' id='word_1_322' title='bbox 932 4894 1056 4955; x_wconf 91' lang='lat' dir='ltr'>sititius</span> <span class='ocrx_word' id='word_1_323' title='bbox 1075 4893 1252 4968; x_wconf 76' lang='lat' dir='ltr'>Augustini</span> <span class='ocrx_word' id='word_1_324' title='bbox 1274 4892 1385 4965; x_wconf 74' lang='lat' dir='ltr'>fretus</span> <span class='ocrx_word' id='word_1_325' title='bbox 1410 4895 1465 4971; x_wconf 90' lang='lat' dir='ltr'>qui</span> <span class='ocrx_word' id='word_1_326' title='bbox 1491 4910 1551 4971; x_wconf 91' lang='lat' dir='ltr'>pro</span> <span class='ocrx_word' id='word_1_327' title='bbox 1575 4895 1724 4971; x_wconf 90' lang='lat' dir='ltr'>legitimo</span> 
     </span>
     <span class='ocr_line' id='line_1_34' title="bbox 112 4976 1724 5067; baseline 0.012 -31"><span class='ocrx_word' id='word_1_328' title='bbox 112 4976 358 5060; x_wconf 88' lang='lat' dir='ltr'>alleroBaronio,</span> <span class='ocrx_word' id='word_1_329' title='bbox 376 4989 503 5050; x_wconf 90' lang='lat' dir='ltr'>ordinis</span> <span class='ocrx_word' id='word_1_330' title='bbox 518 4991 623 5051; x_wconf 90' lang='lat' dir='ltr'>nostri</span> <span class='ocrx_word' id='word_1_331' title='bbox 644 4991 764 5052; x_wconf 89' lang='lat' dir='ltr'>decore</span> <span class='ocrx_word' id='word_1_332' title='bbox 778 4995 877 5054; x_wconf 81' lang='lat' dir='ltr'>ebor·</span> <span class='ocrx_word' id='word_1_333' title='bbox 931 4991 1072 5052; x_wconf 88' lang='lat' dir='ltr'>seorsim</span> <span class='ocrx_word' id='word_1_334' title='bbox 1093 4991 1207 5051; x_wconf 72' lang='lat' dir='ltr'>miultis</span> <span class='ocrx_word' id='word_1_335' title='bbox 1226 4993 1296 5066; x_wconf 88' lang='lat' dir='ltr'>jam</span> <span class='ocrx_word' id='word_1_336' title='bbox 1319 4991 1441 5067; x_wconf 90' lang='lat' dir='ltr'>prodiit</span> <span class='ocrx_word' id='word_1_337' title='bbox 1462 4992 1497 5051; x_wconf 92' lang='lat' dir='ltr'>in</span> <span class='ocrx_word' id='word_1_338' title='bbox 1516 4993 1609 5063; x_wconf 90' lang='lat' dir='ltr'>locis,</span> <span class='ocrx_word' id='word_1_339' title='bbox 1633 4996 1665 5054; x_wconf 89' lang='lat' dir='ltr'>et</span> <span class='ocrx_word' id='word_1_340' title='bbox 1688 4995 1724 5056; x_wconf 92' lang='lat' dir='ltr'>in</span> 
     </span>
     <span class='ocr_line' id='line_1_35' title="bbox 113 5084 1723 5165; baseline 0.011 -31"><span class='ocrx_word' id='word_1_341' title='bbox 113 5084 239 5143; x_wconf 80' lang='lat' dir='ltr'>numento</span> <span class='ocrx_word' id='word_1_342' title='bbox 252 5085 429 5160; x_wconf 89' lang='lat' dir='ltr'>singulari,</span> <span class='ocrx_word' id='word_1_343' title='bbox 439 5087 609 5163; x_wconf 84' lang='lat' dir='ltr'>accepisse</span> <span class='ocrx_word' id='word_1_344' title='bbox 623 5087 810 5159; x_wconf 88' lang='lat' dir='ltr'>testabitur,</span> <span class='ocrx_word' id='word_1_345' title='bbox 819 5090 876 5165; x_wconf 92' lang='lat' dir='ltr'>qui</span> <span class='ocrx_word' id='word_1_346' title='bbox 930 5089 1078 5149; x_wconf 89' lang='lat' dir='ltr'>editione</span> <span class='ocrx_word' id='word_1_347' title='bbox 1111 5086 1295 5148; x_wconf 88' lang='lat' dir='ltr'>Parisiensi</span> <span class='ocrx_word' id='word_1_348' title='bbox 1334 5102 1422 5149; x_wconf 89' lang='lat' dir='ltr'>anuo</span> <span class='ocrx_word' id='word_1_349' title='bbox 1461 5089 1549 5159; x_wconf 72' lang='lat'>1614,</span> <span class='ocrx_word' id='word_1_350' title='bbox 1593 5092 1723 5151; x_wconf 72' lang='lat' dir='ltr'>crateris</span> 
     </span>
     <span class='ocr_line' id='line_1_36' title="bbox 113 5179 1725 5261; baseline 0.009 -25"><span class='ocrx_word' id='word_1_351' title='bbox 113 5182 215 5237; x_wconf 70' lang='lat' dir='ltr'>isthmo</span> <span class='ocrx_word' id='word_1_352' title='bbox 248 5179 362 5241; x_wconf 90' lang='lat' dir='ltr'>labore</span> <span class='ocrx_word' id='word_1_353' title='bbox 388 5182 424 5240; x_wconf 94' lang='lat' dir='ltr'>iu</span> <span class='ocrx_word' id='word_1_354' title='bbox 451 5197 554 5241; x_wconf 90' lang='lat' dir='ltr'>unum</span> <span class='ocrx_word' id='word_1_355' title='bbox 582 5182 721 5245; x_wconf 84' lang='lat' dir='ltr'>collecta</span> <span class='ocrx_word' id='word_1_356' title='bbox 752 5184 876 5259; x_wconf 89' lang='lat' dir='ltr'>publici</span> <span class='ocrx_word' id='word_1_357' title='bbox 930 5186 1079 5261; x_wconf 90' lang='lat' dir='ltr'>ejusdem</span> <span class='ocrx_word' id='word_1_358' title='bbox 1101 5185 1246 5246; x_wconf 89' lang='lat' dir='ltr'>doctoris</span> <span class='ocrx_word' id='word_1_359' title='bbox 1269 5185 1424 5261; x_wconf 90' lang='lat' dir='ltr'>operibus</span> <span class='ocrx_word' id='word_1_360' title='bbox 1444 5185 1589 5246; x_wconf 89' lang='lat' dir='ltr'>insertus</span> <span class='ocrx_word' id='word_1_361' title='bbox 1608 5190 1669 5258; x_wconf 92' lang='lat' dir='ltr'>est,</span> <span class='ocrx_word' id='word_1_362' title='bbox 1691 5193 1725 5252; x_wconf 92' lang='lat' dir='ltr'>et</span> 
     </span>
     <span class='ocr_line' id='line_1_37' title="bbox 114 5261 1722 5359; baseline 0.016 -36"><span class='ocrx_word' id='word_1_363' title='bbox 114 5261 175 5329; x_wconf 86' lang='lat' dir='ltr'>lecit</span> <span class='ocrx_word' id='word_1_364' title='bbox 182 5274 270 5348; x_wconf 80' lang='lat' dir='ltr'>juris,</span> <span class='ocrx_word' id='word_1_365' title='bbox 292 5277 495 5339; x_wconf 89' lang='lat' dir='ltr'>doctissimis</span> <span class='ocrx_word' id='word_1_366' title='bbox 510 5280 680 5341; x_wconf 90' lang='lat' dir='ltr'>illustrata</span> <span class='ocrx_word' id='word_1_367' title='bbox 703 5297 874 5342; x_wconf 87' lang='lat' dir='ltr'>commen·</span> <span class='ocrx_word' id='word_1_368' title='bbox 931 5297 1028 5359; x_wconf 86' lang='lat' dir='ltr'>quem</span> <span class='ocrx_word' id='word_1_369' title='bbox 1044 5282 1115 5358; x_wconf 90' lang='lat' dir='ltr'>ipse</span> <span class='ocrx_word' id='word_1_370' title='bbox 1133 5281 1189 5341; x_wconf 90' lang='lat' dir='ltr'>lib.</span> <span class='ocrx_word' id='word_1_371' title='bbox 1209 5284 1237 5341; x_wconf 90' lang='lat' dir='ltr'>ll</span> <span class='ocrx_word' id='word_1_372' title='bbox 1252 5287 1303 5343; x_wconf 87' lang='lat' dir='ltr'>De</span> <span class='ocrx_word' id='word_1_373' title='bbox 1317 5282 1452 5343; x_wconf 80' lang='lat' dir='ltr'>Peccot.</span> <span class='ocrx_word' id='word_1_374' title='bbox 1473 5286 1575 5358; x_wconf 65' lang='lat' dir='ltr'>emp,</span> <span class='ocrx_word' id='word_1_375' title='bbox 1599 5299 1627 5344; x_wconf 88' lang='lat' dir='ltr'>c.</span> <span class='ocrx_word' id='word_1_376' title='bbox 1648 5300 1722 5356; x_wconf 84' lang='lat' dir='ltr'>xrv,</span> 
     </span>
     <span class='ocr_line' id='line_1_38' title="bbox 114 5360 1724 5468; baseline 0.014 -45"><span class='ocrx_word' id='word_1_377' title='bbox 114 5360 198 5468; x_wconf 69' lang='lat' dir='ltr'>iuriis.</span> <span class='ocrx_word' id='word_1_378' title='bbox 216 5373 278 5432; x_wconf 82' lang='lat' dir='ltr'>Gur</span> <span class='ocrx_word' id='word_1_379' title='bbox 298 5389 378 5449; x_wconf 87' lang='lat' dir='ltr'>ergo</span> <span class='ocrx_word' id='word_1_380' title='bbox 400 5390 440 5435; x_wconf 90' lang='lat' dir='ltr'>ea</span> <span class='ocrx_word' id='word_1_381' title='bbox 461 5375 568 5437; x_wconf 89' lang='lat' dir='ltr'>denuo</span> <span class='ocrx_word' id='word_1_382' title='bbox 589 5377 676 5455; x_wconf 87' lang='lat' dir='ltr'>typis</span> <span class='ocrx_word' id='word_1_383' title='bbox 691 5379 875 5439; x_wconf 87' lang='lat' dir='ltr'>maudave-</span> <span class='ocrx_word' id='word_1_384' title='bbox 930 5380 964 5441; x_wconf 94' lang='lat' dir='ltr'>et</span> <span class='ocrx_word' id='word_1_385' title='bbox 978 5379 1036 5440; x_wconf 92' lang='lat' dir='ltr'>lib.</span> <span class='ocrx_word' id='word_1_386' title='bbox 1054 5380 1094 5450; x_wconf 92' lang='lat' dir='ltr'>li,</span> <span class='ocrx_word' id='word_1_387' title='bbox 1118 5380 1283 5449; x_wconf 74' lang='lat' dir='ltr'>Retract,</span> <span class='ocrx_word' id='word_1_388' title='bbox 1306 5394 1334 5439; x_wconf 73' lang='lat' dir='ltr'>o·</span> <span class='ocrx_word' id='word_1_389' title='bbox 1359 5394 1464 5448; x_wconf 81' lang='lat' dir='ltr'>xuvrr,</span> <span class='ocrx_word' id='word_1_390' title='bbox 1489 5394 1525 5439; x_wconf 90' lang='lat' dir='ltr'>se</span> <span class='ocrx_word' id='word_1_391' title='bbox 1547 5381 1724 5457; x_wconf 91' lang='lat' dir='ltr'>scripsisse</span> 
     </span>
     <span class='ocr_line' id='line_1_39' title="bbox 116 5464 1723 5552; baseline 0.009 -26"><span class='ocrx_word' id='word_1_392' title='bbox 116 5470 166 5520; x_wconf 72' lang='lat' dir='ltr'>hm</span> <span class='ocrx_word' id='word_1_393' title='bbox 187 5464 263 5529; x_wconf 84' lang='lat' dir='ltr'>torte</span> <span class='ocrx_word' id='word_1_394' title='bbox 282 5469 519 5545; x_wconf 76' lang='lat' dir='ltr'>sciscitaberiS,</span> <span class='ocrx_word' id='word_1_395' title='bbox 542 5474 686 5549; x_wconf 91' lang='lat' dir='ltr'>ingenue</span> <span class='ocrx_word' id='word_1_396' title='bbox 708 5476 874 5537; x_wconf 79' lang='lat' dir='ltr'>referam:</span> <span class='ocrx_word' id='word_1_397' title='bbox 929 5477 1082 5547; x_wconf 88' lang='lat' dir='ltr'>testatur,</span> <span class='ocrx_word' id='word_1_398' title='bbox 1109 5491 1206 5552; x_wconf 88' lang='lat' dir='ltr'>quem</span> <span class='ocrx_word' id='word_1_399' title='bbox 1231 5475 1330 5536; x_wconf 90' lang='lat' dir='ltr'>etiam</span> <span class='ocrx_word' id='word_1_400' title='bbox 1355 5478 1499 5552; x_wconf 90' lang='lat' dir='ltr'>Prosper</span> <span class='ocrx_word' id='word_1_401' title='bbox 1522 5480 1555 5539; x_wconf 91' lang='lat' dir='ltr'>et</span> <span class='ocrx_word' id='word_1_402' title='bbox 1576 5479 1664 5540; x_wconf 88' lang='lat' dir='ltr'>Beda</span> <span class='ocrx_word' id='word_1_403' title='bbox 1688 5480 1723 5545; x_wconf 90' lang='lat' dir='ltr'>in</span> 
     </span>
     <span class='ocr_line' id='line_1_40' title="bbox 117 5567 1721 5651; baseline 0.004 -18"><span class='ocrx_word' id='word_1_404' title='bbox 117 5567 294 5640; x_wconf 60' lang='lat' dir='ltr'>neququam</span> <span class='ocrx_word' id='word_1_405' title='bbox 329 5567 392 5629; x_wconf 88' lang='lat' dir='ltr'>hoc</span> <span class='ocrx_word' id='word_1_406' title='bbox 425 5585 509 5631; x_wconf 90' lang='lat' dir='ltr'>onus</span> <span class='ocrx_word' id='word_1_407' title='bbox 547 5573 779 5648; x_wconf 88' lang='lat' dir='ltr'>suscepissem,</span> <span class='ocrx_word' id='word_1_408' title='bbox 810 5575 875 5635; x_wconf 88' lang='lat' dir='ltr'>nisi</span> <span class='ocrx_word' id='word_1_409' title='bbox 931 5573 1721 5651; x_wconf 56' lang='lat' dir='ltr'>suisoperibuscitant,Looalzreusesqaea.vii,</span> 
     </span>
    </p>
   </div>
   <div class='ocr_carea' id='block_1_6' title="bbox 232 5703 1579 5765">
    <p class='ocr_par' dir='ltr' id='par_1_8' title="bbox 232 5703 1579 5765">
     <span class='ocr_line' id='line_1_41' title="bbox 232 5703 1579 5765; baseline 0 -14"><span class='ocrx_word' id='word_1_410' title='bbox 232 5709 341 5755; x_wconf 78' lang='lat' dir='ltr'>ramur.</span> <span class='ocrx_word' id='word_1_411' title='bbox 361 5714 435 5757; x_wconf 79' lang='lat' dir='ltr'>rous</span> <span class='ocrx_word' id='word_1_412' title='bbox 454 5703 502 5759; x_wconf 83' lang='lat' dir='ltr'>l’l.</span> <span class='ocrx_word' id='word_1_413' title='bbox 1565 5708 1579 5765; x_wconf 83' lang='lat'><strong>1</strong></span> 
     </span>
    </p>
   </div>
   <div class='ocr_carea' id='block_1_7' title="bbox 0 0 1993 6196">
    <p class='ocr_par' dir='ltr' id='par_1_9' title="bbox 0 0 1993 6196">
     <span class='ocr_line' id='line_1_42' title="bbox 0 0 1993 6196; baseline 0 0"><span class='ocrx_word' id='word_1_414' title='bbox 0 0 1993 6196; x_wconf 95' lang='lat' dir='ltr'> </span> 
     </span>
    </p>
   </div>
  </div>
 </body>
</html>
