3950 6200
110 295 161 358 lab

110 455 196 515 rarat.
204 448 385 514 Translens
400 461 542 524 namque
556 446 659 508 semel
669 461 729 522 per
740 448 885 521 Burgum

110 548 208 612 Sancti
218 545 382 623 sepulcri,
396 546 540 607 castrum
554 543 668 620 utique
678 542 884 620 populosum,

109 643 350 724 probabilitate
379 643 529 718 corporis
557 640 733 704 subvectus
768 641 884 711 asello,

109 742 208 805 obvias
218 740 337 802 habuit
356 739 471 802 turbas
485 739 521 799 in
535 754 612 799 eum
627 753 695 815 prae
711 738 886 801 devotione

108 841 236 901 montes.
253 837 397 898 Tractus
411 837 533 907 autem,
550 836 583 897 et
602 835 754 900 detentus
769 834 810 897 ab
823 835 884 907 eis,

107 949 301 1012 compressus
320 948 452 1010 quoque
466 948 506 993 ac
520 932 750 1008 multipliciter
763 933 887 994 attrec-

106 1035 192 1102 tatus,
215 1028 426 1092 insensibilis
441 1028 617 1090 videbatur
638 1028 680 1089 ad
706 1028 830 1100 omnia,
854 1030 887 1090 et

105 1127 182 1192 velut
195 1127 353 1188 examine
368 1141 500 1202 corpus,
524 1125 565 1187 de
584 1125 648 1196 his,
668 1141 742 1202 qnae
764 1125 887 1187 debant

106 1226 180 1287 circa
191 1226 314 1300 ipsum,
326 1223 413 1285 nihil
425 1223 557 1300 penitus
570 1222 774 1286 advertebat.
792 1223 886 1284 Unde

106 1324 241 1399 cunjam
261 1321 322 1382 diu
336 1321 481 1384 transito
500 1323 622 1391 castro,
639 1319 812 1397 turbisque
826 1335 885 1382 re-

105 1419 188 1490 ictis,
203 1418 415 1494 pervenisset
433 1417 473 1479 ad
497 1417 661 1494 quoddam
681 1417 886 1482 domicilium

104 1516 307 1592 leprosorum,
325 1514 423 1591 quasi
442 1514 578 1576 aliunde
597 1514 742 1587 rediens,
763 1515 884 1576 coeles-

105 1614 171 1674 linm
212 1612 460 1689 contemplator
509 1612 652 1673 sollioile
696 1612 883 1688 requisivit,

105 1709 216 1788 quando
228 1710 497 1787 propinquarent
510 1708 552 1770 ed
567 1712 726 1785 Burgum.

135 1810 219 1868 llens
238 1807 378 1884 quidem
408 1806 525 1883 ipsius,
547 1807 584 1867 in
604 1805 796 1867 coelestibus
816 1805 884 1868 fixa

104 1900 333 1977 splendoribus,
357 1900 539 1962 varietates
564 1915 633 1961 non
659 1899 810 1961 senserat
828 1899 884 1960 lo-

46 1991 47 1994 ’
106 2013 210 2070 corum,
234 2013 299 2059 nec
321 1998 522 2075 temporum,
547 2013 610 2058 nec
638 1996 885 2060 occurrentium

105 2109 317 2172 personarum.
338 2095 431 2170 Quod
446 2095 512 2172 ipsi
533 2094 696 2155 accidisse
724 2094 884 2171 trequen-

106 2193 358 2265 insecutorum
382 2196 455 2270 ejus
476 2192 684 2270 experientia
710 2193 885 2269 multiplex

107 2288 327 2365 conprobavit.
353 2290 393 2349 Et
408 2288 487 2365 quia
498 2288 534 2348 in
556 2287 884 2364 orationeperoepe-

106 2387 147 2447 rat
157 2388 262 2449 Sancti
272 2385 425 2463 Spiritus
438 2385 661 2447 desideratam
672 2386 884 2462 praesentiam

106 2484 179 2544 tanto
207 2482 416 2544 familiarius
440 2499 476 2544 se
506 2481 629 2543 offerre
658 2482 882 2559 precantibus,

107 2582 208 2654 moto
229 2580 307 2658 plus
343 2580 473 2641 invenit
497 2579 671 2655 elongatos
697 2595 718 2639 a
744 2579 884 2657 strepitu

106 2677 344 2749 mundanorum,
363 2676 440 2738 ideo
461 2677 534 2739 loca
553 2676 706 2739 solitaria
718 2692 882 2753 quaerens,

105 2773 138 2834 ad
145 2775 340 2837 solitudines
353 2776 388 2836 et
398 2774 558 2835 ecclesias
575 2774 753 2835 derelictas
768 2774 885 2835 oratu-

46 2883 47 2888 *
107 2885 150 2930 rus
166 2874 256 2933 nocte
272 2871 449 2949 pergebat.
468 2870 531 2933 Ubi
554 2871 741 2932 daemonum
755 2886 884 2949 pugnas

107 2966 261 3032 horribiles
280 2969 479 3045 frequenter
497 2968 666 3040 sustinuit,
690 2968 747 3045 qui
770 2984 884 3030 secum

46 3091 47 3151 3
106 3065 287 3129 sensibiliter
301 3065 536 3142 confligentes,
562 3065 755 3128 nitebantur
775 3066 885 3144 ipsum

46 3188 48 3255 ᾗ
106 3162 138 3222 ab
158 3165 318 3227 orationis
347 3163 458 3226 studio
484 3162 784 3242 perturbare.1pse
803 3179 883 3225 vero

46 3258 47 3299 ³
106 3262 348 3324 uniamunitus
361 3260 563 3334 caelestibus,
572 3262 695 3338 quanto
703 3263 885 3323 vehemen-

46 3426 48 3431 ,
106 3356 158 3417 ius
168 3359 389 3436 impetebatur
402 3357 445 3419 ab
470 3357 633 3430 hostibus,
655 3358 748 3420 tanto
767 3358 884 3421 tortior

46 3446 48 3525 s
106 3453 263 3529 invirlnte,
272 3463 307 3519 et
320 3455 505 3518 ferventior
514 3455 714 3518 reddebatur
727 3455 763 3516 in
772 3470 881 3532 prece,

46 3548 48 3551 ’
107 3549 225 3614 tidenter
247 3554 369 3626 dicens
391 3552 433 3613 ad
455 3552 643 3613 Christum:
667 3555 736 3615 Sub
759 3554 884 3614 umbra

107 3652 223 3712 aarum
245 3652 396 3713 tuorum
404 3652 550 3726 protege
569 3664 637 3721 me,
662 3665 685 3711 a
703 3652 791 3724 sade
809 3653 881 3711 tot·

46 3772 47 3787 .
105 3748 221 3817 obrem
236 3752 296 3823 qut
313 3762 374 3809 me
389 3747 597 3822 omtoeemcnt
612 3744 728 3826 (Psal,
744 3762 819 3816 xvi,
834 3745 880 3826 8).

46 3886 47 3889 .
106 3842 144 3901 ld
155 3843 317 3908 wmones
329 3846 443 3909 autem
457 3866 464 3904 :
479 3845 592 3906 Facite
607 3843 765 3921 quidquid
782 3844 816 3904 in
830 3859 882 3905 me

107 3940 220 4015 valetis,
245 3941 390 4018 magnili
420 3942 558 4019 spiritus
581 3943 615 4003 et
638 3941 786 4003 fallaces.
805 3942 881 4003 Non

108 4038 178 4099 enim
191 4041 340 4118 potestis,
356 4040 421 4101 nisi
439 4041 598 4117 quantum
611 4055 670 4102 vos
685 4055 804 4101 manus
819 4056 880 4101 su-

109 4150 191 4209 perna
201 4139 351 4213 relaxat3
369 4139 404 4199 et
419 4152 482 4214 ego
503 4136 546 4197 ad
560 4135 792 4213 perferendum
809 4152 883 4198 om-

654 284 979 349 Puohneounul.
1001 311 1042 340 r-
1062 284 1172 346 VITA.

1676 284 1736 344 126

940 458 1014 506 eam
1037 443 1239 520 passionem.
1269 441 1318 502 Ibi
1342 442 1434 503 visus
1459 441 1510 503 est
1524 442 1619 503 nocte
1634 455 1738 503 orans

941 540 1095 601 manibus
1117 539 1159 602 ad
1187 539 1320 600 modum
1343 539 1454 600 crucis
1469 538 1648 616 protensis,
1667 541 1739 601 toto

941 652 1082 715 corpore
1117 636 1309 699 sublevatus
1335 652 1355 697 a
1379 638 1481 708 terra,
1512 638 1545 698 et
1572 636 1737 698 nubecula

941 734 1083 811 quadam
1104 733 1252 808 fulgente
1274 733 1510 805 circumdatus,
1528 735 1565 795 ut
1584 734 1737 795 illustra-

940 831 1044 892 tionis
1059 830 1223 891 mirabilis
1242 831 1330 891 intra
1352 831 1507 898 mentem,
1537 831 1623 891 mira
1647 831 1737 892 circa

940 944 1061 1004 corpus
1091 928 1306 1005 perlustratio
1322 929 1417 989 testis
1446 928 1544 988 esset.
1562 928 1735 1001 Ibietiam,

940 1025 1141 1087 sicutcertis
1166 1026 1217 1087 est
1242 1024 1490 1102 comprobatum
1510 1025 1655 1097 indiciis,
1682 1025 1736 1085 in·
1852 1075 1861 1096 .

940 1124 1032 1184 certa
1044 1122 1109 1183 sihi
1129 1123 1162 1184 et
1176 1122 1305 1184 occulta
1320 1123 1443 1182 divinae
1458 1122 1632 1198 sapientiae
1647 1139 1734 1200 pan-

941 1220 1115 1292 debantur,
1133 1220 1284 1297 quamvis
1304 1219 1363 1280 illa
1384 1235 1451 1280 non
1465 1219 1620 1294 vulgaret
1637 1222 1734 1282 ente-

940 1316 1024 1390 rius,
1040 1317 1106 1378 nisi
1122 1319 1281 1394 quantum
1299 1317 1423 1378 Christi
1441 1316 1580 1392 urgebat
1599 1317 1735 1390 caritaS,

939 1415 973 1478 et
997 1415 1226 1491 proximorum
1251 1414 1377 1476 utilitas
1404 1413 1570 1490 exigebat.
1600 1414 1738 1476 Dicebat

940 1511 1032 1573 enim
1057 1533 1065 1572 ι
1095 1511 1176 1573 Levi
1202 1511 1355 1573 mercede
1382 1526 1453 1572 rem
1481 1510 1736 1587 impretiabilem

940 1609 1104 1684 contingit
1118 1608 1237 1681 amitti,
1254 1609 1288 1670 et
1300 1608 1407 1680 illum,
1423 1608 1480 1685 qui
1492 1608 1594 1680 dedit,
1611 1609 1653 1669 ad
1668 1625 1736 1674 non

940 1707 1086 1768 dandum
1101 1707 1221 1768 iterum
1237 1705 1335 1767 facile
1357 1705 1545 1783 provocari.
1563 1707 1701 1779 Quando
1716 1723 1737 1768 a

940 1804 1080 1881 privatis
1105 1804 1235 1865 redibat
1259 1803 1478 1875 orationibus,
1503 1803 1624 1880 quibus
1650 1820 1736 1882 pene

939 1902 1097 1963 invirum
1124 1900 1266 1962 alterum
1295 1901 1497 1969 mutabatur,
1525 1918 1737 1977 summopere

940 1997 1096 2060 studebat
1123 2014 1159 2059 se
1180 1999 1390 2060 conformare
1416 2000 1560 2071 caeteris,
1577 2015 1619 2060 ne
1637 1999 1733 2073 forte,

940 2096 1026 2173 quod
1044 2095 1125 2156 toris
1141 2096 1339 2169 ostenderet,
1357 2111 1440 2157 aura
1464 2095 1589 2158 laveris
1611 2097 1735 2158 intusa

939 2193 1092 2254 mercede
1106 2195 1294 2255 evacuaret.
1315 2195 1394 2254 Cum
1409 2194 1444 2254 in
1468 2194 1601 2269 publico
1625 2195 1735 2256 subito

939 2290 1129 2351 afficeretur
1141 2291 1328 2353 visitatura
1349 2293 1501 2360 Domino,
1521 2307 1653 2367 semper
1666 2292 1735 2352 ali-

939 2387 1017 2464 quid
1033 2387 1209 2464 objiciebat
1230 2387 1428 2456 astantibus,
1445 2403 1487 2448 ne
1502 2389 1621 2463 Sponsi
1637 2388 1737 2449 fami·

938 2484 1041 2546 liares
1050 2485 1198 2546 attactus
1210 2484 1397 2545 forinsecus
1416 2484 1646 2561 vulgarentur.
1667 2487 1735 2546 Ex»

938 2581 1148 2654 creationes,
1193 2582 1359 2657 gemitus,
1400 2581 1501 2642 duros
1542 2582 1734 2657 anhelitus,
1800 2653 1804 2662 Ι

938 2678 1146 2740 extrinsecos
1160 2679 1262 2740 nutus
1277 2693 1377 2740 orans
1392 2679 1481 2739 inter
1499 2679 1621 2740 fratres
1636 2679 1733 2742 devi-

938 2775 1031 2838 tabat
1044 2776 1192 2848 omnino,
1209 2775 1281 2836 sive
1291 2775 1370 2853 quia
1386 2775 1545 2852 diligebat
1557 2779 1733 2851 secretum,

938 2873 1010 2934 sive
1025 2874 1102 2950 quia
1118 2872 1160 2935 ad
1182 2873 1343 2934 interiora
1357 2873 1527 2934 reintrans
1542 2876 1631 2936 totus
1646 2873 1736 2936 sere·
1835 2941 1839 2948 Γ

937 2970 1036 3032 batur
1062 2971 1098 3031 in
1123 2973 1240 3033 Deum.
1276 2972 1371 3049 Saepe
1402 2971 1484 3033 talia
1508 2971 1733 3034 familiaribus

937 3068 1024 3131 dixit
1040 3089 1047 3128 :
1065 3068 1202 3141 Quando
1223 3084 1341 3131 servus
1367 3069 1427 3130 Dei
1451 3084 1551 3131 orans
1575 3069 1733 3132 visitatur

938 3167 1111 3239 divinitus,
1132 3167 1244 3227 dicere
1266 3166 1363 3228 debet
1379 3189 1386 3226 ε
1403 3168 1504 3228 Istam
1531 3168 1736 3229 consolatio·

935 3279 1014 3325 nem
1041 3264 1123 3324 mihi
1160 3263 1328 3341 peccatori
1356 3265 1390 3325 et
1415 3264 1552 3340 indigno
1581 3264 1621 3325 de
1649 3265 1735 3329 coelo

937 3361 1070 3433 misisti,
1085 3361 1240 3435 Domine;
1257 3362 1290 3421 et
1304 3374 1366 3436 ego
1380 3360 1472 3421 illam
1484 3362 1550 3423 tuae
1564 3362 1733 3425 committo

937 3458 1109 3527 custodiae,
1137 3458 1215 3535 quia
1234 3458 1385 3519 thesauri
1400 3458 1450 3518 tui
1464 3474 1517 3519 me
1534 3458 1642 3520 sentio
1657 3475 1733 3521 esse

936 3556 1111 3618 latronem.
1129 3557 1210 3615 Cum
1232 3557 1342 3617 autem
1359 3554 1401 3615 ab
1418 3556 1571 3617 oratione
1585 3556 1731 3618 reverti·

936 3657 1002 3723 tur,
1027 3652 1077 3714 sic
1098 3651 1195 3713 debet
1221 3668 1258 3713 se
1284 3652 1522 3729 pauperculum
1549 3654 1582 3715 et
1607 3669 1731 3730 pecca-

935 3751 1042 3813 torem
1066 3748 1253 3821 ostendere,
1278 3764 1317 3810 ac
1339 3749 1369 3810 si
1391 3749 1518 3811 nullam
1545 3751 1590 3811 sit
1612 3767 1733 3814 novam

935 3847 1079 3924 gratiam
1093 3847 1302 3909 consecutus.

976 3944 1099 4004 Orante
1120 3942 1194 4004 viro
1216 3943 1276 4003 Dei
1297 3942 1334 4003 in
1352 3942 1427 4004 loco
1446 3943 1487 4004 de
1502 3944 1730 4017 Portiuncula,

935 4040 1076 4117 contigit
1099 4040 1318 4101 assisinatem
1338 4040 1531 4116 episcopum
1553 4041 1669 4103 venire
1689 4043 1731 4104 ad

935 4154 1023 4210 eum,
1046 4140 1081 4199 ul
1106 4138 1179 4199 erat
1193 4136 1324 4207 solitus,
1340 4137 1554 4198 visitandum.
1576 4138 1639 4209 Qui
1653 4155 1731 4201 mox

110 4232 163 4305 nia,
186 4251 256 4312 quae
279 4236 343 4297 illa
370 4233 553 4310 infligenda
581 4232 776 4306 decreverit,
806 4249 880 4295 cum
936 4238 972 4298 ut
1003 4236 1114 4297 locum
1149 4234 1212 4296 suit
1241 4233 1431 4310 ingressus,
1457 4234 1498 4294 ad
1527 4234 1665 4309 cellam,
1695 4237 1731 4298 in

111 4332 182 4391 unni
202 4332 413 4410 jucunditate
442 4331 579 4407 paratus
613 4330 745 4392 assisto.
776 4333 881 4403 Quam
935 4348 1000 4411 qua
1015 4332 1138 4395 Christi
1163 4346 1281 4393 servus
1307 4330 1435 4400 orabat,
1458 4330 1533 4406 plus
1552 4331 1662 4394 debito
1684 4333 1729 4394 fi-

111 4429 211 4491 nenlis
230 4429 456 4491 constantiam
468 4426 603 4504 superbi
624 4428 792 4489 daemones
813 4443 880 4489 non
935 4431 1053 4491 denter
1067 4429 1221 4491 accessit.
1245 4427 1447 4504 Pulsatoque
1469 4428 1599 4502 ostiolo,
1623 4430 1732 4494 intra·

112 4520 243 4599 lerenbs,
272 4524 499 4589 abscedebant
519 4524 660 4585 confusi.
687 4524 748 4585 Vir
769 4526 880 4586 autem
933 4530 1045 4590 turum
1071 4541 1108 4587 se
1134 4525 1315 4601 ingerenS,
1345 4524 1423 4584 dum
1450 4526 1551 4602 caput
1577 4526 1728 4602 immisit,

112 4618 169 4691 liei,
188 4624 357 4687 solitarius
383 4637 563 4685 remanens
582 4623 616 4683 et
636 4625 787 4698 pacatus,
817 4637 880 4683 ne-
933 4624 1150 4699 sanctumqne
1171 4624 1322 4682 orantem
1341 4623 1526 4699 conspexit,
1553 4626 1729 4701 repentino

112 4728 187 4780 mora
208 4721 359 4798 replebat
385 4719 574 4796 gemitibus,
603 4719 677 4780 loca
698 4719 880 4796 spargebat
933 4721 1053 4782 timore
1078 4734 1282 4791 concussus,
1309 4718 1597 4795 obrigescentibus
1624 4739 1730 4784 mem-

112 4809 258 4893 lrcrvmis,
272 4820 409 4895 pectora
424 4831 525 4879 manu
539 4815 715 4891 tundebat;
736 4818 769 4878 et
783 4817 879 4894 quasi
933 4816 1014 4890 bris,
1030 4817 1130 4880 etiam
1145 4816 1311 4892 loquelam
1333 4816 1456 4878 amisit.
1474 4816 1655 4894 subitoque
1668 4835 1730 4881 vo-

114 4913 252 4975 occultius
265 4913 483 4977 secretarium
499 4913 881 4985 nactusconlabulaba-
933 4914 1061 4977 luntate
1085 4913 1199 4975 divina
1230 4913 1383 4990 pervim
1417 4913 1507 4975 foras
1537 4916 1726 4991 propulsus,

114 5005 377 5075 turcumitomino
391 5009 876 5088 su0.1btrespondehetjudioi,
932 5010 1128 5087 retrogrado
1154 5010 1238 5086 pede
1262 5010 1377 5087 procul
1399 5009 1635 5071 abductusest.
1650 5013 1729 5073 Stu-

115 5100 152 5162 ibi
186 5108 387 5185 supplicabat
413 5109 522 5179 Patri,
550 5107 597 5168 ibi
630 5107 880 5185 colloquebatur
932 5108 1083 5187 pelaotns
1104 5107 1280 5184 episcopus
1297 5106 1338 5168 ad
1354 5106 1475 5168 iratres
1497 5105 1677 5181 festinavit,
1692 5110 1728 5172 ut

115 5201 213 5275 unico,
226 5204 271 5266 ibi
284 5220 444 5282 quoquea
459 5204 746 5280 iratribus,ipsum
758 5204 880 5281 pieob·
933 5206 1050 5283 potuit,
1081 5207 1214 5281 Deoque
1244 5203 1309 5264 sibi
1337 5203 1533 5264 restituente
1563 5203 1725 5281 linguam,

117 5301 313 5373 servantibus,
328 5301 504 5379 aliquoties
524 5301 658 5363 auditus
679 5303 730 5364 est
750 5302 878 5364 clamo-
932 5303 1041 5381 primo
1053 5300 1155 5362 verbo
1172 5298 1345 5383 consessus
1357 5299 1408 5360 est
1422 5299 1566 5376 culpam.

117 5394 186 5455 rosis
198 5399 370 5472 gemitibus
384 5399 469 5476 apud
489 5398 637 5463 divinam
651 5414 711 5477 pro
726 5401 879 5476 peecato-
972 5398 1117 5474 Contigit
1143 5399 1290 5474 tempore
1310 5395 1452 5473 quodam
1473 5394 1625 5458 abbatem
1650 5415 1726 5462 rno-

118 5487 193 5552 ritus
216 5494 425 5572 interpellare
453 5496 675 5570 clementiam,
704 5496 879 5573 deplorare
932 5491 1072 5558 nasterii
1099 5498 1132 5557 S.
1159 5492 1287 5556 ,tustini
1308 5491 1349 5553 de
1373 5492 1568 5571 episcopatu
1593 5496 1726 5560 Perusii

121 5582 266 5662 darom,
281 5592 375 5669 quasi
388 5608 498 5654 coram
509 5602 544 5655 se
559 5593 711 5670 positam,
728 5593 879 5655 Domini·
933 5594 1070 5655 obviare
1099 5590 1222 5652 famulo
1246 5588 1383 5651 Christis
1410 5591 1481 5662 Quo
1507 5590 1592 5664 visu,
1621 5594 1725 5656 abbas
