3950 6200
89 332 146 395 tto
181 364 183 375 ι
461 325 571 388 Palis
601 324 747 387 PRIMA.
766 353 808 371 ·-
828 323 1049 387 HXPOSlTIO
1077 322 1123 387 IN
1151 320 1355 387 psalmos.
1672 323 1734 387 tec

90 486 257 566 paralysis
273 488 328 549 est
340 485 476 549 morbus
494 485 614 549 vitales
634 484 764 547 meatus
778 484 885 546 inter-
937 483 1073 561 plenum
1093 481 1310 555 aromatibus,
1321 483 1357 546 et
1377 482 1557 559 ungnmtts
1577 484 1736 548 iurent-

89 586 233 658 cludens,
248 584 284 647 et
304 583 502 659 membrum,
516 584 603 663 quod
630 582 789 660 tetigerit,
807 583 885 645 inu·
938 580 1012 654 ciis,
1037 597 1110 659 quta
1137 580 1289 643 confecta
1314 582 1412 644 orant
1434 581 1506 643 arte
1542 579 1734 658 pigmenta·-

89 684 145 746 tile
161 682 253 745 facit.
278 682 451 759 Paralysis
472 697 564 759 ergo,
581 680 666 743 idest
687 681 780 761 quies
794 682 883 743 tem·
938 678 993 740 ria
1005 676 1065 758 (2),
1082 679 1116 739 et
1133 677 1388 741 combusserunt
1408 693 1485 740 eum
1508 678 1746 741 combustione

89 780 209 858 poralis
221 779 456 841 delectationis
476 779 599 841 ostium
621 777 748 839 claudit
761 777 884 843 diuinae
939 775 1044 837 nimia
1054 774 1115 854 (3).
1138 778 1219 849 Asa,
1232 776 1388 838 attollens
1409 776 1659 854 interpretatur,
1675 792 1737 839 cir-

88 879 214 955 gratiae,
252 879 286 939 et
314 876 364 937 sic
388 876 556 939 hominem
582 875 693 939 reddit
719 875 882 947 inutilem,
935 876 992 952 jus
1007 873 1113 935 lectus
1127 873 1245 949 plenus
1270 873 1488 948 aromatibus,
1513 876 1576 938 etc.
1593 877 1737 943 Peraea

89 975 282 1054 quodnullo
305 989 406 1052 opere
432 990 503 1046 suo,
529 973 615 1053 quod
642 973 754 1044 faciat,
781 972 884 1035 vitam
938 986 1020 1047 ergo
1044 970 1246 1046 intelligitur
1272 971 1343 1043 ille,
1381 972 1498 1049 quiin
1530 972 1737 1037 abundantia

89 1076 255 1136 mereatur
286 1074 458 1135 aeternam.
495 1070 706 1149 Paralyticus
742 1086 884 1148 quoque,
939 1067 1117 1144 temporali
1129 1069 1181 1130 est
1192 1066 1399 1130 sublimatus.
1416 1070 1537 1133 nactus
1548 1073 1600 1132 est
1611 1086 1736 1132 carna·

89 1171 171 1232 idest
185 1170 329 1248 quisque
344 1169 502 1247 peccator
522 1184 542 1229 a
566 1167 716 1246 paralysi
742 1184 884 1246 percus·
939 1165 983 1227 lis
1008 1164 1197 1228 delectatio.
1231 1167 1269 1227 In
1295 1166 1501 1229 aromatibus
1528 1168 1739 1245 significatur

90 1285 154 1343 sus,
172 1267 209 1329 iu
234 1266 321 1329 lecto
335 1266 529 1344 temporalis
551 1265 764 1329 abundantiae
782 1266 884 1343 jacet.
940 1263 1134 1340 temporalis
1146 1263 1266 1339 gloria.
1286 1266 1324 1325 ln
1345 1266 1526 1341 unguentis
1538 1265 1738 1329 meretriciis
1782 1266 1785 1277 ⁴

90 1366 284 1429 sicutenim
304 1365 472 1442 paralysis
494 1363 646 1428 debilitat
668 1363 829 1436 membra,
853 1365 887 1425 et
940 1361 1180 1425 delectationes
1198 1362 1411 1438 temporales,
1428 1363 1548 1441 quibus
1568 1364 1680 1426 anima
1695 1365 1740 1425 il-

88 1464 241 1527 dissoliit
265 1480 273 1527 :
296 1463 346 1526 sic
370 1463 465 1540 quies
492 1461 687 1540 temporalis
715 1460 886 1525 felicitatis
940 1458 1236 1531 lemafurnicatur,
1250 1460 1284 1521 et
1297 1459 1458 1523 recedita
1474 1463 1553 1523 heo.
1574 1464 1664 1532 Hac,
1679 1462 1739 1523 ln·

89 1561 256 1625 bominem
293 1559 456 1632 debilitat,
484 1561 517 1624 et
552 1560 705 1622 dissolvit
737 1559 883 1633 luxuria,
940 1572 1052 1635 qnam,
1080 1559 1243 1631 aromata,
1266 1559 1300 1619 et
1329 1560 1498 1635 unguenta
1533 1558 1741 1623 fabricantur

89 1662 120 1725 et
149 1658 228 1723 aliis
264 1658 374 1735 vitiis3
400 1661 434 1722 et
453 1658 501 1721 ita
525 1674 601 1721 eum
623 1674 644 1720 a
666 1658 726 1720 liei
744 1673 886 1720 consor·
940 1657 1014 1718 arte
1026 1655 1260 1733 pigmentaria,
1275 1654 1363 1718 idest
1383 1656 1457 1718 arte
1479 1656 1740 1720 diabolicafloc

89 1757 133 1819 tio
175 1756 352 1834 disjungit.
398 1755 492 1819 Unde
525 1756 680 1818 ieremiae
714 1755 779 1835 tei,
806 1755 885 1835 22):
941 1752 1031 1814 enim
1046 1753 1217 1816 contendit
1240 1752 1404 1827 diabolus,
1428 1756 1465 1816 ut
1487 1754 1646 1819 miseram
1661 1756 1740 1817 ani-

89 1872 106 1915 a
120 1855 301 1932 usquequo
313 1853 507 1919 dissolveris
517 1854 648 1915 deliciis
663 1853 732 1915 tilia
752 1855 886 1929 ragat»
941 1865 1029 1913 mam
1043 1851 1183 1925 alliciat,
1200 1853 1234 1914 et
1247 1853 1362 1929 postea
1386 1852 1616 1915 combustione
1633 1854 1741 1917 iiimla

90 1951 173 2015 idest
194 1952 316 2023 fluens,
342 1952 376 2017 et
399 1951 593 2014 discurrens
621 1967 681 2028 per
705 1951 885 2023 luxuriam,
940 1949 977 2011 in
991 1948 1126 2012 inferno
1141 1949 1323 2012 comburat.
1347 1951 1387 2013 st
1406 1949 1492 2015 bone
1515 1950 1608 2025 dicit,
1635 1951 1741 2015 nimia

91 2053 120 2112 et
142 2049 212 2112 alia
241 2049 341 2124 vitla;
369 2051 403 2111 et
433 2051 532 2111 isaia
565 2047 630 2129 (35,
654 2050 688 2129 3)
719 2072 727 2110 :
756 2051 886 2111 «Con-
942 2045 1188 2124 combustione3
1216 2047 1295 2126 quia
1319 2063 1371 2121 ea,
1406 2064 1481 2126 quae
1516 2050 1616 2113 uncta
1649 2050 1738 2122 sunt,

89 2147 206 2213 fortate
222 2163 344 2211 manus
364 2146 557 2220 dissolutas,
572 2150 607 2210 et
626 2162 737 2224 genua
762 2146 888 2209 debilia
941 2144 1080 2221 gravius
1094 2146 1345 2219 comburuntur,
1365 2162 1464 2224 quam
1479 2147 1560 2222 alia,
1580 2163 1654 2224 quae
1670 2162 1740 2210 non

92 2244 290 2309 roborate.»
310 2245 393 2308 Item
412 2244 575 2307 ieremias
599 2244 657 2306 ubi
679 2244 827 2323 loquitur
848 2242 888 2305 de
942 2244 1021 2305 sunt
1043 2244 1154 2306 uncta.
1182 2244 1302 2307 Hicin
1327 2243 1415 2307 lecto
1437 2244 1656 2322 torquebatur
1678 2243 1739 2324 (4),

92 2342 206 2416 Israel,
236 2341 431 2414 ostendens,
460 2342 547 2420 quod
582 2342 656 2420 plus
677 2343 710 2404 ei
737 2341 889 2404 nocuerit
941 2342 976 2403 et
989 2340 1264 2417 comburebatur3
1281 2341 1369 2419 qnod
1388 2341 1436 2414 tit,
1459 2356 1536 2403 cuni
1556 2341 1656 2405 homo
1678 2357 1740 2420 pro

91 2438 410 2511 Nabuchodonosor,
425 2455 525 2517 quain
535 2442 651 2513 Assur,
667 2440 754 2502 unde
765 2436 886 2518 aittbd,
943 2437 1087 2515 singulis
1099 2438 1245 2516 peccatis
1258 2438 1405 2517 punitur.

92 2536 142 2616 17)
156 2559 165 2599 ε
180 2554 199 2597 t
215 2537 352 2599 Primus
375 2537 521 2601 comedit
543 2554 619 2599 eum
641 2554 703 2600 rex
725 2540 842 2609 Assur,
856 2536 890 2599 et
982 2535 1134 2609 abendo,
1150 2536 1237 2614 quod
1252 2536 1412 2598 Dominus
1427 2537 1559 2600 mnavlt
1578 2536 1743 2615 paralyti-

91 2635 296 2698 ncrissimus
320 2635 491 2697 exossavit
518 2651 593 2697 eum
621 2634 890 2699 Nabuchodono·
942 2647 1031 2705 cum,
1048 2649 1116 2695 non
1131 2633 1166 2695 in
1181 2633 1290 2706 domo,
1305 2634 1363 2696 sed
1376 2634 1410 2696 ln
1425 2634 1499 2711 ria,
1516 2635 1554 2698 ut
1567 2635 1743 2698 sicosten-

92 2748 154 2795 sor.
181 2736 292 2797 Assur
320 2733 561 2810 interpretatur
597 2733 705 2810 ligura
739 2733 887 2794 luminis.
943 2731 1090 2804 deretur,
1098 2747 1171 2809 quae
1179 2732 1230 2794 est
1242 2731 1409 2794 medicina
1418 2734 1534 2795 contra
1545 2733 1739 2812 paralysim,

93 2832 168 2893 Haec
182 2831 236 2892 est
247 2831 381 2893 vanitas
394 2831 577 2904 saecularis,
594 2847 669 2909 quae
683 2846 750 2894 non
763 2832 814 2892 est
829 2845 888 2892 so·
944 2846 1020 2909 quae
1029 2845 1105 2892 eum
1119 2828 1274 2892 vexabat.
1290 2830 1369 2892 Haec
1379 2830 1549 2893 astantem
1561 2831 1740 2906 medicina,

91 2925 191 2991 lidum
214 2927 341 2999 lumen,
357 2926 415 2989 sed
440 2927 576 2989 luminis
603 2928 727 3004 tigura3
750 2928 890 2990 sednon
945 2927 981 2989 ut
1013 2928 1195 3004 cognoscat
1219 2927 1436 3005 paralyticus,
1460 2928 1547 3005 quod
1567 2928 1741 2991 sitinria.

93 3026 220 3087 tantum
234 3023 266 3086 ei
291 3026 416 3097 nocuit,
438 3027 598 3104 quantum
619 3025 889 3089 Nabuchodono-
944 3025 1085 3088 sienim
1106 3025 1344 3097 consideraret,
1361 3026 1485 3104 quanta
1508 3026 1540 3088 ei
1564 3027 1669 3089 restat
1685 3027 1743 3090 ria

94 3139 155 3196 sor,
172 3123 232 3202 qui
248 3139 309 3199 per
322 3123 557 3197 Naburardan,
573 3125 660 3187 idest
682 3141 743 3201 per
762 3123 891 3202 gelosi-
945 3138 1051 3202 usque
1063 3123 1105 3184 ad
1117 3126 1262 3183 montem
1277 3122 1336 3183 het
1355 3121 1477 3193 Horeb,
1494 3121 1624 3199 lugeret
1645 3138 1665 3184 a
1688 3122 1743 3185 fa-

94 3223 192 3286 tatem
217 3220 280 3301 (1),
306 3221 394 3285 idest
415 3238 476 3299 per
503 3224 615 3284 carnis
648 3222 787 3284 delicias
814 3238 890 3306 eum
945 3221 997 3283 cie
1015 3219 1148 3282 lezabel
1170 3234 1275 3296 usque
1296 3218 1338 3282 ad
1364 3219 1510 3281 montem
1532 3221 1593 3282 Dei
1616 3220 1740 3296 Horeb,

95 3318 298 3396 subjugavit,
314 3321 348 3381 et
359 3320 540 3382 exossavit.
557 3320 725 3382 Gulositas
740 3320 829 3383 enlm
844 3319 890 3381 ita
945 3318 1131 3380 sicutillias
1154 3316 1376 3394 quadraginta
1391 3315 1518 3389 diebus,
1533 3318 1566 3379 et
1589 3317 1742 3379 noctibus

96 3418 213 3482 currat
225 3416 408 3489 hominem,
423 3418 456 3479 et
470 3416 662 3494 confringit,
676 3418 762 3495 quod
786 3417 819 3480 ei
838 3420 892 3479 to-
924 3439 927 3446 ·
945 3414 1086 3491 digerat
1100 3412 1233 3480 lezabel
1245 3413 1485 3491 interpretatur
1499 3413 1740 3487 fluxusianus,

95 3515 158 3576 tam
173 3514 336 3576 uirtutem
348 3513 467 3588 aufert,
483 3515 572 3577 unde
585 3515 628 3580 ad
650 3531 753 3593 opera
777 3515 890 3578 virtu·
944 3513 978 3574 et
992 3511 1161 3588 significat
1173 3510 1428 3573 delectationem
1440 3511 1674 3588 temporalem,
1687 3511 1742 3574 uel

95 3613 161 3673 tuin
173 3611 235 3672 rix
253 3625 392 3687 surgere
407 3611 525 3688 potest,
546 3613 583 3676 ut
597 3628 657 3691 pro
673 3613 818 3690 peccatis
830 3628 891 3675 sa·
946 3610 1054 3671 fluens
1076 3607 1286 3685 sanguinem,
1312 3607 1365 3670 vel
1389 3606 1614 3672 cohabitatrix
1635 3609 1743 3672 inter-

96 3709 254 3772 tisfaciat
283 3709 319 3770 si
344 3708 433 3772 enim
458 3709 565 3784 ‚homo
590 3710 704 3788 lapsus
732 3710 891 3774 fueritin
945 3707 1108 3787 pretatur,
1118 3707 1152 3768 et
1166 3705 1334 3782 significat
1346 3721 1481 3769 carnem
1493 3708 1654 3781 nostram,
1666 3721 1742 3769 cum

96 3806 228 3885 aliquod
251 3808 436 3883 peccatum,
452 3809 485 3869 ct
499 3824 566 3874 non
581 3808 625 3874 sit
638 3807 685 3872 iti
700 3807 890 3876 deliciosus,
946 3821 1013 3884 qua
1036 3803 1237 3877 habitamus,
1260 3820 1335 3882 qnae
1368 3817 1435 3867 non
1458 3805 1534 3867 fluit
1555 3804 1652 3869 nobis
1675 3804 1744 3866 nist

96 3905 174 3983 quin
195 3903 280 3965 velit
301 3903 414 3966 subire
429 3919 513 3966 onus
538 3905 755 3982 poenitentia,
778 3909 815 3969 ut
832 3922 892 3984 pro
947 3903 1156 3981 sanguinem,
1176 3902 1264 3965 idest
1277 3904 1461 3979 peccatum.
1476 3902 1599 3978 Horeb,
1625 3919 1743 3967 mensa

98 4001 246 4080 peccatis
261 4000 458 4074 satisfaciat,
473 4002 513 4068 de
527 4002 588 4068 tali
609 4003 720 4080 potest
731 4019 808 4080 spes
825 4003 892 4066 ha·
947 4001 1197 4079 interpretatur.
1221 4001 1318 4062 Mons
1331 4015 1413 4077 ergo
1436 4000 1547 4063 Horeb
1562 4003 1613 4064 est
1631 4001 1746 4064 excel·

97 4095 180 4159 beri.
198 4097 262 4159 Sed
277 4096 318 4159 de
340 4097 410 4172 illo,
433 4099 491 4177 qui
515 4099 563 4166 ita
589 4102 641 4163 est
671 4100 893 4165 delectatione
948 4098 1051 4161 lenita
1074 4098 1197 4160 divinae
1226 4098 1419 4176 scriptura.
1447 4101 1572 4160 cursus
1594 4098 1743 4177 quadra·

98 4194 228 4258 mrnali
243 4194 425 4268 emollitus,
446 4197 533 4274 quod
557 4196 707 4263 laborem
728 4199 894 4276 panitari-
947 4197 1040 4274 ginta
1054 4195 1184 4258 dierum
1196 4197 1247 4258 est
1261 4196 1469 4273 punitentia.
1483 4197 1546 4269 Qui
1562 4211 1642 4272 erge
1654 4209 1740 4258 con·

95 4292 162 4366 uae,
180 4305 246 4369 quo
261 4290 448 4354 satisfaciat
459 4308 519 4370 pro
540 4294 825 4370 praenascens
838 4310 895 4357 re-
947 4294 1074 4358 sideret
1084 4308 1184 4371 quam
1199 4293 1336 4368 grandis
1350 4293 1457 4355 sitvia
1470 4293 1617 4356 carnalis
1629 4293 1744 4372 volup-

96 4387 189 4459 nuat,
203 4385 297 4448 nulla
311 4403 388 4464 spes
403 4391 463 4451 est
481 4392 528 4452 De
549 4390 614 4456 hcc
637 4391 759 4456 dicitur
778 4391 816 4454 in
834 4407 893 4454 se-
947 4391 1038 4464 tatis,
1063 4392 1097 4452 et
1119 4405 1219 4467 quam
1247 4390 1375 4454 remota
1399 4405 1419 4451 a
1443 4390 1498 4452 iia
1518 4388 1651 4463 Christi,
1668 4393 1743 4454 sta-

97 4484 205 4547 cundo
220 4485 500 4563 Paralipomenon
513 4486 577 4567 (16,
603 4487 667 4570 tt),
684 4488 741 4552 ubi
762 4489 804 4552 de
826 4493 893 4552 asa
947 4488 1009 4551 tim
1023 4487 1254 4565 poenitentiam
1269 4501 1383 4563 agens,
1410 4486 1560 4550 adhaeret
1585 4488 1744 4552 doctrinae

97 4582 232 4655 dicitur,
248 4582 334 4661 quod
347 4586 618 4666 posuerunteum
639 4602 741 4664 super
759 4586 892 4659 lectum,
949 4584 1085 4657 curisti,
1110 4583 1269 4646 derelicta
1293 4583 1423 4645 carnali
1444 4586 1626 4664 voluptate.
1651 4587 1744 4650 Tulle

97 4755 181 4824 inens
193 4741 337 4799 cruciatus
348 4741 432 4799 ratde
439 4741 593 4827 decumbit.
610 4765 622 4796 i
635 4743 708 4828 Vide
726 4751 796 4803 tom.
814 4746 893 4818 11111,
949 4757 1221 4871 namquecocoruin
1230 4749 1339 4827 venter·
1352 4749 1406 4814 est,
1421 4745 1471 4829 cui
1485 4759 1591 4822 magne
1606 4761 1677 4830 cura
1689 4746 1741 4827 ob·

98 4811 168 4868 ltibt.
181 4812 257 4869 Har.
268 4813 301 4868 P.
317 4812 353 4868 de
374 4813 401 4870 la
417 4816 497 4887 Haye
511 4828 540 4871 ιιι
555 4814 724 4886 Concordia,
747 4824 775 4873 et
797 4818 892 4900 Eupo·
949 4829 980 4874 se
1031 4829 1080 4872 utu
1096 4825 1199 4872 acoois
1214 4813 1397 4887 impenditur,
1412 4822 1442 4872 ut
1463 4830 1525 4888 ipse
1539 4815 1744 4874 delectabiliter

97 4882 142 4962 tit.
158 4882 262 4942 literali
277 4881 362 4956 hujus
376 4890 479 4942 textus.
498 4887 540 4943 lle
555 4885 612 4944 alic
624 4887 779 4961 paralytico
791 4888 896 4969 legitur
948 4829 1021 4943 ciffi:
1039 4886 1199 4967 impleatur.
1226 4886 1300 4944 lturl
1311 4955 1317 4967 Ι
1328 4893 1424 4943 autem
1449 4887 1607 4968 ierusalem
1626 4886 1745 4944 virtutes

98 4967 126 5032 in
141 4951 207 5009 cod.
228 4952 329 5009 ltattb.
344 4953 372 5021 9,
389 4954 454 5014 22·
471 4955 636 5015 offerebant
658 4956 686 5014 ei
709 4958 895 5034 paralyticum
949 4964 1016 5014 sunt
1026 4969 1140 5026 animae,
1150 4954 1186 5013 ad
1195 4953 1369 5013 desiderium
1377 4969 1508 5027 supernae
1523 4969 1603 5028 pacis
1613 4956 1743 5016 elevate.

96 5030 241 5093 iacentem
256 5022 287 5079 in
298 5021 382 5081 lecto.
400 5045 412 5074 ι
949 5029 1088 5087 docorum
1102 5025 1190 5099 igitur
1204 5026 1336 5098 princeps
1350 5040 1448 5083 muros
1460 5025 1620 5082 ierusalem
1635 5023 1744 5097 dejicit3

132 5093 176 5165 (1)
192 5093 333 5166 ldeslper
347 5094 540 5168 gulositatem.
554 5095 608 5156 Ubl
622 5098 753 5156 terentiae
771 5098 894 5172 caper,
950 5097 1017 5171 qnia
1042 5096 1111 5155 duni
1136 5104 1236 5153 uentu
1267 5096 1396 5169 ingluvie
1430 5093 1599 5166 extenditur,
1626 5095 1746 5154 virtutes

98 5173 127 5224 et
140 5168 181 5228 lv
193 5166 307 5248 lteguui
320 5179 384 5239 esp.
405 5165 652 5228 sannazario
666 5170 696 5230 ic
708 5169 831 5243 Vulgata
851 5168 893 5226 di·
951 5169 1056 5228 animae
1105 5183 1118 5223 ι
1132 5167 1271 5224 luxuriam
1284 5165 1477 5223 destruuntur.

99 5237 172 5293 citur
199 5249 334 5307 princeps
354 5236 481 5308 militiae3
510 5237 540 5294 in
568 5253 663 5312 greca
693 5240 769 5299 lixit
791 5239 896 5313 legitur
987 5238 1029 5380 (ξ)
1044 5238 1135 5368 Vulg.
1151 5236 1417 5310 pigmentariorum.

100 5307 235 5379 princeps
267 5319 443 5378 coquorum
470 5314 498 5365 et
524 5308 567 5365 stc
591 5307 618 5366 le
643 5310 663 5365 't
689 5311 717 5368 S.
742 5312 764 5370 G
819 5311 897 5368 orius
1070 5309 1100 5365 ul
1124 5350 1131 5365 .
1157 5307 1375 5364 combusserunt
1395 5320 1481 5378 super
1503 5319 1570 5363 euin
1591 5305 1747 5365 ambitione

99 5378 180 5434 tertia
195 5384 276 5450 parte
288 5377 407 5449 Regula
419 5379 584 5463 pastoralis,
600 5324 668 5437 effilt.
688 5382 778 5465 lfaur.
813 5381 895 5447 sris..
952 5381 1051 5438 nimia.
1065 5323 1122 5462 Sed
1133 5384 1225 5434 textus
1237 5376 1322 5433 Hebr.
1342 5376 1432 5452 legit:
1445 5375 1663 5435 combusserunt
1679 5393 1746 5436 euin

100 5462 125 5505 c.
139 5448 182 5516 19,
195 5456 266 5505 tom.
279 5448 317 5516 11,
330 5448 386 5520 ecl.
402 5448 448 5518 dl,
465 5449 616 5508 sorbens:
634 5471 645 5501 ι
662 5452 734 5521 Quia
753 5452 829 5526 gula
844 5451 895 5509 de·
952 5449 1150 5508 combustione
1185 5460 1292 5519 magua
1317 5460 1409 5518 usque
1431 5445 1525 5504 valde.

100 5516 296 5576 ditcsluauria
310 5518 449 5590 sequitur,
462 5518 601 5593 Propheta
620 5527 750 5591 testatur,
766 5521 897 5596 quidum
990 5520 1031 5590 (1)
1046 5516 1250 5590 torquebatur.
1267 5518 1322 5574 Per
1332 5516 1547 5574 translationem
1566 5518 1693 5600 torqueri
1707 5517 1748 5577 di·

100 5595 197 5660 aperta
217 5594 327 5657 narrat,
354 5590 465 5672 occulta
484 5588 650 5659 denunciat,
672 5592 771 5652 dicens
787 5593 892 5650 :Prin
951 5592 1041 5659 citur;
1056 5595 1085 5646 ct
1096 5595 1274 5671 estssnsus:
1291 5587 1357 5645 fise
1369 5586 1493 5646 cadaver
1506 5601 1613 5646 sensim
1629 5589 1666 5648 ab
1679 5590 1749 5666 igne

101 5674 160 5730 tcpt
174 5674 304 5717 cocorum
317 5659 457 5716 destruxit
471 5676 568 5720 murce
579 5664 748 5722 Jerusalem.
760 5665 898 5737 Princeps
952 5660 1143 5733 evertebatur,
1155 5673 1215 5717 sive
1230 5656 1447 5717 dissolvebatur.
