3950 6200
258 311 319 371 uia
681 313 715 373 S.
742 311 918 374 antonii
948 313 1136 375 PADUANI
1166 315 1305 378 OPERA
1332 315 1479 381 omitia.
1796 330 1840 391 121)

258 459 445 549 parietinis,
463 471 581 543 61666,
596 471 652 549 661
676 486 737 547 per
754 470 910 533 haeresim
922 469 1055 533 cecide·
1108 470 1233 534 buntur
1256 471 1347 549 ligna
1369 474 1488 553 campi,
1505 476 1540 538 et
1559 475 1643 538 cedri
1661 478 1841 560 Liberique

258 569 390 630 suntad
405 567 951 645 1166661661.116161166,661666
968 568 1055 629 sicut
1108 569 1271 645 plantavit
1293 568 1353 649 (2).
1369 572 1507 648 »Ligna
1522 574 1627 649 campi
1645 579 1713 638 sunt
1732 578 1843 643 minores

259 665 444 743 pellicanus
459 665 493 726 in
517 665 661 738 deserto,
683 680 745 727 nec
759 665 847 727 sicut
859 665 1054 742 nycticorax
1108 665 1141 726 61
1161 664 1225 728 ilde
1247 667 1392 743 steriles,
1417 671 1449 731 et
1480 669 1516 730 ln
1539 670 1702 732 latitudine
1720 674 1841 737 ritiomn

258 764 293 823 16
309 762 477 824 domicilio
505 778 579 824 esse
598 764 717 840 potest,
745 762 801 824 sed
832 762 919 824 sicut
937 777 1054 839 passer
1107 765 1360 825 commorantes.
1388 766 1430 826 111
1457 769 1646 829 saturantur
1660 781 1712 844 per
1723 770 1844 843 tidemet

258 859 459 921 babitausin
475 862 575 933 teoto,
586 859 679 922 utilis
692 860 753 932 est,
769 859 871 920 uteos
886 859 927 920 ad
938 873 1054 936 perse-
1106 856 1194 920 bona
1218 876 1331 937 opera,
1359 861 1548 940 aliquorum
1583 864 1805 940 predicatione:
1821 873 1844 931 et

257 956 442 1018 rorandum
456 957 587 1029 inritet,
603 957 660 1035 qui
675 957 711 1017 ln
735 956 878 1018 aediflcio
906 954 995 1028 fidei,
1020 959 1053 1018 et
1107 955 1199 1016 cedri
1223 956 1354 1032 Libani,
1381 959 1468 1022 idest
1495 963 1647 1037 majores,
1670 963 1720 1039 qui
1740 964 1844 1040 plantati

258 1054 422 1131 religione
446 1056 524 1116 sunt
536 1054 675 1116 tundali.
698 1053 733 1115 Si
749 1053 851 1130 igitur
865 1054 921 1132 qui
937 1068 1054 1132 passer
1107 1055 1186 1114 sunt
1212 1053 1247 1115 ln
1279 1054 1360 1128 fide,
1390 1056 1630 1120 saturabuntur
1653 1058 1843 1135 praedicatione

259 1151 321 1223 est,
335 1152 485 1223 uocetur,
507 1153 541 1212 et
567 1151 727 1213 invitetur
748 1151 788 1211 ad
805 1150 985 1222 desertum,
998 1150 1052 1212 rel
1106 1148 1270 1211 aliorum:
1287 1152 1320 1213 et
1334 1152 1416 1225 illic,
1427 1153 1557 1217 scilicet
1569 1155 1603 1215 in
1617 1155 1846 1233 cedris‚etllgnts

258 1247 476 1319 domicilium,
499 1250 536 1310 ut
560 1247 603 1309 sit
619 1248 817 1325 pellicanus,
833 1247 886 1309 uel
902 1247 1054 1325 6661166-
1107 1246 1156 1308 616
1183 1249 1345 1311 saturatis
1372 1265 1525 1328 passeres
1552 1251 1846 1324 nidificabuntineis

258 1361 333 1420 rax,
349 1344 517 1423 aliquibus
538 1344 570 1406 el
589 1344 802 1406 dicentibus:
825 1347 1053 1421 thammtqro
1106 1343 1326 1420 quiescentes,
1343 1349 1377 1409 et
1394 1346 1436 1409 ad
1465 1348 1734 1426 perseverandum
1752 1351 1847 1411 166166

257 1445 295 1504 16
318 1443 472 1504 montem
498 1443 586 1503 61661
612 1457 748 1516 passer,
772 1441 806 1503 in
831 1441 997 1512 altiorem,
1010 1442 1053 1503 61
1106 1443 1290 1505 monentes.
1306 1444 1429 1506 Passer
1446 1444 1847 1522 1661161116616666611-

256 1538 508 1601 eminentiorem
523 1537 678 1612 trucium,
695 1538 919 1616 praedicando,
940 1538 973 1600 et
993 1553 1052 1599 re·
1105 1539 1202 1600 tura
1228 1539 1357 1618 laqueis
1385 1541 1518 1604 domum
1544 1543 1654 1605 intrat.
1671 1543 1720 1604 Sic
1739 1543 1848 1603 minores

255 1635 364 1712 gendo
376 1651 446 1707 eos,
463 1635 610 1713 quisunt
623 1636 657 1696 in
673 1635 866 1708 solitudine,
880 1635 934 1697 rel
944 1634 1053 1696 domi·
1106 1634 1355 1712 praedicatores,
1366 1640 1398 1701 et
1417 1637 1482 1700 riri
1495 1639 1574 1700 boul
1588 1654 1608 1701 a
1624 1639 1780 1701 sterilitate
1797 1654 1848 1699 na-

256 1732 347 1806 cilio,
375 1732 471 1794 debet
496 1733 699 1810 respondere
715 1753 723 1793 ε
741 1733 911 1800 Quomodo
938 1731 1052 1793 dicitis
1106 1729 1214 1794 lorum
1242 1732 1384 1811 1661661,
1410 1738 1443 1798 61
1465 1749 1509 1797 66
1531 1736 1702 1813 capiantur
1725 1735 1848 1812 alaqneis

256 1833 386 1892 animae
399 1845 505 1892 meac:
522 1833 750 1907 Truomntqrc
773 1833 811 1891 16
830 1830 982 1892 moratam
997 1829 1050 1890 61-
1105 1828 1310 1902 16616116616,
1327 1830 1363 1892 16
1378 1830 1510 1896 domum
1530 1847 1567 1893 se
1582 1829 1848 1906 recludanturque

255 1927 313 1989 cut
325 1931 477 2003 passeri
499 1927 572 1988 Non
589 1926 730 1998 66111616,
747 1942 809 1988 nec
824 1925 965 1987 idoneus
977 1941 1051 1986 sum
1106 1924 1386 2006 1661666664)
1403 1944 1445 1989 :s
1465 1930 1588 1990 Passer
1609 1927 1730 1990 invenlt
1746 1925 1850 1988 611116·

256 2023 297 2086 ad
311 2024 551 2101 acquirendum
566 2039 632 2085 non
647 2023 773 2095 babita,
786 2038 847 2084 noc
862 2022 902 2085 ad
916 2037 1052 2099 recupe·
1105 2035 1207 2096 mum,
1222 2023 1257 2085 et
1269 2025 1381 2086 turtur
1391 2023 1505 2087 nidum
1519 2023 1596 2098 sihi,
1607 2024 1661 2086 uhi
1675 2021 1849 2102 ponatpullos

254 2122 396 2184 randum
409 2122 549 2198 perdita,
577 2122 636 2182 sed
660 2122 770 2195 adea,
798 2121 1049 2199 6666661116-
1105 2133 1196 2193 6666,-
1216 2120 1337 2182 altaria
1361 2123 1431 2193 tua,
1457 2122 1598 2184 Domine
1618 2121 1849 2184 virtutemno-

255 2220 345 2290 runt,
357 2219 628 2281 consummanda.
644 2219 841 2296 Huiusmodi
854 2218 1050 2295 persuasio·
1104 2215 1197 2277 venit
1230 2215 1295 2278 sibi
1327 2217 1473 2295 domum,
1503 2214 1635 2282 scilicet
1668 2218 1775 2280 altaria
1800 2218 1851 2286 tna,

256 2332 345 2390 nem,
355 2318 389 2378 et
400 2316 651 2393 responsionem
664 2315 825 2377 babemus
836 2315 933 2376 Isaiae
943 2313 988 2392 (3,
998 2312 1049 2392 11);
1106 2312 1268 2374 Domine:
1284 2313 1393 2377 altare
1412 2315 1542 2378 scilicet
1566 2315 1752 2387 holocausti,
1770 2313 1797 2375 et
1812 2312 1850 2374 al·

255 2415 526 2476 «vestimentum
542 2413 602 2476 tlbi
625 2414 687 2488 est,
708 2413 779 2474 esto
795 2412 957 2489 Princeps
972 2425 1052 2473 nos-
1104 2409 1177 2471 tare
1197 2409 1428 2473 thimiamatis.
1445 2412 1494 2473 ad
1510 2413 1619 2475 altare
1640 2411 1801 2475 holocausti
1811 2409 1852 2470 in·

254 2511 318 2583 ter,
345 2511 444 2573 ruina
470 2511 582 2573 autem
610 2509 683 2571 baec
708 2509 771 2571 sub
803 2523 904 2570 manu
927 2510 985 2570 tua
1001 2526 1049 2582 »ς
1104 2506 1163 2582 git,
1192 2507 1230 2569 ut
1254 2507 1374 2571 6116661
1394 2511 1653 2573 macerationem
1680 2509 1801 2572 carnis:
1822 2504 1851 2566 sd

255 2607 351 2686 quasi
367 2608 479 2671 dicat:
497 2609 532 2669 Si
545 2607 724 2668 transieris
738 2608 773 2667 in
788 2607 937 2683 regimen
950 2605 1050 2682 butus
1104 2603 1212 2664 altare
1237 2604 1467 2681 thimiamatis,
1496 2606 1533 2669 ut
1558 2607 1676 2670 climat
1697 2603 1851 2668 suadeam

255 2704 418 2777 ecclesiae,
443 2704 576 2765 ruinam
602 2706 675 2780 ejus
697 2705 889 2765 restaurare
911 2702 1048 2779 poteris.
1104 2699 1279 2762 orationis.
1317 2703 1364 2764 nt
1403 2703 1525 2765 turbo
1565 2707 1695 2766 nidum.
1731 2700 1852 2765 linnden

255 2799 351 2879 Et(3,
364 2800 398 2879 7)
411 2818 430 2860 ‹
445 2795 659 2877 respondebit
672 2799 707 2860 in
721 2799 780 2862 illa
803 2800 857 2861 die
872 2800 997 2871 dicens,
1014 2802 1051 2861 ut
1103 2799 1201 2859 vocat
1229 2799 1405 2872 turturem,
1431 2815 1527 2878 quem
1548 2803 1583 2863 et
1607 2815 1771 2879 passerem,
1791 2795 1853 2856 idest

256 2911 375 2974 passer
391 2917 399 2956 ι
415 2912 482 2957 non
493 2912 567 2957 sum
583 2895 745 2970 medicus,
760 2896 842 2958 etin
863 2895 961 2957 domo
975 2911 1050 2957 mea
1082 2894 1212 2955 >uirum
1238 2898 1377 2973 justum.
1411 2897 1563 2959 Christus
1592 2900 1627 2960 in
1654 2898 1745 2960 altari
1773 2892 1853 2955 crucis

254 2993 494 3070 nonestpanis,
508 2992 1049 3070 nequerestimentumznoliteme
1104 2990 1224 3053 obtulit
1251 2991 1386 3065 toenum,
1414 2994 1502 3056 idest
1525 3011 1660 3057 carnem
1680 2988 1854 3068 666616111-

253 3090 456 3155 oonstituere
468 3081 652 3169 prinoipem
667 3090 791 3170 populi.
805 3090 1051 3153 »concorditer
1104 3091 1233 3164 caiam
1261 3091 1294 3152 et
1319 3089 1354 3152 in
1376 3089 1440 3153 boc
1467 3090 1557 3154 imno
1585 3091 1666 3155 iacit
1688 3089 1853 3154 6111611166

254 3189 416 3253 habemus
452 3190 559 3267 primo
595 3191 722 3265 Regum
744 3187 804 3268 (1),
829 3187 884 3249 ubi
913 3188 1047 3263 legitur,
1103 3186 1292 3263 uirjustus,
1301 3188 1515 3265 requiescens
1529 3189 1664 3252 ineoad
1679 3196 1855 3266 praesenspor

254 3286 341 3365 quod
366 3287 471 3349 David
497 3286 668 3349 insecutus
694 3286 745 3349 est
764 3285 977 3356 amalecitas,
992 3286 1049 3362 qui
1103 3284 1309 3356 memoriam,
1336 3286 1372 3347 ut
1394 3283 1527 3346 tandem
1554 3286 1663 3363 poscit
1685 3282 1854 3361 requiescere

254 3384 400 3461 praedam
424 3383 590 3446 duxerant
613 3383 655 3444 de
679 3386 770 3445 terra
792 3396 864 3454 sua,
880 3397 986 3458 usque
1006 3381 1048 3443 ad
1097 3394 1163 3456 per
1184 3379 1337 3456 gloriam,
1357 3383 1392 3444 et
1412 3384 1518 3456 ponat
1540 3383 1577 3444 in
1597 3399 1637 3445 eo
1659 3377 1855 3457 potorium·

253 3483 436 3543 torrentem
460 3482 583 3555 Besor;
599 3483 632 3542 et
646 3478 693 3540 ibi
712 3478 963 3541 remanentibus
973 3478 1050 3555 qui-
1103 3492 1342 3554 rumoperum.

254 3578 393 3641 busdam
409 3578 451 3640 de
471 3579 553 3649 suis,
575 3577 634 3655 qui
653 3592 720 3638 non
734 3576 893 3639 valebant
902 3576 1049 3638 transire
1144 3574 1238 3635 Sicut
1251 3574 1352 3636 bomo
1366 3575 1489 3638 dicitur
1505 3592 1644 3652 passer,
1660 3577 1706 3639 sic
1725 3574 1754 3636 et
1770 3568 1857 3633 cbris-

254 3677 369 3746 Besor,
385 3674 543 3737 transivit
565 3674 638 3751 ipse
659 3689 733 3734 cnm
750 3672 840 3735 aliis.
855 3672 1051 3735 amalecitis
1102 3672 1169 3744 tus,
1185 3672 1242 3748 qui
1271 3686 1307 3732 se
1334 3672 1433 3735 uocat
1460 3682 1633 3750 passerem
1659 3665 1853 3736 solitarlunin

255 3771 407 3843 devictis,
420 3771 566 3847 predam
576 3771 711 3833 reduxit
723 3791 733 3845 ;
743 3769 833 3839 61116,
843 3769 901 3847 661
915 3784 1051 3829 reman—
1103 3769 1202 3830 tecto.
1217 3768 1312 3830 Unde
1320 3768 1356 3830 16
1369 3770 1517 3832 Levitico
1531 3769 1580 3852 (3)
1589 3771 1779 3849 praecipitur,
1791 3760 1853 3842 quod

255 3871 515 3944 serant,aequam
526 3868 654 3944 partem
669 3867 710 3928 de
722 3866 834 3943 prada
849 3865 973 3936 divisit,
984 3864 1048 3941 ipsi
1104 3864 1256 3942 leprosus
1279 3866 1458 3928 mundatus
1471 3866 1623 3931 «6116661
1644 3868 1723 3928 duos
1735 3872 1855 3943 passeres

255 3965 345 4027 enim
360 3965 513 4026 sarcines
526 3963 764 4025 custodierant.
788 3962 924 4025 Amalec
939 3962 1051 4023 inter·
1102 3962 1211 4034 viros,
1226 3961 1347 4039 quibus
1373 3964 1465 4025 vesci
1485 3964 1617 4026 licitum
1639 3960 1855 4036 6616116666

254 4063 406 4140 pretatur
428 4062 562 4138 lingens
588 4061 797 4137 sanguinem,
824 4062 857 4122 et
882 4059 1050 4135 siguificat
1103 4058 1286 4132 cedrinum,
1298 4058 1599 4139 vermiculumque,
1613 4061 1647 4124 61
1660 4050 1857 4138 hyssopumel

255 4161 433 4234 daemones,
447 4158 503 4235 qui
514 4157 738 4235 saepeducunt
751 4157 894 4234 praedam
908 4157 1049 4219 deterre
1104 4172 1205 4216 unum
1216 4156 1258 4217 de
1273 4156 1465 4233 passeribus
1481 4156 1631 4221 immolet
1645 4160 1679 4219 in
1692 4146 1857 4218 rasedctill

254 4258 371 4333 David,
391 4256 479 4319 idest
504 4254 664 4317 Ecclesia.
688 4253 793 4317 David
818 4257 942 4326 autem,
963 4252 1050 4315 idest
1102 4254 1136 4316 et
1160 4253 1264 4314 alium
1292 4266 1367 4316 curn
1393 4254 1485 4331 ligno
1511 4255 1661 4328 cedrino,
1687 4244 1857 4320 ccccmo

254 4356 407 4418 Christus
418 4370 494 4417 cum
509 4352 707 4432 quibusdam
723 4352 766 4413 de
779 4351 850 4413 6616
862 4351 1050 4428 insequitur
1104 4350 1247 4428 hyssopo
1260 4350 1404 4428 intingat
1431 4352 1649 4428 insanguine
1669 4347 1799 4430 passeris
1809 4344 1857 4404 im·

254 4469 312 4515 eos
327 4467 431 4530 usque
454 4452 494 4514 ad
518 4451 700 4513 torrentem
725 4451 843 4524 besor,
857 4447 915 4526 qui
942 4448 1050 4510 inter·
1103 4448 1229 4522 molati,
1245 4446 1860 4525 6111611161ρ66666661616616,61616

254 4549 403 4629 pretatur
420 4547 614 4621 tribulatt03
638 4548 671 4608 et
695 4545 743 4607 ibi
767 4545 965 4624 quibusdam
989 4561 1048 4607 re·
1102 4546 1148 4608 161
1174 4546 1210 4607 16
1252 4561 1413 4623 agrum.»
1438 4549 1510 4610 Duo
1534 4563 1690 4626 passeres
1721 4536 1859 4606 visisunt

255 4645 478 4719 manentibus,
507 4659 569 4704 neo
595 4642 787 4705 valentibus
821 4641 1048 4704 tribulationis
1102 4643 1264 4718 cbristus,
1274 4645 1480 4722 etpeccator.
1491 4644 1646 4707 Christus
1657 4656 1765 4722 passer
1775 4637 1859 4699 risus.

255 4743 413 4820 impetum
447 4742 674 4812 transmeare,
706 4739 858 4800 sarcinas
894 4738 1050 4800 Ecclesia
1103 4741 1181 4817 quia
1213 4740 1283 4802 vita
1304 4761 1313 4802 ε
1338 4745 1495 4818 peccator
1530 4742 1644 4815 rium,
1672 4740 1747 4818 quia
1777 4728 1859 4811 poessi·

253 4838 457 4902 custodiunt.
485 4835 692 4898 Fortioribus
713 4836 836 4907 autem,
861 4836 894 4897 et
919 4834 1049 4911 perlec-
1102 4838 1172 4912 tet;
1188 4839 1268 4899 tunc
1284 4839 1373 4899 enim
1389 4839 1508 4917 incipit
1529 4839 1655 4901 rivere.
1672 4828 1860 4905 0611661111·

253 4937 396 5001 tionibus
416 4933 679 5004 transeuntibus,
709 4935 742 4994 et
768 4931 914 5009 predam
942 4932 1046 4993 redu·
1103 4935 1242 4997 tumeat
1267 4940 1372 4998 vesci.
1389 4937 1534 5013 corpore
1560 4932 1777 4998 enimcbristi
1798 4940 1859 4986 vos·

254 5034 416 5104 centibus,
446 5047 575 5109 aequam
604 5032 731 5107 partem
765 5028 808 5089 de
834 5028 957 5105 praeda,
990 5029 1049 5105 qui
1102 5031 1189 5093 citur
1215 5033 1860 5111 616666616611616666116111616661·

250 5130 494 5202 remanserant,
536 5129 569 5191 et
618 5126 770 5188 sarcinas
808 5125 1045 5198 custodierant,
1101 5143 1232 5203 serum,
1249 5128 1543 5193 scilicethristus
1564 5129 1749 5192 immolatus
1774 5123 1816 5184 est
1831 5121 1858 5177 iu

253 5247 330 5293 cum
357 5226 573 5290 redeuntibus
592 5224 770 5302 recipiunt.
800 5223 863 5296 Qui
892 5223 980 5285 enim
1004 5224 1045 5286 ad
1101 5241 1184 5288 case
1210 5227 1317 5301 1161111,
1338 5227 1417 5304 6616
1438 5243 1557 5305 666666
1579 5228 1616 5289 16
1641 5212 1858 5294 6666616σί11ζ

253 5327 358 5389 ardua
382 5340 449 5386 non
473 5323 655 5394 sufiiciunt,
676 5322 705 5383 ei
726 5320 952 5398 166166166οά
969 5336 1049 5398 pos·
1102 5322 1187 5385 alter
1200 5326 1327 5396 autem,
1352 5327 1509 5401 peccator
1532 5325 1698 5395 uidelicet,
1713 5312 1859 5395 tingendos

253 5425 341 5496 sunt,
362 5422 547 5484 mercedem
582 5436 649 5484 non
680 5419 883 5483 amittunt«
908 5421 1048 5482 Satura·
1100 5420 1151 5480 est
1174 5435 1234 5498 per
1252 5421 1530 5499 recordationem,
1544 5425 1578 5485 et
1596 5419 1757 5501 passionis
1769 5411 1859 5478 inita·

290 5553 333 5621 (ll
350 5554 457 5623 lllog,
470 5552 515 5620 30,
531 5551 560 5618 o,
573 5548 609 5606 ad
622 5548 667 5607 11.
1137 5548 1177 5625 (3)
1194 5553 1298 5621 Levia,
1319 5552 1364 5622 11,
1380 5551 1408 5623 1,
1424 5549 1460 5610 ad
1473 5554 1499 5611 7.

288 5628 330 5690 ta)
344 5622 420 5679 Psal.
436 5622 497 5690 iot,
512 5621 546 5678 id
560 5628 588 5677 61
604 5622 647 5677 17.
