3950 6200
253 299 311 360 199

251 458 317 521 cris
330 460 487 538 ponderis
510 478 609 542 opere
623 468 806 541 gemmario
826 467 1042 543 elaboratam,

249 560 407 635 pretiosis
424 563 577 623 ornatam
593 563 775 641 lapidibus,
792 566 856 627 sita
877 567 912 626 in
935 567 1043 628 medio

249 671 369 731 magna
385 658 506 720 Christi
522 661 751 738 crucisparte3
767 678 846 724 vasa
860 678 980 740 magna
993 679 1045 725 ar·

249 756 380 827 genten,
404 757 437 816 et
452 756 686 819 ministerialis
706 775 846 836 quaeque
861 761 977 821 altaris
991 762 1045 821 in-

249 852 378 923 aurata,
395 854 623 930 antipendium
650 856 729 917 Item
750 859 861 933 magni
882 859 992 935 pretii,
1011 861 1044 920 et

247 948 386 1024 pulchra
403 950 503 1010 nimis
516 954 720 1027 paramenta.
731 955 791 1014 His
807 955 1040 1031 superadditae,

246 1060 314 1105 non
333 1046 454 1108 minori
469 1050 690 1111 aestimatione
707 1050 816 1126 dignae
832 1053 1043 1113 litteriol'on·

210 1168 215 1181 =
246 1142 357 1215 tiliois,
371 1144 406 1203 in
421 1145 541 1221 quibus
557 1146 665 1209 virum
680 1154 831 1209 sanctum
851 1165 894 1211 ex
918 1149 1041 1211 affectu

246 1239 331 1302 adeo
345 1244 563 1315 commendat,
579 1247 614 1306 ut
630 1261 725 1305 sunm
750 1249 877 1322 patrem
893 1247 992 1318 dicat,
1009 1248 1043 1308 et

182 1326 186 1333 ’
247 1338 360 1399 verius
375 1355 472 1400 sirum
487 1340 568 1402 velit
582 1357 681 1418 quam
701 1341 841 1404 flatrum
861 1344 1039 1416 Minorem,

243 1436 366 1513 quibus
393 1438 493 1498 etiam
518 1441 645 1510 narrat,
670 1439 862 1502 solemniter
876 1441 940 1501 sibi
954 1441 1039 1502 inii-

246 1536 371 1595 matum
395 1534 545 1595 eumdem
569 1536 678 1597 virum
707 1544 858 1598 sanetum
881 1553 987 1615 nuper
1006 1538 1040 1598 in

245 1631 430 1692 ‘theutonia
445 1636 611 1694 mortuum
627 1634 668 1695 ad
684 1635 786 1695 vitam
802 1637 1039 1705 revocasse,ad

245 1731 341 1805 cujus
370 1729 510 1805 vestigia
546 1731 687 1792 solerter
718 1733 873 1795 secanda
902 1734 1040 1809 paterne

245 1841 361 1887 omnes
371 1826 534 1898 humatur,
550 1829 678 1904 amplas
692 1830 841 1891 tribuens
858 1829 1040 1906 indulgen-

243 1924 308 1984 tias
322 1924 374 1994 iis,
391 1924 448 2000 qui
464 1926 677 1987 translationi
693 1925 915 1988 interfuerint.
933 1926 1040 1990 Habet

244 2019 305 2079 bas
320 2020 447 2081 litteras
473 2024 592 2083 Petrus
615 2022 820 2099 Rodnlphus,
844 2023 1041 2095 lol.170,et

244 2119 423 2192 Regestum
449 2118 647 2180 Vaticanum
669 2134 809 2181 numero
823 2120 952 2181 decimo
977 2135 1039 2181 oc-

243 2215 332 2287 tavo,
346 2213 402 2275 ubi
422 2214 494 2276 haec
508 2215 684 2292 inscriptio
702 2238 709 2276 ε
725 2219 897 2293 Muptstro
910 2218 944 2278 et
957 2219 1038 2291 sru-

244 2312 355 2372 trtbos
380 2314 520 2373 Ordtnts
542 2315 722 2374 Minorem
740 2317 778 2374 tn
800 2315 955 2388 capitulo
973 2328 1037 2390 ge-

242 2412 354 2471 nerati
381 2409 588 2482 constitutis,
610 2409 765 2472 fortassis
793 2426 837 2472 ex
863 2411 1038 2487 scriptoris

241 2506 445 2582 negligentia
474 2521 535 2582 pro
553 2508 718 2569 Ministro
742 2508 878 2584 irrepsit
899 2508 1035 2570 verbum

242 2602 1036 2682 illudMugtstro,Minoribussemperinsuetum,

242 2701 275 2761 et
285 2699 409 2775 regulae
424 2699 576 2761 instituto
587 2701 775 2761 adversum.
789 2703 919 2783 Lectori
930 2703 1039 2780 place·

241 2795 306 2867 bit,
337 2795 366 2857 si
390 2796 481 2873 ipsas
509 2796 638 2858 litteras
667 2797 922 2871 subnectamus,
953 2816 1036 2876 ques

241 2894 341 2955 etiam
355 2893 439 2954 alias
450 2893 490 2954 ad
506 2893 681 2955 universos
696 2894 787 2956 dedit
801 2895 916 2957 fideles
931 2912 1036 2974 nsque

241 2990 282 3051 ad
297 2990 354 3051 illa
367 2989 471 3052 verba
481 2994 591 3065 ipsius
604 2993 761 3053 mimicus
770 2994 978 3054 delectemur
994 2993 1035 3053 ad

241 3090 435 3165 perpetuam
447 3086 497 3150 rei
513 3089 719 3161 memoriam,
735 3090 768 3151 et
781 3090 866 3152 tanti
882 3089 1035 3152 miraculi

241 3187 497 3247 testimonium:

282 3284 463 3360 Gregorius
492 3283 689 3361 opiscopus,
717 3299 834 3347 servus
861 3300 1034 3352 servorum

240 3381 312 3452 oei,
328 3382 480 3444 ministro
504 3383 537 3443 et
560 3381 720 3443 fratribus
734 3381 867 3443 Ordinis
881 3383 917 3443 in
932 3399 1037 3460 gene·

240 3478 305 3539 rati
316 3478 460 3554 capitulo
476 3479 681 3541 constitutis.

279 3575 463 3637 Miriifoans
487 3576 736 3638 misericordias
758 3592 836 3638 suas
860 3578 1032 3645 Dominus,

240 3688 314 3750 quae
328 3674 553 3750 superomnia
569 3676 641 3751 eJ‘us
657 3689 759 3751 opera
774 3677 862 3744 scint,
878 3679 914 3738 ut
927 3676 1033 3735 unicae

240 3783 310 3830 suae
321 3785 451 3845 sponsae
463 3773 612 3840 renovet,
630 3771 716 3834 sicut
727 3772 862 3848 aquilae,
875 3774 1035 3849 juventu-

239 3869 318 3937 tem,
335 3867 472 3929 innovat
495 3868 603 3942 sigua,
626 3869 660 3928 et
687 3868 841 3930 immutat
865 3868 1033 3929 mirabilia

239 3962 384 4039 fulgura,
398 3965 431 4025 et
443 3964 589 4039 pluviam
606 3963 767 4035 faciendo,
784 3965 861 4025 dum
875 3966 1033 4026 Ecclesiae

240 4062 328 4122 illios
342 4061 489 4137 legitime
504 4060 559 4121 hic
571 4063 737 4122 certantes
748 4061 891 4123 feliciter
902 4063 937 4123 in
949 4062 1034 4124 coelo

239 4160 456 4229 coronans,et
468 4173 609 4235 uirorum
621 4158 1034 4220 unimasbeataimmorta·

240 4256 334 4318 litate
347 4254 548 4332 glorificavit
559 4255 595 4316 in
617 4256 738 4332 patria,
753 4256 871 4317 lterum
891 4271 1031 4333 corpora

239 4352 478 4416 miraculorum
490 4353 723 4414 coruscatione
744 4353 886 4414 interra
906 4352 1035 4414 clarifl-

240 4464 331 4520 cans,
348 4451 488 4510 matrem
503 4450 622 4511 salutis
641 4449 763 4525 gaudio
783 4450 902 4523 reficit,
919 4451 953 4511 et
966 4447 1033 4511 foe·

239 4544 422 4606 canditatis
443 4559 519 4606 rore
545 4545 724 4622 perfundit.
756 4547 811 4607 Sic
833 4546 923 4607 enim
951 4546 1033 4607 fides

239 4641 397 4702 Ecclesiae
407 4641 593 4712 roboratur,
607 4642 811 4704 convalescit
830 4657 916 4719 spes,
930 4645 963 4704 et
981 4658 1034 4704 ca·

239 4738 323 4800 ritas
348 4737 543 4810 recalescit3
578 4738 628 4798 sic
656 4738 847 4800 confutatur
875 4739 1032 4800 haeretica

240 4835 399 4913 pravitas,
424 4833 538 4909 lapsus
562 4832 826 4909 delinquentium
847 4835 1030 4904 cohibetur,

240 4931 457 4993 etinduoitur
480 4928 655 4990 conversio
680 4930 901 5003 peccatorum.
923 4933 1031 5002 Quare

239 5030 327 5092 inter
341 5041 516 5105 pressuras
530 5026 736 5092 innumeras,
750 5028 783 5086 et
795 5027 969 5100 angustias
984 5027 1033 5088 in·

240 5125 352 5187 finitas
365 5140 447 5201 quas
464 5123 537 5199 plus
551 5120 640 5182 ferre
653 5137 839 5196 possumus,
857 5137 954 5198 quam
972 5139 1031 5185 re-

239 5222 339 5293 ferre,
351 5219 604 5288 consolationis,
618 5221 652 5278 et
660 5218 775 5294 gaudii
785 5220 958 5281 materiam
971 5237 1031 5283 re·

239 5318 418 5384 sumentes,
426 5316 554 5390 gratias
566 5316 599 5377 et
614 5314 830 5392 laudes‚quas
842 5333 1028 5393 possumus,

239 5414 415 5476 referimus
428 5413 653 5490 Redemptori,
665 5414 721 5491 qui
737 5414 868 5476 beatum
880 5416 1032 5477 Francis·

239 5525 313 5570 cum
329 5510 455 5586 patrem
470 5511 631 5581 nostrum,
645 5512 679 5571 et
691 5514 847 5582 vestrum,
866 5510 949 5572 forte
964 5527 1029 5572 au·

237 5610 304 5668 tem
315 5606 420 5681 magis
432 5609 591 5679 nostrum,
605 5618 702 5682 quarn
712 5607 857 5666 omnium
868 5609 1027 5679 vestrum,

689 309 743 368 AD
766 310 902 370 OPERA
925 310 958 369 S.
982 310 1202 371 Funnclscl
1224 310 1449 376 nsslslnvls

1812 318 1861 380 200

1098 470 1864 551 adhucincarnaviventem,insigntbusprere-

1099 568 1194 629 niens
1221 569 1415 630 muneribus
1445 571 1628 645 gratiarum
1642 615 1659 641 ,.
1675 571 1764 632 tauta
1788 589 1863 636 nunc

1098 679 1173 724 eum
1189 680 1263 726 curu
1279 666 1351 742 ipso
1367 668 1561 741 regnantem
1581 666 1741 728 clarificat
1760 669 1862 744 gloria,

1098 762 1183 837 qnod
1193 766 1314 837 praeter
1323 763 1409 823 alias
1422 764 1561 825 virtutes
1570 763 1768 839 magnificas,
1776 782 1864 843 nuper

1098 858 1131 916 in
1147 859 1332 919 Tbeutonia
1356 860 1463 934 ipsius
1484 861 1591 921 sancti
1610 861 1730 921 celebri
1749 864 1864 926 nomine

1097 954 1262 1025 invocato,
1278 959 1441 1016 mortuum
1456 957 1596 1018 mirifice
1606 958 1784 1031 suscitavit,
1794 960 1865 1023 sicut

1098 1051 1257 1112 nobisest
1282 1052 1477 1114 solemniter
1499 1054 1697 1126 intimatum,
1720 1054 1754 1116 ut
1771 1057 1865 1117 nosin

1096 1149 1244 1224 ejusdem
1258 1150 1364 1210 sancti
1388 1151 1495 1225 magis
1522 1166 1561 1211 ec
1576 1152 1683 1226 magis
1697 1167 1754 1227 pre
1768 1167 1864 1215 amore

1096 1245 1260 1317 aucensi,
1280 1247 1355 1307 totis
1375 1246 1549 1308 affectibus
1570 1248 1606 1307 in
1632 1248 1713 1324 ipsis
1732 1248 1865 1309 laudibus

1096 1338 1309 1415 delectemur,
1334 1347 1507 1419 sperantes
1535 1347 1581 1415 ut,
1596 1348 1679 1421 qnos
1705 1345 1739 1404 in
1760 1345 1865 1407 saeculo

1095 1440 1190 1500 exue
1201 1440 1358 1501 saeculnm
1369 1441 1497 1512 vivens,
1510 1442 1576 1502 tota
1592 1442 1703 1503 mente
1714 1441 1866 1512 dilexitet

1096 1551 1156 1597 nos
1184 1552 1273 1597 nunc
1299 1537 1423 1598 clarius
1450 1539 1674 1613 amplexatus,
1696 1554 1759 1615 quo
1776 1538 1864 1607 illum,

1094 1634 1152 1709 qui
1167 1635 1217 1695 est
1229 1648 1308 1694 vera
1332 1635 1466 1705 caritas,
1483 1634 1627 1697 vicinius
1646 1635 1798 1708 intuetur,
1817 1651 1865 1712 pro

1095 1729 1190 1790 nobis
1203 1731 1411 1792 intercedere
1426 1746 1492 1791 non
1507 1730 1655 1803 desistat,
1673 1733 1707 1792 et
1718 1748 1784 1804 vos,
1798 1746 1866 1809 quos

1095 1827 1181 1887 idem
1196 1827 1231 1886 in
1247 1826 1378 1888 Christo
1396 1842 1610 1902 regenerans,
1635 1829 1669 1888 in
1684 1828 1866 1891 abundantia

1095 1922 1287 1983 diviliarum
1320 1924 1492 1985 altissimae
1520 1926 1728 2000 paupertatis
1750 1925 1866 2003 reliquit

1094 2018 1255 2090 herodes,
1269 2022 1422 2095 gerentes
1437 2020 1471 2081 in
1488 2021 1613 2082 intimis
1623 2022 1803 2083 visceribus
1816 2037 1865 2083 ca·

1094 2116 1215 2186 utatis,
1230 2117 1271 2177 ad
1285 2118 1469 2192 profectum
1482 2118 1616 2179 Ordinis
1631 2119 1736 2181 vestri
1750 2119 1865 2196 aspira·

1094 2228 1167 2273 mus
1190 2212 1356 2286 ardenter,
1381 2216 1550 2291 proposita
1573 2215 1671 2276 nobis
1699 2232 1766 2293 spe,
1795 2215 1866 2292 quod

1094 2310 1281 2371 «orationum
1296 2315 1483 2373 vestrarum
1496 2312 1680 2388 suffragiis,
1697 2316 1866 2375 nostrarum

1093 2407 1270 2469 tolerantia
1302 2408 1494 2483 passionum
1523 2408 1620 2470 nobis
1653 2409 1820 2485 proveniet
1837 2410 1865 2467 in

1093 2505 1245 2566 salutem.
1254 2507 1389 2576 Verum,
1403 2506 1438 2566 ut
1448 2506 1574 2582 patrem
1588 2506 1799 2568 laudabiliter
1810 2505 1868 2565 ini·

1092 2602 1212 2670 entes,
1228 2603 1403 2679 pervenire
1417 2604 1625 2675 mereamini,
1639 2620 1708 2681 qno
1722 2605 1790 2680 ipse
1802 2617 1868 2679 per·

1091 2699 1193 2771 venit,
1224 2700 1475 2761 universitatem
1503 2703 1648 2762 vestram
1672 2716 1821 2776 rogamus
1840 2701 1867 2759 et

1092 2796 1304 2857 obsecramus
1328 2796 1363 2857 in
1387 2799 1528 2857 Domino
1553 2800 1633 2859 Jesu
1658 2799 1796 2868 Christo,
1817 2811 1867 2872 per

1091 2894 1280 2970 apostolica
1310 2892 1404 2954 vobis
1441 2895 1565 2971 scripta
1595 2895 1810 2964 mandantes,
1838 2894 1868 2952 nt

1091 2990 1366 3066 quemadmodum
1383 2990 1559 3067 accepistis
1577 2991 1801 3053 abeatissimo
1814 3004 1866 3065 pa·

1089 3090 1141 3150 tre
1166 3088 1295 3159 vestro,
1324 3088 1613 3151 mortificationem
1636 3092 1719 3151 Jesn
1744 3088 1869 3151 circun-

1090 3186 1233 3247 ferentes
1270 3187 1305 3245 in
1340 3186 1538 3262 corporibus
1573 3188 1722 3259 vestris,
1751 3189 1786 3248 ut
1810 3185 1867 3244 vita

1089 3286 1166 3346 Jesu
1196 3282 1429 3356 manifestetur
1449 3283 1485 3342 in
1503 3282 1609 3354 vobis,
1628 3300 1720 3346 verae
1747 3281 1867 3343 bumili-

1090 3380 1166 3441 tatis
1181 3379 1322 3456 gloriam
1342 3380 1534 3455 amplexati,
1551 3382 1730 3441 armemini
1746 3380 1868 3440 circum·

1090 3491 1219 3554 quaque
1235 3476 1488 3552 inexpugnabili
1503 3477 1674 3552 patientiae
1688 3477 1861 3538 armatura:

1089 3573 1323 3644 obedientiam,
1344 3588 1419 3650 quae
1438 3573 1527 3634 inter
1545 3572 1630 3634 alias
1652 3571 1866 3635 observantias

1088 3671 1261 3747 regulares
1276 3671 1444 3748 praecipua
1457 3672 1641 3748 reputatur,
1657 3686 1719 3732 nec
1735 3685 1798 3731 uon
1811 3666 1866 3728 alia

1088 3768 1259 3844 regularia
1274 3769 1398 3829 statuta
1411 3768 1517 3843 patris
1539 3768 1692 3844 praedicti
1707 3763 1868 3828 inviolabi-

1088 3866 1166 3927 liter
1180 3864 1356 3926 servaturi.
1370 3865 1550 3925 (tamenim
1563 3864 1787 3940 spe-taculum
1800 3857 1868 3921 fruti

1088 3963 1163 4024 sitis
1174 3962 1306 4030 mundo,
1324 3961 1470 4036 Angelis,
1482 3962 1515 4021 et
1526 3961 1733 4032 hominibus,
1746 3970 1867 4021 necesse

1089 4058 1218 4120 habetis
1234 4058 1348 4120 taliter
1362 4057 1566 4128 conservari,
1591 4054 1627 4118 u't
1646 4057 1733 4119 bene
1748 4056 1863 4117 facien-

1087 4150 1869 4231 tes‚imprudentumhominumignorantiamob

1088 4256 1272 4314 mutescere
1284 4251 1434 4325 faciatis;
1449 4251 1528 4327 quin
1541 4251 1650 4327 potius
1661 4268 1706 4313 ex
1716 4251 1866 4313 bonisvos

1088 4348 1337 4411 considerantes
1358 4347 1523 4424 operibus,
1545 4348 1741 4424 glorificetis
1763 4350 1864 4412 Deum

1088 4449 1120 4507 et
1134 4444 1266 4506 beatum
1282 4443 1496 4504 Franciscum
1509 4442 1621 4518 dignis
1632 4442 1786 4504 laudibus
1797 4453 1866 4518 pra

1088 4542 1256 4604 conizetis.
1293 4541 1456 4602 Caeterum
1493 4555 1568 4600 cum
1602 4539 1866 4615 gloriosissimum

1088 4655 1207 4716 corpus
1222 4637 1328 4700 sancti
1343 4636 1493 4714 praedicti
1509 4636 1551 4696 ad
1564 4637 1756 4710 ecclesiam,
1773 4634 1865 4713 ipsius

1088 4736 1222 4797 nomine
1236 4734 1465 4805 dedicandam,
1482 4734 1626 4809 cupiatis
1638 4734 1757 4796 devote
1771 4736 1867 4795 trans-

1087 4832 1185 4904 ferre,
1196 4847 1256 4892 nos
1270 4831 1473 4892 desiderium
1484 4833 1631 4892 vestrum
1644 4830 1759 4893 favore
1769 4826 1866 4890 debito

1087 4929 1335 5005 prosequentes,
1349 4927 1426 5003 quia
1447 4927 1583 5002 dignum
1601 4931 1663 4995 est,
1680 4930 1717 4991 ut
1733 4937 1864 4988 venere·

1087 5041 1161 5086 mur
1171 5025 1205 5085 in
1216 5023 1326 5094 terris,
1341 5040 1437 5100 quem
1449 5025 1609 5085 Dominus
1624 5024 1673 5085 sic
1688 5021 1825 5086 honorat
1835 5019 1864 5078 in

1086 5118 1866 5193 coelis,demisericordia,lesuChristi,etberto·

1085 5233 1159 5279 rum
1173 5218 1406 5294 apostolorum
1421 5220 1494 5294 eJus
1508 5219 1598 5279 Petri
1612 5219 1646 5280 et
1658 5216 1755 5278 Pauli
1767 5213 1866 5276 aucto

1085 5316 1184 5376 ritate
1194 5314 1322 5386 confisi,
1339 5314 1503 5385 omnibns,
1520 5316 1577 5391 qui
1590 5315 1632 5375 ad
1647 5308 1864 5376 translationis

1085 5415 1156 5490 ejus
1168 5411 1328 5473 solemnia
1339 5412 1457 5473 devote
1470 5412 1699 5482 convenerint,
1708 5410 1759 5471 vel
1773 5418 1865 5484 usque

1084 5509 1126 5568 ad
1141 5508 1355 5570 Nativitatem
1378 5508 1526 5582 Virginis
1546 5508 1702 5584 gloriosae
1727 5504 1864 5583 proxime

1084 5608 1257 5668 venturam
1293 5605 1395 5681 ipsius
1434 5605 1610 5666 ecclesiam
1649 5599 1862 5664 visitaverint,
1917 5597 1923 5604 '
