<?xml version="1.0" encoding="UTF-8"?>
<!DOCTYPE html PUBLIC "-//W3C//DTD XHTML 1.0 Transitional//EN"
    "http://www.w3.org/TR/xhtml1/DTD/xhtml1-transitional.dtd">
<html xmlns="http://www.w3.org/1999/xhtml" xml:lang="en" lang="en">
 <head>
  <title>
</title>
<meta http-equiv="Content-Type" content="text/html;charset=utf-8" />
  <meta name='ocr-system' content='tesseract 3.04.00' />
  <meta name='ocr-capabilities' content='ocr_page ocr_carea ocr_par ocr_line ocrx_word'/>
</head>
<body>
  <div class='ocr_page' id='page_1' title='image "./mediiaevibiblio09bottgoog_0491.png"; bbox 0 0 3950 6200; ppageno 0'>
   <div class='ocr_carea' id='block_1_1' title="bbox 107 201 1745 318">
    <p class='ocr_par' dir='ltr' id='par_1_1' title="bbox 107 201 1745 318">
     <span class='ocr_line' id='line_1_1' title="bbox 107 201 1745 318; baseline -0.003 -2"><span class='ocrx_word' id='word_1_1' title='bbox 107 257 162 318; x_wconf 75' lang='lat' dir='ltr'><strong>roe</strong></span> <span class='ocrx_word' id='word_1_2' title='bbox 353 201 387 240; x_wconf 61' lang='lat'><strong><em>⁷</em></strong></span> <span class='ocrx_word' id='word_1_3' title='bbox 476 253 585 314; x_wconf 76' lang='lat' dir='ltr'><strong>raas</strong></span> <span class='ocrx_word' id='word_1_4' title='bbox 616 250 760 314; x_wconf 72' lang='lat' dir='ltr'><strong>aalma.</strong></span> <span class='ocrx_word' id='word_1_5' title='bbox 778 280 819 296; x_wconf 92' lang='lat'><em>-</em></span> <span class='ocrx_word' id='word_1_6' title='bbox 838 250 1059 314; x_wconf 77' lang='lat' dir='ltr'><strong>uxeosmio</strong></span> <span class='ocrx_word' id='word_1_7' title='bbox 1090 251 1134 314; x_wconf 84' lang='lat' dir='ltr'><strong>m</strong></span> <span class='ocrx_word' id='word_1_8' title='bbox 1166 253 1369 316; x_wconf 72' lang='lat' dir='ltr'><strong>asianos.</strong></span> <span class='ocrx_word' id='word_1_9' title='bbox 1665 226 1745 311; x_wconf 73' lang='lat' dir='ltr'><strong>&#39;ace</strong></span> 
     </span>
    </p>
   </div>
   <div class='ocr_carea' id='block_1_2' title="bbox 101 409 1753 4881">
    <p class='ocr_par' dir='ltr' id='par_1_2' title="bbox 101 409 1753 4881">
     <span class='ocr_line' id='line_1_2' title="bbox 103 409 1746 490; baseline -0.003 -13"><span class='ocrx_word' id='word_1_10' title='bbox 103 429 175 477; x_wconf 88' lang='lat' dir='ltr'><strong>cum</strong></span> <span class='ocrx_word' id='word_1_11' title='bbox 190 411 294 475; x_wconf 85' lang='lat' dir='ltr'><strong>luerit</strong></span> <span class='ocrx_word' id='word_1_12' title='bbox 311 425 372 490; x_wconf 88' lang='lat' dir='ltr'><strong>per</strong></span> <span class='ocrx_word' id='word_1_13' title='bbox 392 413 564 490; x_wconf 89' lang='lat' dir='ltr'><strong>peccatum</strong></span> <span class='ocrx_word' id='word_1_14' title='bbox 583 410 778 473; x_wconf 80' lang='lat' dir='ltr'><strong>deformata.</strong></span> <span class='ocrx_word' id='word_1_15' title='bbox 801 409 896 473; x_wconf 82' lang='lat' dir='ltr'>Unde</span> <span class='ocrx_word' id='word_1_16' title='bbox 950 424 1053 487; x_wconf 89' lang='lat' dir='ltr'><strong>super</strong></span> <span class='ocrx_word' id='word_1_17' title='bbox 1065 427 1103 475; x_wconf 79' lang='lat' dir='ltr'><strong>os</strong></span> <span class='ocrx_word' id='word_1_18' title='bbox 1117 412 1222 484; x_wconf 89' lang='lat' dir='ltr'><strong>tuum,</strong></span> <span class='ocrx_word' id='word_1_19' title='bbox 1235 413 1268 474; x_wconf 93' lang='lat' dir='ltr'><strong>et</strong></span> <span class='ocrx_word' id='word_1_20' title='bbox 1280 411 1425 474; x_wconf 87' lang='lat' dir='ltr'><strong>circulos</strong></span> <span class='ocrx_word' id='word_1_21' title='bbox 1436 410 1471 472; x_wconf 94' lang='lat' dir='ltr'><strong>ln</strong></span> <span class='ocrx_word' id='word_1_22' title='bbox 1484 409 1632 483; x_wconf 88' lang='lat' dir='ltr'><strong>auribus,</strong></span> <span class='ocrx_word' id='word_1_23' title='bbox 1645 412 1678 472; x_wconf 95' lang='lat' dir='ltr'><strong>et</strong></span> <span class='ocrx_word' id='word_1_24' title='bbox 1688 425 1746 472; x_wconf 90' lang='lat' dir='ltr'><strong>co·</strong></span> 
     </span>
     <span class='ocr_line' id='line_1_3' title="bbox 104 506 1747 598; baseline -0.003 -26"><span class='ocrx_word' id='word_1_25' title='bbox 104 512 141 573; x_wconf 90' lang='lat' dir='ltr'><strong>de</strong></span> <span class='ocrx_word' id='word_1_26' title='bbox 152 510 394 598; x_wconf 75' lang='lat' dir='ltr'><strong>deformatione</strong></span> <span class='ocrx_word' id='word_1_27' title='bbox 404 509 486 572; x_wconf 91' lang='lat' dir='ltr'><strong>dicit</strong></span> <span class='ocrx_word' id='word_1_28' title='bbox 501 508 754 570; x_wconf 79' lang='lat' dir='ltr'><strong>Ecclesiasticus</strong></span> <span class='ocrx_word' id='word_1_29' title='bbox 770 506 816 587; x_wconf 83' lang='grc'><strong>(1,</strong></span> <span class='ocrx_word' id='word_1_30' title='bbox 826 508 892 587; x_wconf 72' lang='grc'><strong>26)</strong></span> <span class='ocrx_word' id='word_1_31' title='bbox 950 524 1068 570; x_wconf 87' lang='lat' dir='ltr'><strong>ronam</strong></span> <span class='ocrx_word' id='word_1_32' title='bbox 1079 509 1115 570; x_wconf 94' lang='lat' dir='ltr'><strong>in</strong></span> <span class='ocrx_word' id='word_1_33' title='bbox 1126 509 1310 586; x_wconf 88' lang='lat' dir='ltr'><strong>capitetuo.</strong></span> <span class='ocrx_word' id='word_1_34' title='bbox 1323 512 1497 586; x_wconf 81' lang='lat' dir='ltr'><strong>»Torques</strong></span> <span class='ocrx_word' id='word_1_35' title='bbox 1507 510 1559 570; x_wconf 90' lang='lat' dir='ltr'><strong>est</strong></span> <span class='ocrx_word' id='word_1_36' title='bbox 1571 523 1747 569; x_wconf 88' lang='lat' dir='ltr'><strong>ornamen-</strong></span> 
     </span>
     <span class='ocr_line' id='line_1_4' title="bbox 102 605 1747 688; baseline -0.002 -18"><span class='ocrx_word' id='word_1_37' title='bbox 102 611 341 672; x_wconf 74' lang='lat' dir='ltr'><strong>‹Neassumas</strong></span> <span class='ocrx_word' id='word_1_38' title='bbox 354 605 402 688; x_wconf 97' lang='grc'><strong>(1)</strong></span> <span class='ocrx_word' id='word_1_39' title='bbox 414 606 657 668; x_wconf 88' lang='lat' dir='ltr'><strong>laciemcontra</strong></span> <span class='ocrx_word' id='word_1_40' title='bbox 668 605 894 676; x_wconf 88' lang='lat' dir='ltr'><strong>laciemtuam,</strong></span> <span class='ocrx_word' id='word_1_41' title='bbox 950 606 1020 666; x_wconf 92' lang='lat' dir='ltr'><strong>tum</strong></span> <span class='ocrx_word' id='word_1_42' title='bbox 1036 621 1057 666; x_wconf 90' lang='lat' dir='ltr'><strong>a</strong></span> <span class='ocrx_word' id='word_1_43' title='bbox 1072 606 1158 668; x_wconf 91' lang='lat' dir='ltr'><strong>colle</strong></span> <span class='ocrx_word' id='word_1_44' title='bbox 1171 622 1276 683; x_wconf 88' lang='lat' dir='ltr'><strong>usque</strong></span> <span class='ocrx_word' id='word_1_45' title='bbox 1290 607 1331 668; x_wconf 88' lang='lat' dir='ltr'><strong>ad</strong></span> <span class='ocrx_word' id='word_1_46' title='bbox 1347 608 1462 683; x_wconf 87' lang='lat' dir='ltr'><strong>pectus</strong></span> <span class='ocrx_word' id='word_1_47' title='bbox 1486 605 1696 683; x_wconf 88' lang='lat' dir='ltr'><strong>dependens;</strong></span> <span class='ocrx_word' id='word_1_48' title='bbox 1714 605 1747 666; x_wconf 92' lang='lat' dir='ltr'><strong>et</strong></span> 
     </span>
     <span class='ocr_line' id='line_1_5' title="bbox 103 702 1746 780; baseline -0.003 -12"><span class='ocrx_word' id='word_1_49' title='bbox 103 723 162 769; x_wconf 87' lang='lat' dir='ltr'><strong>nec</strong></span> <span class='ocrx_word' id='word_1_50' title='bbox 197 705 316 768; x_wconf 88' lang='lat' dir='ltr'><strong>contra</strong></span> <span class='ocrx_word' id='word_1_51' title='bbox 348 704 495 767; x_wconf 91' lang='lat' dir='ltr'><strong>animam</strong></span> <span class='ocrx_word' id='word_1_52' title='bbox 520 705 612 766; x_wconf 87' lang='lat' dir='ltr'><strong>tuam</strong></span> <span class='ocrx_word' id='word_1_53' title='bbox 639 702 895 766; x_wconf 80' lang='lat' dir='ltr'><strong>mendacium.»</strong></span> <span class='ocrx_word' id='word_1_54' title='bbox 950 703 1030 780; x_wconf 90' lang='lat' dir='ltr'><strong>quia</strong></span> <span class='ocrx_word' id='word_1_55' title='bbox 1045 702 1080 763; x_wconf 90' lang='lat' dir='ltr'><strong>in</strong></span> <span class='ocrx_word' id='word_1_56' title='bbox 1093 707 1227 780; x_wconf 87' lang='lat' dir='ltr'><strong>pectore</strong></span> <span class='ocrx_word' id='word_1_57' title='bbox 1242 706 1292 765; x_wconf 89' lang='lat' dir='ltr'><strong>est</strong></span> <span class='ocrx_word' id='word_1_58' title='bbox 1311 703 1407 765; x_wconf 88' lang='lat' dir='ltr'><strong>sedes</strong></span> <span class='ocrx_word' id='word_1_59' title='bbox 1429 703 1614 780; x_wconf 73' lang='lat' dir='ltr'><strong>sapientia,</strong></span> <span class='ocrx_word' id='word_1_60' title='bbox 1639 707 1674 764; x_wconf 90' lang='lat' dir='ltr'><strong>et</strong></span> <span class='ocrx_word' id='word_1_61' title='bbox 1685 718 1746 779; x_wconf 89' lang='lat' dir='ltr'><strong>per</strong></span> 
     </span>
     <span class='ocr_line' id='line_1_6' title="bbox 104 799 1744 877; baseline -0.004 -11"><span class='ocrx_word' id='word_1_62' title='bbox 104 803 241 866; x_wconf 77' lang='lat' dir='ltr'><strong>vanitas</strong></span> <span class='ocrx_word' id='word_1_63' title='bbox 268 802 395 874; x_wconf 81' lang='lat' dir='ltr'><strong>miindi,</strong></span> <span class='ocrx_word' id='word_1_64' title='bbox 420 803 454 863; x_wconf 90' lang='lat' dir='ltr'><strong>et</strong></span> <span class='ocrx_word' id='word_1_65' title='bbox 481 799 633 877; x_wconf 74' lang='lat' dir='ltr'><strong>deceptio</strong></span> <span class='ocrx_word' id='word_1_66' title='bbox 660 800 894 876; x_wconf 88' lang='lat' dir='ltr'><strong>temporalium</strong></span> <span class='ocrx_word' id='word_1_67' title='bbox 950 800 1073 861; x_wconf 88' lang='lat' dir='ltr'><strong>collum</strong></span> <span class='ocrx_word' id='word_1_68' title='bbox 1097 800 1219 863; x_wconf 86' lang='lat' dir='ltr'><strong>transit</strong></span> <span class='ocrx_word' id='word_1_69' title='bbox 1240 801 1442 877; x_wconf 86' lang='lat' dir='ltr'><strong>eloquentia,</strong></span> <span class='ocrx_word' id='word_1_70' title='bbox 1466 802 1584 863; x_wconf 86' lang='lat' dir='ltr'><strong>merito</strong></span> <span class='ocrx_word' id='word_1_71' title='bbox 1609 801 1744 877; x_wconf 86' lang='lat' dir='ltr'><strong>torques</strong></span> 
     </span>
     <span class='ocr_line' id='line_1_7' title="bbox 102 897 1744 978; baseline -0.002 -15"><span class='ocrx_word' id='word_1_72' title='bbox 102 900 391 978; x_wconf 87' lang='lat' dir='ltr'><strong>deturpatlaciem</strong></span> <span class='ocrx_word' id='word_1_73' title='bbox 419 900 555 972; x_wconf 80' lang='lat' dir='ltr'><strong>animae3</strong></span> <span class='ocrx_word' id='word_1_74' title='bbox 583 897 680 960; x_wconf 86' lang='lat' dir='ltr'><strong>etsic</strong></span> <span class='ocrx_word' id='word_1_75' title='bbox 707 897 897 974; x_wconf 89' lang='lat' dir='ltr'><strong>homopec-</strong></span> <span class='ocrx_word' id='word_1_76' title='bbox 950 897 1105 975; x_wconf 88' lang='lat' dir='ltr'><strong>designat</strong></span> <span class='ocrx_word' id='word_1_77' title='bbox 1119 898 1318 960; x_wconf 87' lang='lat' dir='ltr'><strong>mirabiliter</strong></span> <span class='ocrx_word' id='word_1_78' title='bbox 1339 901 1531 975; x_wconf 78' lang='lat' dir='ltr'><strong>Juncturam</strong></span> <span class='ocrx_word' id='word_1_79' title='bbox 1559 899 1744 974; x_wconf 71' lang='lat' dir='ltr'><strong>sapientia,</strong></span> 
     </span>
     <span class='ocr_line' id='line_1_8' title="bbox 103 993 1744 1074; baseline -0.003 -12"><span class='ocrx_word' id='word_1_80' title='bbox 103 999 219 1070; x_wconf 85' lang='lat' dir='ltr'><strong>cande,</strong></span> <span class='ocrx_word' id='word_1_81' title='bbox 234 1000 353 1059; x_wconf 87' lang='lat' dir='ltr'><strong>contra</strong></span> <span class='ocrx_word' id='word_1_82' title='bbox 365 1012 438 1058; x_wconf 89' lang='lat' dir='ltr'><strong>eam</strong></span> <span class='ocrx_word' id='word_1_83' title='bbox 451 996 597 1057; x_wconf 87' lang='lat' dir='ltr'><strong>alienam</strong></span> <span class='ocrx_word' id='word_1_84' title='bbox 611 994 730 1056; x_wconf 84' lang='lat' dir='ltr'><strong>faciem</strong></span> <span class='ocrx_word' id='word_1_85' title='bbox 743 994 894 1056; x_wconf 86' lang='lat' dir='ltr'><strong>assumit.</strong></span> <span class='ocrx_word' id='word_1_86' title='bbox 951 997 985 1058; x_wconf 90' lang='lat' dir='ltr'><strong>et</strong></span> <span class='ocrx_word' id='word_1_87' title='bbox 1003 995 1213 1073; x_wconf 84' lang='lat' dir='ltr'><strong>eloquentiae.</strong></span> <span class='ocrx_word' id='word_1_88' title='bbox 1232 996 1326 1057; x_wconf 91' lang='lat' dir='ltr'><strong>Uude</strong></span> <span class='ocrx_word' id='word_1_89' title='bbox 1345 995 1571 1057; x_wconf 89' lang='lat' dir='ltr'><strong>Ecclesiastici</strong></span> <span class='ocrx_word' id='word_1_90' title='bbox 1587 993 1651 1074; x_wconf 82' lang='grc'>(28,</span> <span class='ocrx_word' id='word_1_91' title='bbox 1668 994 1744 1073; x_wconf 76' lang='grc'>29);</span> 
     </span>
     <span class='ocr_line' id='line_1_9' title="bbox 104 1089 1744 1172; baseline -0.002 -14"><span class='ocrx_word' id='word_1_92' title='bbox 104 1096 221 1159; x_wconf 87' lang='lat' dir='ltr'><strong>Unde:</strong></span> <span class='ocrx_word' id='word_1_93' title='bbox 240 1098 471 1172; x_wconf 84' lang='lat' dir='ltr'><strong>‹Uusquequo</strong></span> <span class='ocrx_word' id='word_1_94' title='bbox 483 1093 622 1169; x_wconf 87' lang='lat' dir='ltr'><strong>diligitis</strong></span> <span class='ocrx_word' id='word_1_95' title='bbox 636 1092 818 1154; x_wconf 78' lang='lat' dir='ltr'><strong>vanitatem</strong></span> <span class='ocrx_word' id='word_1_96' title='bbox 834 1089 894 1170; x_wconf 87' lang='lat'><strong>(2),</strong></span> <span class='ocrx_word' id='word_1_97' title='bbox 955 1097 1093 1155; x_wconf 75' lang='lat' dir='ltr'><strong>Aurum</strong></span> <span class='ocrx_word' id='word_1_98' title='bbox 1114 1095 1223 1166; x_wconf 83' lang='lat' dir='ltr'><strong>tuum,</strong></span> <span class='ocrx_word' id='word_1_99' title='bbox 1241 1094 1275 1155; x_wconf 85' lang='lat' dir='ltr'><strong>et</strong></span> <span class='ocrx_word' id='word_1_100' title='bbox 1295 1095 1482 1170; x_wconf 76' lang='lat' dir='ltr'><strong>arpentum</strong></span> <span class='ocrx_word' id='word_1_101' title='bbox 1506 1094 1604 1155; x_wconf 82' lang='lat' dir='ltr'><strong>tuum</strong></span> <span class='ocrx_word' id='word_1_102' title='bbox 1622 1095 1744 1168; x_wconf 75' lang='lat' dir='ltr'><strong>coena,</strong></span> 
     </span>
     <span class='ocr_line' id='line_1_10' title="bbox 103 1188 1746 1270; baseline -0.003 -13"><span class='ocrx_word' id='word_1_103' title='bbox 103 1197 135 1257; x_wconf 92' lang='lat' dir='ltr'><strong>et</strong></span> <span class='ocrx_word' id='word_1_104' title='bbox 159 1194 267 1256; x_wconf 83' lang='lat' dir='ltr'><strong>iacies</strong></span> <span class='ocrx_word' id='word_1_105' title='bbox 291 1193 502 1270; x_wconf 89' lang='lat' dir='ltr'><strong>peccatorum</strong></span> <span class='ocrx_word' id='word_1_106' title='bbox 530 1191 662 1251; x_wconf 88' lang='lat' dir='ltr'><strong>sumitis</strong></span> <span class='ocrx_word' id='word_1_107' title='bbox 686 1188 788 1269; x_wconf 77' lang='lat' dir='ltr'><strong>(3)t»</strong></span> <span class='ocrx_word' id='word_1_108' title='bbox 814 1190 898 1261; x_wconf 87' lang='lat' dir='ltr'><strong>Quot</strong></span> <span class='ocrx_word' id='word_1_109' title='bbox 954 1189 1042 1252; x_wconf 90' lang='lat' dir='ltr'><strong>idest</strong></span> <span class='ocrx_word' id='word_1_110' title='bbox 1055 1191 1254 1267; x_wconf 89' lang='lat' dir='ltr'><strong>sapientiam</strong></span> <span class='ocrx_word' id='word_1_111' title='bbox 1266 1192 1411 1263; x_wconf 72' lang='lat' dir='ltr'><strong>tuamet</strong></span> <span class='ocrx_word' id='word_1_112' title='bbox 1422 1191 1646 1267; x_wconf 87' lang='lat' dir='ltr'><strong>eloquentiam</strong></span> <span class='ocrx_word' id='word_1_113' title='bbox 1654 1193 1746 1253; x_wconf 89' lang='lat' dir='ltr'><strong>tuam</strong></span> 
     </span>
     <span class='ocr_line' id='line_1_11' title="bbox 104 1285 1745 1367; baseline -0.002 -13"><span class='ocrx_word' id='word_1_114' title='bbox 104 1292 190 1354; x_wconf 90' lang='lat' dir='ltr'><strong>enim</strong></span> <span class='ocrx_word' id='word_1_115' title='bbox 226 1291 327 1353; x_wconf 89' lang='lat' dir='ltr'><strong>babet</strong></span> <span class='ocrx_word' id='word_1_116' title='bbox 354 1290 453 1351; x_wconf 90' lang='lat' dir='ltr'><strong>bomo</strong></span> <span class='ocrx_word' id='word_1_117' title='bbox 480 1288 627 1365; x_wconf 89' lang='lat' dir='ltr'><strong>peccata,</strong></span> <span class='ocrx_word' id='word_1_118' title='bbox 661 1287 709 1349; x_wconf 91' lang='lat' dir='ltr'><strong>tot</strong></span> <span class='ocrx_word' id='word_1_119' title='bbox 736 1285 838 1348; x_wconf 90' lang='lat' dir='ltr'><strong>babet</strong></span> <span class='ocrx_word' id='word_1_120' title='bbox 865 1288 898 1347; x_wconf 90' lang='lat' dir='ltr'><strong>et</strong></span> <span class='ocrx_word' id='word_1_121' title='bbox 952 1291 1130 1365; x_wconf 69' lang='lat' dir='ltr'><strong>coniunge,</strong></span> <span class='ocrx_word' id='word_1_122' title='bbox 1147 1289 1255 1367; x_wconf 87' lang='lat' dir='ltr'><strong>utqui</strong></span> <span class='ocrx_word' id='word_1_123' title='bbox 1272 1288 1370 1364; x_wconf 88' lang='lat' dir='ltr'><strong>sapit,</strong></span> <span class='ocrx_word' id='word_1_124' title='bbox 1387 1303 1454 1351; x_wconf 93' lang='lat' dir='ltr'><strong>non</strong></span> <span class='ocrx_word' id='word_1_125' title='bbox 1470 1289 1590 1362; x_wconf 87' lang='lat' dir='ltr'><strong>taceat,</strong></span> <span class='ocrx_word' id='word_1_126' title='bbox 1607 1305 1669 1350; x_wconf 89' lang='lat' dir='ltr'><strong>nec</strong></span> <span class='ocrx_word' id='word_1_127' title='bbox 1691 1288 1745 1351; x_wconf 91' lang='lat' dir='ltr'><strong>lo-</strong></span> 
     </span>
     <span class='ocr_line' id='line_1_12' title="bbox 103 1385 1750 1466; baseline -0.002 -15"><span class='ocrx_word' id='word_1_128' title='bbox 103 1389 217 1461; x_wconf 83' lang='lat' dir='ltr'><strong>lacies,</strong></span> <span class='ocrx_word' id='word_1_129' title='bbox 232 1405 306 1466; x_wconf 90' lang='lat' dir='ltr'><strong>quae</strong></span> <span class='ocrx_word' id='word_1_130' title='bbox 319 1387 438 1449; x_wconf 82' lang='lat' dir='ltr'><strong>faciem</strong></span> <span class='ocrx_word' id='word_1_131' title='bbox 458 1385 591 1447; x_wconf 87' lang='lat' dir='ltr'><strong>Domini</strong></span> <span class='ocrx_word' id='word_1_132' title='bbox 606 1385 727 1447; x_wconf 85' lang='lat' dir='ltr'><strong>animae</strong></span> <span class='ocrx_word' id='word_1_133' title='bbox 751 1385 897 1461; x_wconf 85' lang='lat' dir='ltr'><strong>impres·</strong></span> <span class='ocrx_word' id='word_1_134' title='bbox 953 1390 1076 1462; x_wconf 85' lang='lat' dir='ltr'><strong>quatur</strong></span> <span class='ocrx_word' id='word_1_135' title='bbox 1087 1386 1144 1461; x_wconf 90' lang='lat' dir='ltr'><strong>qui</strong></span> <span class='ocrx_word' id='word_1_136' title='bbox 1168 1402 1237 1448; x_wconf 92' lang='lat' dir='ltr'><strong>non</strong></span> <span class='ocrx_word' id='word_1_137' title='bbox 1261 1386 1360 1463; x_wconf 84' lang='lat' dir='ltr'><strong>sapit,</strong></span> <span class='ocrx_word' id='word_1_138' title='bbox 1385 1386 1515 1447; x_wconf 89' lang='lat' dir='ltr'><strong>scilicet</strong></span> <span class='ocrx_word' id='word_1_139' title='bbox 1536 1386 1571 1446; x_wconf 91' lang='lat' dir='ltr'><strong>iu</strong></span> <span class='ocrx_word' id='word_1_140' title='bbox 1584 1385 1750 1463; x_wconf 82' lang='lat' dir='ltr'><strong>praedica·</strong></span> 
     </span>
     <span class='ocr_line' id='line_1_13' title="bbox 101 1482 1748 1563; baseline -0.002 -14"><span class='ocrx_word' id='word_1_141' title='bbox 101 1503 174 1550; x_wconf 87' lang='lat' dir='ltr'><strong>sam</strong></span> <span class='ocrx_word' id='word_1_142' title='bbox 198 1486 387 1563; x_wconf 86' lang='lat' dir='ltr'><strong>deturpant,</strong></span> <span class='ocrx_word' id='word_1_143' title='bbox 404 1485 471 1546; x_wconf 89' lang='lat' dir='ltr'><strong>imo</strong></span> <span class='ocrx_word' id='word_1_144' title='bbox 487 1483 614 1556; x_wconf 80' lang='lat' dir='ltr'><strong>delent3</strong></span> <span class='ocrx_word' id='word_1_145' title='bbox 632 1484 710 1560; x_wconf 90' lang='lat' dir='ltr'><strong>quia</strong></span> <span class='ocrx_word' id='word_1_146' title='bbox 724 1482 781 1559; x_wconf 90' lang='lat' dir='ltr'><strong>qui</strong></span> <span class='ocrx_word' id='word_1_147' title='bbox 795 1482 897 1543; x_wconf 85' lang='lat' dir='ltr'><strong>vani·</strong></span> <span class='ocrx_word' id='word_1_148' title='bbox 951 1485 1054 1546; x_wconf 89' lang='lat' dir='ltr'><strong>tione.</strong></span> <span class='ocrx_word' id='word_1_149' title='bbox 1069 1486 1148 1545; x_wconf 73' lang='lat' dir='ltr'><strong>Haec</strong></span> <span class='ocrx_word' id='word_1_150' title='bbox 1163 1485 1214 1546; x_wconf 89' lang='lat' dir='ltr'><strong>est</strong></span> <span class='ocrx_word' id='word_1_151' title='bbox 1229 1485 1353 1560; x_wconf 87' lang='lat' dir='ltr'><strong>optima</strong></span> <span class='ocrx_word' id='word_1_152' title='bbox 1369 1483 1536 1545; x_wconf 85' lang='lat' dir='ltr'><strong>conflatio.</strong></span> <span class='ocrx_word' id='word_1_153' title='bbox 1552 1484 1683 1545; x_wconf 89' lang='lat' dir='ltr'><strong>inauris</strong></span> <span class='ocrx_word' id='word_1_154' title='bbox 1697 1485 1748 1545; x_wconf 89' lang='lat' dir='ltr'><strong>est</strong></span> 
     </span>
     <span class='ocr_line' id='line_1_14' title="bbox 103 1580 1751 1659; baseline -0.002 -13"><span class='ocrx_word' id='word_1_155' title='bbox 103 1587 204 1648; x_wconf 89' lang='lat' dir='ltr'><strong>tatem</strong></span> <span class='ocrx_word' id='word_1_156' title='bbox 215 1584 336 1659; x_wconf 80' lang='lat' dir='ltr'><strong>diligit,</strong></span> <span class='ocrx_word' id='word_1_157' title='bbox 348 1584 382 1644; x_wconf 91' lang='lat' dir='ltr'><strong>et</strong></span> <span class='ocrx_word' id='word_1_158' title='bbox 396 1584 555 1653; x_wconf 88' lang='lat' dir='ltr'><strong>sectatur,</strong></span> <span class='ocrx_word' id='word_1_159' title='bbox 572 1582 717 1642; x_wconf 87' lang='lat' dir='ltr'><strong>alienam</strong></span> <span class='ocrx_word' id='word_1_160' title='bbox 731 1580 899 1642; x_wconf 79' lang='lat' dir='ltr'><strong>contrahit</strong></span> <span class='ocrx_word' id='word_1_161' title='bbox 953 1581 1108 1642; x_wconf 84' lang='lat' dir='ltr'><strong>catenula</strong></span> <span class='ocrx_word' id='word_1_162' title='bbox 1123 1581 1266 1644; x_wconf 87' lang='lat' dir='ltr'><strong>rotunda</strong></span> <span class='ocrx_word' id='word_1_163' title='bbox 1280 1580 1322 1643; x_wconf 88' lang='lat' dir='ltr'><strong>ad</strong></span> <span class='ocrx_word' id='word_1_164' title='bbox 1346 1581 1479 1642; x_wconf 89' lang='lat' dir='ltr'><strong>modum</strong></span> <span class='ocrx_word' id='word_1_165' title='bbox 1493 1581 1612 1643; x_wconf 88' lang='lat' dir='ltr'><strong>circuli</strong></span> <span class='ocrx_word' id='word_1_166' title='bbox 1624 1581 1751 1658; x_wconf 90' lang='lat' dir='ltr'><strong>depen-</strong></span> 
     </span>
     <span class='ocr_line' id='line_1_15' title="bbox 103 1676 1749 1757; baseline -0.003 -13"><span class='ocrx_word' id='word_1_167' title='bbox 103 1682 232 1744; x_wconf 86' lang='lat' dir='ltr'><strong>laciem.</strong></span> <span class='ocrx_word' id='word_1_168' title='bbox 258 1684 324 1743; x_wconf 89' lang='lat' dir='ltr'><strong>Per</strong></span> <span class='ocrx_word' id='word_1_169' title='bbox 338 1680 450 1742; x_wconf 92' lang='lat' dir='ltr'><strong>dolum</strong></span> <span class='ocrx_word' id='word_1_170' title='bbox 473 1679 638 1756; x_wconf 89' lang='lat' dir='ltr'><strong>siquidem</strong></span> <span class='ocrx_word' id='word_1_171' title='bbox 653 1678 822 1740; x_wconf 86' lang='lat' dir='ltr'><strong>contrahit</strong></span> <span class='ocrx_word' id='word_1_172' title='bbox 844 1676 898 1738; x_wconf 87' lang='lat' dir='ltr'><strong>la·</strong></span> <span class='ocrx_word' id='word_1_173' title='bbox 952 1679 1035 1739; x_wconf 91' lang='lat' dir='ltr'><strong>dens</strong></span> <span class='ocrx_word' id='word_1_174' title='bbox 1055 1678 1098 1739; x_wconf 87' lang='lat' dir='ltr'><strong>ad</strong></span> <span class='ocrx_word' id='word_1_175' title='bbox 1126 1679 1269 1741; x_wconf 84' lang='lat' dir='ltr'><strong>frontem</strong></span> <span class='ocrx_word' id='word_1_176' title='bbox 1290 1678 1442 1739; x_wconf 90' lang='lat' dir='ltr'><strong>mulieris</strong></span> <span class='ocrx_word' id='word_1_177' title='bbox 1464 1677 1524 1757; x_wconf 83' lang='grc'>(6),</span> <span class='ocrx_word' id='word_1_178' title='bbox 1551 1681 1585 1740; x_wconf 91' lang='lat' dir='ltr'><strong>et</strong></span> <span class='ocrx_word' id='word_1_179' title='bbox 1605 1693 1749 1755; x_wconf 89' lang='lat' dir='ltr'><strong>supere-</strong></span> 
     </span>
     <span class='ocr_line' id='line_1_16' title="bbox 102 1776 1748 1856; baseline -0.003 -14"><span class='ocrx_word' id='word_1_180' title='bbox 102 1781 185 1842; x_wconf 88' lang='lat' dir='ltr'><strong>ciem</strong></span> <span class='ocrx_word' id='word_1_181' title='bbox 205 1778 336 1856; x_wconf 78' lang='lat' dir='ltr'><strong>vulpis3</strong></span> <span class='ocrx_word' id='word_1_182' title='bbox 358 1793 418 1855; x_wconf 90' lang='lat' dir='ltr'><strong>per</strong></span> <span class='ocrx_word' id='word_1_183' title='bbox 433 1776 676 1848; x_wconf 82' lang='lat' dir='ltr'><strong>crudelitatem,</strong></span> <span class='ocrx_word' id='word_1_184' title='bbox 693 1776 747 1837; x_wconf 84' lang='lat' dir='ltr'><strong>vel</strong></span> <span class='ocrx_word' id='word_1_185' title='bbox 766 1791 826 1852; x_wconf 86' lang='lat' dir='ltr'><strong>per</strong></span> <span class='ocrx_word' id='word_1_186' title='bbox 847 1791 900 1835; x_wconf 91' lang='lat' dir='ltr'><strong>su·</strong></span> <span class='ocrx_word' id='word_1_187' title='bbox 953 1777 1085 1838; x_wconf 88' lang='lat' dir='ltr'><strong>minens</strong></span> <span class='ocrx_word' id='word_1_188' title='bbox 1099 1777 1162 1838; x_wconf 88' lang='lat' dir='ltr'><strong>ori.</strong></span> <span class='ocrx_word' id='word_1_189' title='bbox 1179 1779 1217 1838; x_wconf 88' lang='lat' dir='ltr'><strong>ln</strong></span> <span class='ocrx_word' id='word_1_190' title='bbox 1229 1776 1339 1838; x_wconf 82' lang='lat' dir='ltr'><strong>fronte</strong></span> <span class='ocrx_word' id='word_1_191' title='bbox 1356 1776 1520 1853; x_wconf 90' lang='lat' dir='ltr'><strong>siquidem</strong></span> <span class='ocrx_word' id='word_1_192' title='bbox 1531 1791 1664 1838; x_wconf 89' lang='lat' dir='ltr'><strong>crucem</strong></span> <span class='ocrx_word' id='word_1_193' title='bbox 1680 1777 1748 1837; x_wconf 85' lang='lat' dir='ltr'><strong>lm-</strong></span> 
     </span>
     <span class='ocr_line' id='line_1_17' title="bbox 104 1873 1751 1956; baseline -0.002 -17"><span class='ocrx_word' id='word_1_194' title='bbox 104 1878 263 1956; x_wconf 85' lang='lat' dir='ltr'><strong>perbiarn,</strong></span> <span class='ocrx_word' id='word_1_195' title='bbox 280 1876 409 1950; x_wconf 88' lang='lat' dir='ltr'><strong>leonis;</strong></span> <span class='ocrx_word' id='word_1_196' title='bbox 430 1890 490 1952; x_wconf 90' lang='lat' dir='ltr'><strong>per</strong></span> <span class='ocrx_word' id='word_1_197' title='bbox 516 1874 767 1944; x_wconf 84' lang='lat' dir='ltr'><strong>detractionem,</strong></span> <span class='ocrx_word' id='word_1_198' title='bbox 782 1873 896 1946; x_wconf 82' lang='lat' dir='ltr'><strong>canis3</strong></span> <span class='ocrx_word' id='word_1_199' title='bbox 953 1874 1138 1950; x_wconf 89' lang='lat' dir='ltr'><strong>primimus,</strong></span> <span class='ocrx_word' id='word_1_200' title='bbox 1155 1890 1255 1951; x_wconf 89' lang='lat' dir='ltr'><strong>quam</strong></span> <span class='ocrx_word' id='word_1_201' title='bbox 1280 1890 1338 1936; x_wconf 91' lang='lat' dir='ltr'><strong>ore</strong></span> <span class='ocrx_word' id='word_1_202' title='bbox 1358 1874 1591 1951; x_wconf 84' lang='lat' dir='ltr'><strong>praedicamus.</strong></span> <span class='ocrx_word' id='word_1_203' title='bbox 1608 1876 1687 1935; x_wconf 84' lang='lat' dir='ltr'><strong>Haec</strong></span> <span class='ocrx_word' id='word_1_204' title='bbox 1700 1874 1751 1935; x_wconf 88' lang='lat' dir='ltr'><strong>est</strong></span> 
     </span>
     <span class='ocr_line' id='line_1_18' title="bbox 104 1970 1749 2052; baseline -0.002 -15"><span class='ocrx_word' id='word_1_205' title='bbox 104 1992 161 2052; x_wconf 88' lang='lat' dir='ltr'><strong>per</strong></span> <span class='ocrx_word' id='word_1_206' title='bbox 180 1973 439 2044; x_wconf 84' lang='lat' dir='ltr'><strong>immunditiam,</strong></span> <span class='ocrx_word' id='word_1_207' title='bbox 467 1973 547 2033; x_wconf 88' lang='lat' dir='ltr'><strong>suis.</strong></span> <span class='ocrx_word' id='word_1_208' title='bbox 587 1971 681 2034; x_wconf 88' lang='lat' dir='ltr'><strong>Unde</strong></span> <span class='ocrx_word' id='word_1_209' title='bbox 717 1970 898 2032; x_wconf 81' lang='lat' dir='ltr'><strong>Ezechielis</strong></span> <span class='ocrx_word' id='word_1_210' title='bbox 953 1971 1096 2044; x_wconf 89' lang='lat' dir='ltr'><strong>inauris,</strong></span> <span class='ocrx_word' id='word_1_211' title='bbox 1113 1973 1208 2048; x_wconf 80' lang='lat' dir='ltr'><strong>qu‘us</strong></span> <span class='ocrx_word' id='word_1_212' title='bbox 1221 1971 1410 2033; x_wconf 86' lang='lat' dir='ltr'><strong>rotunditas</strong></span> <span class='ocrx_word' id='word_1_213' title='bbox 1425 1987 1583 2033; x_wconf 89' lang='lat' dir='ltr'><strong>coronam</strong></span> <span class='ocrx_word' id='word_1_214' title='bbox 1596 1971 1749 2047; x_wconf 88' lang='lat' dir='ltr'><strong>designat</strong></span> 
     </span>
     <span class='ocr_line' id='line_1_19' title="bbox 101 2066 1749 2152; baseline -0.003 -19"><span class='ocrx_word' id='word_1_215' title='bbox 101 2071 217 2152; x_wconf 86' lang='lat' dir='ltr'><strong>(8‚8et</strong></span> <span class='ocrx_word' id='word_1_216' title='bbox 227 2071 280 2151; x_wconf 89' lang='grc'><strong>10)</strong></span> <span class='ocrx_word' id='word_1_217' title='bbox 290 2093 302 2132; x_wconf 71' lang='grc' dir='ltr'><strong><em>ε</em></strong></span> <span class='ocrx_word' id='word_1_218' title='bbox 313 2072 421 2131; x_wconf 73' lang='lat' dir='ltr'><strong>«Cum</strong></span> <span class='ocrx_word' id='word_1_219' title='bbox 432 2069 650 2147; x_wconf 85' lang='lat' dir='ltr'><strong>periodissem</strong></span> <span class='ocrx_word' id='word_1_220' title='bbox 662 2066 709 2149; x_wconf 81' lang='grc'><strong>(4)</strong></span> <span class='ocrx_word' id='word_1_221' title='bbox 725 2069 897 2146; x_wconf 83' lang='lat' dir='ltr'><strong>parietem,</strong></span> <span class='ocrx_word' id='word_1_222' title='bbox 952 2070 1125 2141; x_wconf 87' lang='lat' dir='ltr'><strong>aeternam,</strong></span> <span class='ocrx_word' id='word_1_223' title='bbox 1143 2084 1242 2145; x_wconf 90' lang='lat' dir='ltr'><strong>quam</strong></span> <span class='ocrx_word' id='word_1_224' title='bbox 1255 2084 1316 2146; x_wconf 86' lang='lat' dir='ltr'><strong>per</strong></span> <span class='ocrx_word' id='word_1_225' title='bbox 1326 2084 1459 2130; x_wconf 92' lang='lat' dir='ltr'><strong>crucem</strong></span> <span class='ocrx_word' id='word_1_226' title='bbox 1473 2069 1615 2140; x_wconf 89' lang='lat' dir='ltr'><strong>Domini,</strong></span> <span class='ocrx_word' id='word_1_227' title='bbox 1627 2073 1661 2131; x_wconf 89' lang='lat' dir='ltr'><strong>et</strong></span> <span class='ocrx_word' id='word_1_228' title='bbox 1676 2072 1749 2145; x_wconf 88' lang='lat' dir='ltr'><strong>ejus</strong></span> 
     </span>
     <span class='ocr_line' id='line_1_20' title="bbox 102 2164 1751 2249; baseline -0.004 -18"><span class='ocrx_word' id='word_1_229' title='bbox 102 2169 257 2249; x_wconf 83' lang='lat' dir='ltr'><strong>apparuit</strong></span> <span class='ocrx_word' id='word_1_230' title='bbox 282 2168 366 2229; x_wconf 91' lang='lat' dir='ltr'><strong>mihi</strong></span> <span class='ocrx_word' id='word_1_231' title='bbox 392 2167 525 2239; x_wconf 89' lang='lat' dir='ltr'><strong>ostium,</strong></span> <span class='ocrx_word' id='word_1_232' title='bbox 540 2169 574 2228; x_wconf 92' lang='lat' dir='ltr'><strong>et</strong></span> <span class='ocrx_word' id='word_1_233' title='bbox 587 2167 657 2228; x_wconf 87' lang='lat' dir='ltr'><strong>vidi</strong></span> <span class='ocrx_word' id='word_1_234' title='bbox 672 2165 760 2237; x_wconf 92' lang='lat' dir='ltr'><strong>inde,</strong></span> <span class='ocrx_word' id='word_1_235' title='bbox 775 2168 808 2227; x_wconf 90' lang='lat' dir='ltr'><strong>et</strong></span> <span class='ocrx_word' id='word_1_236' title='bbox 821 2180 898 2226; x_wconf 91' lang='lat' dir='ltr'><strong>ecce</strong></span> <span class='ocrx_word' id='word_1_237' title='bbox 954 2166 1122 2241; x_wconf 89' lang='lat' dir='ltr'><strong>passionis</strong></span> <span class='ocrx_word' id='word_1_238' title='bbox 1136 2165 1370 2238; x_wconf 89' lang='lat' dir='ltr'><strong>imitationem,</strong></span> <span class='ocrx_word' id='word_1_239' title='bbox 1386 2166 1420 2226; x_wconf 91' lang='lat' dir='ltr'><strong>et</strong></span> <span class='ocrx_word' id='word_1_240' title='bbox 1432 2182 1498 2227; x_wconf 88' lang='lat' dir='ltr'><strong>nou</strong></span> <span class='ocrx_word' id='word_1_241' title='bbox 1514 2164 1649 2226; x_wconf 92' lang='lat' dir='ltr'><strong>aliunde</strong></span> <span class='ocrx_word' id='word_1_242' title='bbox 1663 2182 1751 2242; x_wconf 88' lang='lat' dir='ltr'><strong>quae-</strong></span> 
     </span>
     <span class='ocr_line' id='line_1_21' title="bbox 103 2261 1751 2342; baseline -0.005 -12"><span class='ocrx_word' id='word_1_243' title='bbox 103 2268 210 2330; x_wconf 83' lang='lat' dir='ltr'><strong>omnis</strong></span> <span class='ocrx_word' id='word_1_244' title='bbox 235 2265 421 2328; x_wconf 91' lang='lat' dir='ltr'><strong>similitudo</strong></span> <span class='ocrx_word' id='word_1_245' title='bbox 448 2264 631 2342; x_wconf 88' lang='lat' dir='ltr'><strong>reptilium,</strong></span> <span class='ocrx_word' id='word_1_246' title='bbox 660 2265 693 2326; x_wconf 93' lang='lat' dir='ltr'><strong>et</strong></span> <span class='ocrx_word' id='word_1_247' title='bbox 705 2262 899 2326; x_wconf 86' lang='lat' dir='ltr'><strong>animalium</strong></span> <span class='ocrx_word' id='word_1_248' title='bbox 954 2278 1030 2324; x_wconf 89' lang='lat' dir='ltr'><strong>rere</strong></span> <span class='ocrx_word' id='word_1_249' title='bbox 1051 2261 1297 2325; x_wconf 89' lang='lat' dir='ltr'><strong>debemuscnm</strong></span> <span class='ocrx_word' id='word_1_250' title='bbox 1325 2262 1483 2338; x_wconf 74' lang='lat' dir='ltr'><strong>apostolo</strong></span> <span class='ocrx_word' id='word_1_251' title='bbox 1496 2263 1648 2324; x_wconf 82' lang='lat' dir='ltr'><strong>dicente:</strong></span> <span class='ocrx_word' id='word_1_252' title='bbox 1666 2262 1751 2323; x_wconf 82' lang='lat' dir='ltr'><strong>Mihi</strong></span> 
     </span>
     <span class='ocr_line' id='line_1_22' title="bbox 105 2359 1748 2438; baseline -0.004 -11"><span class='ocrx_word' id='word_1_253' title='bbox 105 2365 323 2438; x_wconf 86' lang='lat' dir='ltr'><strong>abominatio,</strong></span> <span class='ocrx_word' id='word_1_254' title='bbox 336 2365 370 2425; x_wconf 87' lang='lat' dir='ltr'><strong>et</strong></span> <span class='ocrx_word' id='word_1_255' title='bbox 384 2364 541 2426; x_wconf 82' lang='lat' dir='ltr'><strong>universa</strong></span> <span class='ocrx_word' id='word_1_256' title='bbox 561 2361 649 2424; x_wconf 90' lang='lat' dir='ltr'><strong>idola</strong></span> <span class='ocrx_word' id='word_1_257' title='bbox 661 2360 781 2422; x_wconf 91' lang='lat' dir='ltr'><strong>domus</strong></span> <span class='ocrx_word' id='word_1_258' title='bbox 796 2360 899 2422; x_wconf 88' lang='lat' dir='ltr'><strong>lsrael</strong></span> <span class='ocrx_word' id='word_1_259' title='bbox 954 2359 1042 2422; x_wconf 87' lang='lat' dir='ltr'><strong>absit</strong></span> <span class='ocrx_word' id='word_1_260' title='bbox 1054 2360 1206 2436; x_wconf 87' lang='lat' dir='ltr'><strong>gloriari,</strong></span> <span class='ocrx_word' id='word_1_261' title='bbox 1221 2361 1287 2421; x_wconf 90' lang='lat' dir='ltr'><strong>uisi</strong></span> <span class='ocrx_word' id='word_1_262' title='bbox 1303 2361 1340 2421; x_wconf 93' lang='lat' dir='ltr'><strong>in</strong></span> <span class='ocrx_word' id='word_1_263' title='bbox 1362 2375 1462 2422; x_wconf 87' lang='lat' dir='ltr'><strong>cruce</strong></span> <span class='ocrx_word' id='word_1_264' title='bbox 1488 2361 1621 2422; x_wconf 87' lang='lat' dir='ltr'><strong>Domini</strong></span> <span class='ocrx_word' id='word_1_265' title='bbox 1640 2359 1748 2421; x_wconf 89' lang='lat' dir='ltr'><strong>nostri</strong></span> 
     </span>
     <span class='ocr_line' id='line_1_23' title="bbox 101 2455 1750 2540; baseline -0.003 -16"><span class='ocrx_word' id='word_1_266' title='bbox 101 2463 235 2540; x_wconf 88' lang='lat' dir='ltr'><strong>depicta</strong></span> <span class='ocrx_word' id='word_1_267' title='bbox 248 2462 286 2523; x_wconf 91' lang='lat' dir='ltr'><strong>in</strong></span> <span class='ocrx_word' id='word_1_268' title='bbox 300 2461 465 2539; x_wconf 85' lang='lat' dir='ltr'><strong>pariete.»</strong></span> <span class='ocrx_word' id='word_1_269' title='bbox 476 2460 645 2538; x_wconf 88' lang='lat' dir='ltr'><strong>Siquidem</strong></span> <span class='ocrx_word' id='word_1_270' title='bbox 660 2457 833 2536; x_wconf 81' lang='lat' dir='ltr'><strong>perfodere</strong></span> <span class='ocrx_word' id='word_1_271' title='bbox 846 2474 901 2535; x_wconf 86' lang='lat' dir='ltr'><strong>pa·</strong></span> <span class='ocrx_word' id='word_1_272' title='bbox 952 2460 1036 2520; x_wconf 87' lang='lat' dir='ltr'><strong>Jesu</strong></span> <span class='ocrx_word' id='word_1_273' title='bbox 1048 2458 1171 2520; x_wconf 88' lang='lat' dir='ltr'><strong>Christi</strong></span> <span class='ocrx_word' id='word_1_274' title='bbox 1185 2455 1245 2538; x_wconf 85' lang='lat'><strong>(7).</strong></span> <span class='ocrx_word' id='word_1_275' title='bbox 1265 2458 1416 2519; x_wconf 79' lang='lat' dir='ltr'><strong>circulus</strong></span> <span class='ocrx_word' id='word_1_276' title='bbox 1438 2459 1473 2519; x_wconf 91' lang='lat' dir='ltr'><strong>in</strong></span> <span class='ocrx_word' id='word_1_277' title='bbox 1499 2458 1638 2519; x_wconf 89' lang='lat' dir='ltr'><strong>auribus</strong></span> <span class='ocrx_word' id='word_1_278' title='bbox 1658 2459 1750 2519; x_wconf 90' lang='lat' dir='ltr'><strong>desi-</strong></span> 
     </span>
     <span class='ocr_line' id='line_1_24' title="bbox 104 2555 1747 2636; baseline -0.003 -14"><span class='ocrx_word' id='word_1_279' title='bbox 104 2560 220 2623; x_wconf 88' lang='lat' dir='ltr'><strong>rietem</strong></span> <span class='ocrx_word' id='word_1_280' title='bbox 244 2560 297 2621; x_wconf 90' lang='lat' dir='ltr'><strong>est</strong></span> <span class='ocrx_word' id='word_1_281' title='bbox 323 2558 511 2636; x_wconf 85' lang='lat' dir='ltr'><strong>penetrare,</strong></span> <span class='ocrx_word' id='word_1_282' title='bbox 536 2559 571 2619; x_wconf 89' lang='lat' dir='ltr'><strong>et</strong></span> <span class='ocrx_word' id='word_1_283' title='bbox 587 2556 800 2619; x_wconf 86' lang='lat' dir='ltr'><strong>considerare</strong></span> <span class='ocrx_word' id='word_1_284' title='bbox 812 2557 901 2617; x_wconf 89' lang='lat' dir='ltr'><strong>inte-</strong></span> <span class='ocrx_word' id='word_1_285' title='bbox 955 2556 1036 2631; x_wconf 85' lang='lat' dir='ltr'><strong>gnat</strong></span> <span class='ocrx_word' id='word_1_286' title='bbox 1062 2555 1236 2632; x_wconf 85' lang='lat' dir='ltr'><strong>praemium</strong></span> <span class='ocrx_word' id='word_1_287' title='bbox 1262 2556 1472 2629; x_wconf 86' lang='lat' dir='ltr'><strong>obedientiae,</strong></span> <span class='ocrx_word' id='word_1_288' title='bbox 1490 2556 1576 2633; x_wconf 89' lang='lat' dir='ltr'><strong>quod</strong></span> <span class='ocrx_word' id='word_1_289' title='bbox 1599 2558 1636 2618; x_wconf 91' lang='lat' dir='ltr'><strong>ut</strong></span> <span class='ocrx_word' id='word_1_290' title='bbox 1650 2572 1747 2617; x_wconf 86' lang='lat' dir='ltr'><strong>asse-</strong></span> 
     </span>
     <span class='ocr_line' id='line_1_25' title="bbox 103 2652 1751 2733; baseline -0.002 -15"><span class='ocrx_word' id='word_1_291' title='bbox 103 2658 194 2719; x_wconf 87' lang='lat' dir='ltr'><strong>riora</strong></span> <span class='ocrx_word' id='word_1_292' title='bbox 209 2656 322 2719; x_wconf 87' lang='lat' dir='ltr'><strong>cordis</strong></span> <span class='ocrx_word' id='word_1_293' title='bbox 330 2654 448 2717; x_wconf 85' lang='lat' dir='ltr'><strong>nostri.</strong></span> <span class='ocrx_word' id='word_1_294' title='bbox 462 2657 529 2715; x_wconf 88' lang='lat' dir='ltr'><strong>Per</strong></span> <span class='ocrx_word' id='word_1_295' title='bbox 537 2653 670 2732; x_wconf 87' lang='lat' dir='ltr'><strong>reptilia</strong></span> <span class='ocrx_word' id='word_1_296' title='bbox 682 2653 901 2729; x_wconf 80' lang='lat' dir='ltr'><strong>designantur</strong></span> <span class='ocrx_word' id='word_1_297' title='bbox 956 2669 1108 2730; x_wconf 86' lang='lat' dir='ltr'><strong>quamur,</strong></span> <span class='ocrx_word' id='word_1_298' title='bbox 1124 2653 1206 2716; x_wconf 90' lang='lat' dir='ltr'><strong>dicit</strong></span> <span class='ocrx_word' id='word_1_299' title='bbox 1225 2653 1480 2715; x_wconf 89' lang='lat' dir='ltr'><strong>Ecclesiasticus</strong></span> <span class='ocrx_word' id='word_1_300' title='bbox 1503 2652 1567 2733; x_wconf 79' lang='grc'>(28,</span> <span class='ocrx_word' id='word_1_301' title='bbox 1582 2652 1636 2733; x_wconf 83' lang='lat'><strong>28)</strong></span> <span class='ocrx_word' id='word_1_302' title='bbox 1649 2670 1657 2710; x_wconf 72' lang='grc' dir='ltr'><strong>ε</strong></span> <span class='ocrx_word' id='word_1_303' title='bbox 1673 2655 1751 2731; x_wconf 89' lang='lat' dir='ltr'><strong>Sepi</strong></span> 
     </span>
     <span class='ocr_line' id='line_1_26' title="bbox 106 2749 1748 2831; baseline -0.002 -15"><span class='ocrx_word' id='word_1_304' title='bbox 106 2755 259 2818; x_wconf 87' lang='lat' dir='ltr'><strong>mortalia</strong></span> <span class='ocrx_word' id='word_1_305' title='bbox 274 2753 423 2831; x_wconf 87' lang='lat' dir='ltr'><strong>peccata,</strong></span> <span class='ocrx_word' id='word_1_306' title='bbox 440 2753 517 2830; x_wconf 84' lang='lat' dir='ltr'><strong>&#39;quae</strong></span> <span class='ocrx_word' id='word_1_307' title='bbox 532 2766 624 2812; x_wconf 89' lang='lat' dir='ltr'><strong>more</strong></span> <span class='ocrx_word' id='word_1_308' title='bbox 638 2750 831 2828; x_wconf 89' lang='lat' dir='ltr'><strong>serpentine</strong></span> <span class='ocrx_word' id='word_1_309' title='bbox 843 2766 901 2812; x_wconf 90' lang='lat' dir='ltr'><strong>oc-</strong></span> <span class='ocrx_word' id='word_1_310' title='bbox 954 2765 1057 2812; x_wconf 84' lang='lat' dir='ltr'><strong>aures</strong></span> <span class='ocrx_word' id='word_1_311' title='bbox 1082 2752 1158 2812; x_wconf 89' lang='lat' dir='ltr'><strong>tuas</strong></span> <span class='ocrx_word' id='word_1_312' title='bbox 1175 2751 1293 2828; x_wconf 89' lang='lat' dir='ltr'><strong>spinis,</strong></span> <span class='ocrx_word' id='word_1_313' title='bbox 1309 2749 1467 2813; x_wconf 86' lang='lat' dir='ltr'><strong>videlicet</strong></span> <span class='ocrx_word' id='word_1_314' title='bbox 1477 2767 1609 2812; x_wconf 86' lang='lat' dir='ltr'><strong>coronae</strong></span> <span class='ocrx_word' id='word_1_315' title='bbox 1624 2752 1748 2813; x_wconf 82' lang='lat' dir='ltr'><strong>Christi</strong></span> 
     </span>
     <span class='ocr_line' id='line_1_27' title="bbox 102 2848 1750 2926; baseline -0.002 -11"><span class='ocrx_word' id='word_1_316' title='bbox 102 2853 192 2915; x_wconf 84' lang='lat' dir='ltr'><strong>culte</strong></span> <span class='ocrx_word' id='word_1_317' title='bbox 201 2851 238 2913; x_wconf 90' lang='lat' dir='ltr'><strong>in</strong></span> <span class='ocrx_word' id='word_1_318' title='bbox 250 2852 398 2913; x_wconf 88' lang='lat' dir='ltr'><strong>animam</strong></span> <span class='ocrx_word' id='word_1_319' title='bbox 413 2850 561 2926; x_wconf 85' lang='lat' dir='ltr'><strong>serpunt,</strong></span> <span class='ocrx_word' id='word_1_320' title='bbox 576 2864 619 2909; x_wconf 86' lang='lat' dir='ltr'><strong>ex</strong></span> <span class='ocrx_word' id='word_1_321' title='bbox 631 2864 760 2910; x_wconf 83' lang='lat' dir='ltr'><strong>veneno</strong></span> <span class='ocrx_word' id='word_1_322' title='bbox 776 2848 900 2909; x_wconf 89' lang='lat' dir='ltr'><strong>diaboli</strong></span> <span class='ocrx_word' id='word_1_323' title='bbox 955 2848 1125 2925; x_wconf 89' lang='lat' dir='ltr'><strong>patientis,</strong></span> <span class='ocrx_word' id='word_1_324' title='bbox 1137 2864 1180 2910; x_wconf 91' lang='lat' dir='ltr'><strong>ne</strong></span> <span class='ocrx_word' id='word_1_325' title='bbox 1191 2849 1310 2910; x_wconf 90' lang='lat' dir='ltr'><strong>audias</strong></span> <span class='ocrx_word' id='word_1_326' title='bbox 1323 2865 1398 2910; x_wconf 88' lang='lat' dir='ltr'><strong>cum</strong></span> <span class='ocrx_word' id='word_1_327' title='bbox 1408 2849 1629 2912; x_wconf 89' lang='lat' dir='ltr'><strong>delectatione</strong></span> <span class='ocrx_word' id='word_1_328' title='bbox 1647 2849 1750 2911; x_wconf 81' lang='lat' dir='ltr'><strong>verba</strong></span> 
     </span>
     <span class='ocr_line' id='line_1_28' title="bbox 106 2944 1750 3027; baseline -0.002 -16"><span class='ocrx_word' id='word_1_329' title='bbox 106 2950 261 3027; x_wconf 87' lang='lat' dir='ltr'><strong>impulsa,</strong></span> <span class='ocrx_word' id='word_1_330' title='bbox 287 2949 500 3024; x_wconf 88' lang='lat' dir='ltr'><strong>animamque</strong></span> <span class='ocrx_word' id='word_1_331' title='bbox 518 2945 715 3008; x_wconf 87' lang='lat' dir='ltr'><strong>inlicientia.</strong></span> <span class='ocrx_word' id='word_1_332' title='bbox 734 2948 798 3006; x_wconf 91' lang='lat' dir='ltr'><strong>Per</strong></span> <span class='ocrx_word' id='word_1_333' title='bbox 821 2946 900 3006; x_wconf 89' lang='lat' dir='ltr'><strong>ani·</strong></span> <span class='ocrx_word' id='word_1_334' title='bbox 956 2946 1157 3023; x_wconf 86' lang='lat' dir='ltr'><strong>sanguinum</strong></span> <span class='ocrx_word' id='word_1_335' title='bbox 1166 2944 1226 3024; x_wconf 82' lang='lat'><strong>(8),</strong></span> <span class='ocrx_word' id='word_1_336' title='bbox 1241 2947 1329 3008; x_wconf 85' lang='lat' dir='ltr'><strong>etita</strong></span> <span class='ocrx_word' id='word_1_337' title='bbox 1339 2946 1501 3023; x_wconf 85' lang='lat' dir='ltr'><strong>laccapiti</strong></span> <span class='ocrx_word' id='word_1_338' title='bbox 1512 2947 1568 3007; x_wconf 88' lang='lat' dir='ltr'><strong>tuo</strong></span> <span class='ocrx_word' id='word_1_339' title='bbox 1580 2962 1750 3019; x_wconf 85' lang='lat' dir='ltr'><strong>coronam,</strong></span> 
     </span>
     <span class='ocr_line' id='line_1_29' title="bbox 106 3043 1753 3125; baseline -0.004 -15"><span class='ocrx_word' id='word_1_340' title='bbox 106 3049 216 3121; x_wconf 85' lang='lat' dir='ltr'><strong>mulia,</strong></span> <span class='ocrx_word' id='word_1_341' title='bbox 229 3047 367 3125; x_wconf 89' lang='lat' dir='ltr'><strong>peccata</strong></span> <span class='ocrx_word' id='word_1_342' title='bbox 378 3044 537 3108; x_wconf 83' lang='lat' dir='ltr'><strong>carnalia.</strong></span> <span class='ocrx_word' id='word_1_343' title='bbox 553 3046 618 3106; x_wconf 85' lang='lat' dir='ltr'><strong>Per</strong></span> <span class='ocrx_word' id='word_1_344' title='bbox 630 3044 765 3116; x_wconf 91' lang='lat' dir='ltr'><strong>idolum,</strong></span> <span class='ocrx_word' id='word_1_345' title='bbox 783 3058 902 3120; x_wconf 90' lang='lat' dir='ltr'><strong>pecca-</strong></span> <span class='ocrx_word' id='word_1_346' title='bbox 956 3059 1030 3122; x_wconf 86' lang='lat' dir='ltr'><strong>quae</strong></span> <span class='ocrx_word' id='word_1_347' title='bbox 1043 3043 1252 3120; x_wconf 80' lang='lat' dir='ltr'><strong>significatur</strong></span> <span class='ocrx_word' id='word_1_348' title='bbox 1266 3044 1301 3105; x_wconf 90' lang='lat' dir='ltr'><strong>in</strong></span> <span class='ocrx_word' id='word_1_349' title='bbox 1312 3043 1412 3106; x_wconf 90' lang='lat' dir='ltr'><strong>mitra</strong></span> <span class='ocrx_word' id='word_1_350' title='bbox 1428 3043 1632 3121; x_wconf 73' lang='lat' dir='ltr'><strong>pontificum,</strong></span> <span class='ocrx_word' id='word_1_351' title='bbox 1651 3044 1753 3121; x_wconf 92' lang='lat' dir='ltr'><strong>siqui·</strong></span> 
     </span>
     <span class='ocr_line' id='line_1_30' title="bbox 104 3141 1752 3219; baseline -0.003 -11"><span class='ocrx_word' id='word_1_352' title='bbox 104 3147 172 3207; x_wconf 84' lang='lat' dir='ltr'><strong>tum</strong></span> <span class='ocrx_word' id='word_1_353' title='bbox 187 3146 306 3207; x_wconf 87' lang='lat' dir='ltr'><strong>contra</strong></span> <span class='ocrx_word' id='word_1_354' title='bbox 321 3146 475 3206; x_wconf 90' lang='lat' dir='ltr'><strong>naturam</strong></span> <span class='ocrx_word' id='word_1_355' title='bbox 490 3166 498 3219; x_wconf 90' lang='lat'>;</span> <span class='ocrx_word' id='word_1_356' title='bbox 515 3144 549 3205; x_wconf 90' lang='lat' dir='ltr'><strong>et</strong></span> <span class='ocrx_word' id='word_1_357' title='bbox 562 3142 681 3204; x_wconf 89' lang='lat' dir='ltr'><strong>merito</strong></span> <span class='ocrx_word' id='word_1_358' title='bbox 699 3159 707 3202; x_wconf 77' lang='grc' dir='ltr'><strong><em>ε</em></strong></span> <span class='ocrx_word' id='word_1_359' title='bbox 724 3142 801 3219; x_wconf 87' lang='lat' dir='ltr'><strong>quia</strong></span> <span class='ocrx_word' id='word_1_360' title='bbox 814 3143 902 3203; x_wconf 87' lang='lat' dir='ltr'><strong>sicut</strong></span> <span class='ocrx_word' id='word_1_361' title='bbox 955 3141 1030 3203; x_wconf 91' lang='lat' dir='ltr'><strong>dem</strong></span> <span class='ocrx_word' id='word_1_362' title='bbox 1049 3157 1069 3203; x_wconf 90' lang='lat' dir='ltr'><strong>a</strong></span> <span class='ocrx_word' id='word_1_363' title='bbox 1094 3142 1203 3219; x_wconf 88' lang='lat' dir='ltr'><strong>capite</strong></span> <span class='ocrx_word' id='word_1_364' title='bbox 1218 3144 1296 3203; x_wconf 86' lang='lat' dir='ltr'><strong>sunt</strong></span> <span class='ocrx_word' id='word_1_365' title='bbox 1310 3157 1424 3203; x_wconf 88' lang='lat' dir='ltr'><strong>omnes</strong></span> <span class='ocrx_word' id='word_1_366' title='bbox 1440 3158 1567 3203; x_wconf 88' lang='lat' dir='ltr'><strong>sensus.</strong></span> <span class='ocrx_word' id='word_1_367' title='bbox 1583 3142 1635 3202; x_wconf 83' lang='lat' dir='ltr'><strong>Sit</strong></span> <span class='ocrx_word' id='word_1_368' title='bbox 1647 3143 1752 3216; x_wconf 87' lang='lat' dir='ltr'><strong>igitur</strong></span> 
     </span>
     <span class='ocr_line' id='line_1_31' title="bbox 105 3239 1753 3320; baseline -0.002 -18"><span class='ocrx_word' id='word_1_369' title='bbox 105 3243 185 3305; x_wconf 88' lang='lat' dir='ltr'><strong>iUud</strong></span> <span class='ocrx_word' id='word_1_370' title='bbox 201 3244 376 3320; x_wconf 90' lang='lat' dir='ltr'><strong>peccatum</strong></span> <span class='ocrx_word' id='word_1_371' title='bbox 403 3242 518 3303; x_wconf 86' lang='lat' dir='ltr'><strong>contra</strong></span> <span class='ocrx_word' id='word_1_372' title='bbox 542 3242 698 3302; x_wconf 86' lang='lat' dir='ltr'><strong>naturam</strong></span> <span class='ocrx_word' id='word_1_373' title='bbox 724 3240 785 3311; x_wconf 85' lang='lat' dir='ltr'><strong>est,</strong></span> <span class='ocrx_word' id='word_1_374' title='bbox 809 3239 855 3300; x_wconf 91' lang='lat' dir='ltr'><strong>ita</strong></span> <span class='ocrx_word' id='word_1_375' title='bbox 869 3242 902 3301; x_wconf 91' lang='lat' dir='ltr'><strong>et</strong></span> <span class='ocrx_word' id='word_1_376' title='bbox 956 3240 1056 3302; x_wconf 90' lang='lat' dir='ltr'><strong>mitra</strong></span> <span class='ocrx_word' id='word_1_377' title='bbox 1070 3240 1207 3311; x_wconf 84' lang='lat' dir='ltr'><strong>coertio,</strong></span> <span class='ocrx_word' id='word_1_378' title='bbox 1222 3240 1437 3316; x_wconf 79' lang='lat' dir='ltr'><strong>compressiO,</strong></span> <span class='ocrx_word' id='word_1_379' title='bbox 1452 3239 1634 3301; x_wconf 90' lang='lat' dir='ltr'><strong>moderatio</strong></span> <span class='ocrx_word' id='word_1_380' title='bbox 1652 3240 1753 3316; x_wconf 89' lang='lat' dir='ltr'><strong>quin-</strong></span> 
     </span>
     <span class='ocr_line' id='line_1_32' title="bbox 109 3336 1752 3416; baseline 0 -17"><span class='ocrx_word' id='word_1_381' title='bbox 109 3339 233 3401; x_wconf 89' lang='lat' dir='ltr'><strong>idolum</strong></span> <span class='ocrx_word' id='word_1_382' title='bbox 261 3354 330 3400; x_wconf 92' lang='lat' dir='ltr'><strong>non</strong></span> <span class='ocrx_word' id='word_1_383' title='bbox 349 3339 448 3400; x_wconf 90' lang='lat' dir='ltr'><strong>estin</strong></span> <span class='ocrx_word' id='word_1_384' title='bbox 471 3352 584 3398; x_wconf 87' lang='lat' dir='ltr'><strong>rerum</strong></span> <span class='ocrx_word' id='word_1_385' title='bbox 613 3338 746 3408; x_wconf 90' lang='lat' dir='ltr'><strong>natura,</strong></span> <span class='ocrx_word' id='word_1_386' title='bbox 775 3351 837 3396; x_wconf 91' lang='lat' dir='ltr'><strong>nec</strong></span> <span class='ocrx_word' id='word_1_387' title='bbox 864 3336 899 3396; x_wconf 92' lang='lat' dir='ltr'><strong>in</strong></span> <span class='ocrx_word' id='word_1_388' title='bbox 954 3353 1199 3416; x_wconf 86' lang='lat' dir='ltr'><strong>quesensunm,</strong></span> <span class='ocrx_word' id='word_1_389' title='bbox 1217 3340 1323 3399; x_wconf 88' lang='lat' dir='ltr'><strong>uteos</strong></span> <span class='ocrx_word' id='word_1_390' title='bbox 1339 3353 1358 3398; x_wconf 87' lang='lat' dir='ltr'><strong>a</strong></span> <span class='ocrx_word' id='word_1_391' title='bbox 1374 3338 1462 3398; x_wconf 87' lang='lat' dir='ltr'><strong>malo</strong></span> <span class='ocrx_word' id='word_1_392' title='bbox 1481 3337 1644 3409; x_wconf 85' lang='lat' dir='ltr'><strong>cohibeat,</strong></span> <span class='ocrx_word' id='word_1_393' title='bbox 1661 3338 1752 3400; x_wconf 87' lang='lat' dir='ltr'><strong>etad</strong></span> 
     </span>
     <span class='ocr_line' id='line_1_33' title="bbox 106 3433 1753 3511; baseline -0.001 -12"><span class='ocrx_word' id='word_1_394' title='bbox 106 3436 204 3499; x_wconf 74' lang='lat' dir='ltr'><strong>iabus</strong></span> <span class='ocrx_word' id='word_1_395' title='bbox 217 3435 427 3499; x_wconf 85' lang='lat' dir='ltr'><strong>naturalibus</strong></span> <span class='ocrx_word' id='word_1_396' title='bbox 436 3435 616 3497; x_wconf 83' lang='lat' dir='ltr'><strong>invenitur.</strong></span> <span class='ocrx_word' id='word_1_397' title='bbox 628 3433 901 3511; x_wconf 88' lang='lat' dir='ltr'><strong>Siquidemhomo</strong></span> <span class='ocrx_word' id='word_1_398' title='bbox 954 3435 1077 3496; x_wconf 91' lang='lat' dir='ltr'><strong>bonum</strong></span> <span class='ocrx_word' id='word_1_399' title='bbox 1093 3434 1271 3511; x_wconf 60' lang='lat' dir='ltr'><strong>gubernem</strong></span> <span class='ocrx_word' id='word_1_400' title='bbox 1294 3434 1328 3495; x_wconf 92' lang='lat' dir='ltr'><strong>et</strong></span> <span class='ocrx_word' id='word_1_401' title='bbox 1353 3435 1400 3496; x_wconf 88' lang='lat' dir='ltr'><strong>ita</strong></span> <span class='ocrx_word' id='word_1_402' title='bbox 1428 3434 1532 3496; x_wconf 84' lang='lat' dir='ltr'><strong>iacies</strong></span> <span class='ocrx_word' id='word_1_403' title='bbox 1552 3434 1704 3507; x_wconf 81' lang='lat' dir='ltr'><strong>formata,</strong></span> <span class='ocrx_word' id='word_1_404' title='bbox 1718 3439 1753 3498; x_wconf 88' lang='lat' dir='ltr'><strong>et</strong></span> 
     </span>
     <span class='ocr_line' id='line_1_34' title="bbox 106 3531 1749 3606; baseline 0.001 -14"><span class='ocrx_word' id='word_1_405' title='bbox 106 3532 300 3595; x_wconf 81' lang='lat' dir='ltr'><strong>luxuriosus</strong></span> <span class='ocrx_word' id='word_1_406' title='bbox 316 3534 351 3593; x_wconf 94' lang='lat' dir='ltr'><strong>in</strong></span> <span class='ocrx_word' id='word_1_407' title='bbox 366 3532 576 3594; x_wconf 88' lang='lat' dir='ltr'><strong>naturalibus</strong></span> <span class='ocrx_word' id='word_1_408' title='bbox 599 3531 724 3593; x_wconf 89' lang='lat' dir='ltr'><strong>animal</strong></span> <span class='ocrx_word' id='word_1_409' title='bbox 748 3531 902 3592; x_wconf 82' lang='lat' dir='ltr'><strong>luxurio-</strong></span> <span class='ocrx_word' id='word_1_410' title='bbox 956 3531 1151 3605; x_wconf 79' lang='lat' dir='ltr'><strong>deformata,</strong></span> <span class='ocrx_word' id='word_1_411' title='bbox 1173 3535 1207 3593; x_wconf 94' lang='lat' dir='ltr'><strong>et</strong></span> <span class='ocrx_word' id='word_1_412' title='bbox 1222 3533 1402 3594; x_wconf 82' lang='lat' dir='ltr'><strong>reformata</strong></span> <span class='ocrx_word' id='word_1_413' title='bbox 1419 3531 1494 3606; x_wconf 85' lang='lat' dir='ltr'><strong>erit,</strong></span> <span class='ocrx_word' id='word_1_414' title='bbox 1511 3533 1546 3594; x_wconf 86' lang='lat' dir='ltr'><strong>et</strong></span> <span class='ocrx_word' id='word_1_415' title='bbox 1570 3532 1749 3594; x_wconf 87' lang='lat' dir='ltr'><strong>illustrata.</strong></span> 
     </span>
     <span class='ocr_line' id='line_1_35' title="bbox 106 3628 901 3707; baseline -0.003 -17"><span class='ocrx_word' id='word_1_416' title='bbox 106 3647 177 3692; x_wconf 88' lang='lat' dir='ltr'><strong>sum</strong></span> <span class='ocrx_word' id='word_1_417' title='bbox 201 3631 266 3691; x_wconf 91' lang='lat' dir='ltr'><strong>sibi</strong></span> <span class='ocrx_word' id='word_1_418' title='bbox 291 3630 402 3692; x_wconf 91' lang='lat' dir='ltr'><strong>simile</strong></span> <span class='ocrx_word' id='word_1_419' title='bbox 430 3630 581 3707; x_wconf 72' lang='lat' dir='ltr'><strong>reperit,</strong></span> <span class='ocrx_word' id='word_1_420' title='bbox 610 3629 748 3706; x_wconf 77' lang='lat' dir='ltr'><strong>gulosus</strong></span> <span class='ocrx_word' id='word_1_421' title='bbox 777 3628 901 3689; x_wconf 88' lang='lat' dir='ltr'><strong>animal</strong></span> 
     </span>
     <span class='ocr_line' id='line_1_36' title="bbox 105 3725 1473 3805; baseline -0.004 -15"><span class='ocrx_word' id='word_1_422' title='bbox 105 3729 279 3803; x_wconf 81' lang='lat' dir='ltr'><strong>gulosum3</strong></span> <span class='ocrx_word' id='word_1_423' title='bbox 309 3728 471 3805; x_wconf 88' lang='lat' dir='ltr'><strong>superbus</strong></span> <span class='ocrx_word' id='word_1_424' title='bbox 486 3728 611 3789; x_wconf 90' lang='lat' dir='ltr'><strong>animal</strong></span> <span class='ocrx_word' id='word_1_425' title='bbox 627 3726 821 3804; x_wconf 84' lang='lat' dir='ltr'><strong>superbum3</strong></span> <span class='ocrx_word' id='word_1_426' title='bbox 839 3725 902 3787; x_wconf 87' lang='lat' dir='ltr'><strong>ira·</strong></span> <span class='ocrx_word' id='word_1_427' title='bbox 1227 3739 1370 3800; x_wconf 71' lang='lat' dir='ltr'>SERMO</span> <span class='ocrx_word' id='word_1_428' title='bbox 1392 3739 1473 3799; x_wconf 64' lang='grc' dir='ltr'><strong>Ην,</strong></span> 
     </span>
     <span class='ocr_line' id='line_1_37' title="bbox 105 3824 901 3899; baseline 0 -15"><span class='ocrx_word' id='word_1_429' title='bbox 105 3825 245 3898; x_wconf 86' lang='lat' dir='ltr'><strong>cundus,</strong></span> <span class='ocrx_word' id='word_1_430' title='bbox 274 3826 420 3899; x_wconf 81' lang='lat' dir='ltr'><strong>invidus,</strong></span> <span class='ocrx_word' id='word_1_431' title='bbox 451 3825 620 3888; x_wconf 89' lang='lat' dir='ltr'><strong>detractor</strong></span> <span class='ocrx_word' id='word_1_432' title='bbox 653 3825 813 3886; x_wconf 89' lang='lat' dir='ltr'><strong>animalia</strong></span> <span class='ocrx_word' id='word_1_433' title='bbox 837 3824 901 3885; x_wconf 87' lang='lat' dir='ltr'><strong>sibi</strong></span> 
     </span>
     <span class='ocr_line' id='line_1_38' title="bbox 106 3920 902 3984; baseline 0.001 -4"><span class='ocrx_word' id='word_1_434' title='bbox 106 3922 229 3983; x_wconf 89' lang='lat' dir='ltr'><strong>similia</strong></span> <span class='ocrx_word' id='word_1_435' title='bbox 252 3924 288 3983; x_wconf 94' lang='lat' dir='ltr'><strong>in</strong></span> <span class='ocrx_word' id='word_1_436' title='bbox 312 3921 521 3984; x_wconf 88' lang='lat' dir='ltr'><strong>naturalibus</strong></span> <span class='ocrx_word' id='word_1_437' title='bbox 550 3922 739 3984; x_wconf 70' lang='lat' dir='ltr'><strong>inveniunt.</strong></span> <span class='ocrx_word' id='word_1_438' title='bbox 765 3920 829 3983; x_wconf 85' lang='lat' dir='ltr'><strong>Sed</strong></span> <span class='ocrx_word' id='word_1_439' title='bbox 848 3922 902 3981; x_wconf 87' lang='lat' dir='ltr'><strong>in—</strong></span> 
     </span>
     <span class='ocr_line' id='line_1_39' title="bbox 106 3994 1748 4096; baseline 0 -19"><span class='ocrx_word' id='word_1_440' title='bbox 106 4016 183 4081; x_wconf 76' lang='lat' dir='ltr'><strong>recti</strong></span> <span class='ocrx_word' id='word_1_441' title='bbox 197 4021 334 4096; x_wconf 80' lang='lat' dir='ltr'><strong>peceato</strong></span> <span class='ocrx_word' id='word_1_442' title='bbox 369 4017 425 4080; x_wconf 80' lang='lat'>1110</span> <span class='ocrx_word' id='word_1_443' title='bbox 449 4018 673 4094; x_wconf 71' lang='lat' dir='ltr'><strong>ignominioso</strong></span> <span class='ocrx_word' id='word_1_444' title='bbox 697 4018 763 4079; x_wconf 81' lang='lat' dir='ltr'><strong>sm</strong></span> <span class='ocrx_word' id='word_1_445' title='bbox 791 4017 901 4079; x_wconf 75' lang='lat' dir='ltr'><strong>simne</strong></span> <span class='ocrx_word' id='word_1_446' title='bbox 955 3994 1311 4059; x_wconf 59' lang='lat' dir='ltr'><strong>coenomanensem</strong></span> <span class='ocrx_word' id='word_1_447' title='bbox 1324 3997 1748 4073; x_wconf 63' lang='lat' dir='ltr'><strong>faceatiaussupermam.</strong></span> 
     </span>
     <span class='ocr_line' id='line_1_40' title="bbox 107 4090 1480 4192; baseline -0.001 -17"><span class='ocrx_word' id='word_1_448' title='bbox 107 4113 144 4175; x_wconf 84' lang='lat' dir='ltr'><strong>in</strong></span> <span class='ocrx_word' id='word_1_449' title='bbox 162 4115 372 4178; x_wconf 84' lang='lat' dir='ltr'><strong>naturalibus</strong></span> <span class='ocrx_word' id='word_1_450' title='bbox 396 4132 464 4177; x_wconf 91' lang='lat' dir='ltr'><strong>non</strong></span> <span class='ocrx_word' id='word_1_451' title='bbox 491 4116 675 4192; x_wconf 82' lang='lat' dir='ltr'><strong>reperiunt.</strong></span> <span class='ocrx_word' id='word_1_452' title='bbox 698 4115 792 4177; x_wconf 90' lang='lat' dir='ltr'><strong>Unde</strong></span> <span class='ocrx_word' id='word_1_453' title='bbox 817 4115 901 4176; x_wconf 89' lang='lat' dir='ltr'><strong>bene</strong></span> <span class='ocrx_word' id='word_1_454' title='bbox 1227 4090 1268 4171; x_wconf 83' lang='grc' dir='ltr'><strong>(Ρ</strong></span> <span class='ocrx_word' id='word_1_455' title='bbox 1271 4093 1331 4154; x_wconf 68' lang='lat'><strong>⁸³¹·</strong></span> <span class='ocrx_word' id='word_1_456' title='bbox 1345 4095 1396 4163; x_wconf 63' lang='lat'><strong>30³</strong></span> <span class='ocrx_word' id='word_1_457' title='bbox 1412 4091 1480 4173; x_wconf 68' lang='grc'><strong>24·)</strong></span> 
     </span>
     <span class='ocr_line' id='line_1_41' title="bbox 103 4210 1752 4293; baseline 0.003 -21"><span class='ocrx_word' id='word_1_458' title='bbox 103 4210 317 4273; x_wconf 81' lang='lat' dir='ltr'><strong>abominatio·</strong></span> <span class='ocrx_word' id='word_1_459' title='bbox 334 4212 529 4273; x_wconf 90' lang='lat' dir='ltr'><strong>animalium</strong></span> <span class='ocrx_word' id='word_1_460' title='bbox 542 4213 683 4287; x_wconf 71' lang='lat' dir='ltr'><strong>diuitum</strong></span> <span class='ocrx_word' id='word_1_461' title='bbox 700 4213 733 4274; x_wconf 91' lang='lat' dir='ltr'><strong>et</strong></span> <span class='ocrx_word' id='word_1_462' title='bbox 755 4212 874 4275; x_wconf 87' lang='lat' dir='ltr'><strong>merito</strong></span> <span class='ocrx_word' id='word_1_463' title='bbox 891 4233 898 4271; x_wconf 92' lang='lat'><strong>:</strong></span> <span class='ocrx_word' id='word_1_464' title='bbox 995 4216 1094 4289; x_wconf 86' lang='lat' dir='ltr'><strong>Nota,</strong></span> <span class='ocrx_word' id='word_1_465' title='bbox 1110 4230 1209 4293; x_wconf 87' lang='lat' dir='ltr'><strong>qnam</strong></span> <span class='ocrx_word' id='word_1_466' title='bbox 1223 4215 1440 4288; x_wconf 85' lang='lat' dir='ltr'><strong>detestabilis,</strong></span> <span class='ocrx_word' id='word_1_467' title='bbox 1457 4218 1491 4278; x_wconf 89' lang='lat' dir='ltr'><strong>et</strong></span> <span class='ocrx_word' id='word_1_468' title='bbox 1504 4216 1614 4277; x_wconf 89' lang='lat' dir='ltr'><strong>inanis</strong></span> <span class='ocrx_word' id='word_1_469' title='bbox 1627 4218 1678 4279; x_wconf 90' lang='lat' dir='ltr'><strong>est</strong></span> <span class='ocrx_word' id='word_1_470' title='bbox 1692 4233 1752 4277; x_wconf 91' lang='lat' dir='ltr'><strong>su·</strong></span> 
     </span>
     <span class='ocr_line' id='line_1_42' title="bbox 107 4308 1750 4391; baseline 0.005 -24"><span class='ocrx_word' id='word_1_471' title='bbox 107 4308 184 4384; x_wconf 86' lang='lat' dir='ltr'><strong>quia</strong></span> <span class='ocrx_word' id='word_1_472' title='bbox 198 4310 371 4384; x_wconf 90' lang='lat' dir='ltr'><strong>peccatum</strong></span> <span class='ocrx_word' id='word_1_473' title='bbox 399 4308 464 4369; x_wconf 92' lang='lat' dir='ltr'><strong>hoc</strong></span> <span class='ocrx_word' id='word_1_474' title='bbox 481 4310 706 4384; x_wconf 87' lang='lat' dir='ltr'><strong>jumentinum</strong></span> <span class='ocrx_word' id='word_1_475' title='bbox 730 4308 900 4370; x_wconf 87' lang='lat' dir='ltr'><strong>hominem</strong></span> <span class='ocrx_word' id='word_1_476' title='bbox 954 4311 1085 4390; x_wconf 84' lang='lat' dir='ltr'><strong>perbia3</strong></span> <span class='ocrx_word' id='word_1_477' title='bbox 1114 4312 1249 4389; x_wconf 88' lang='lat' dir='ltr'><strong>quantis</strong></span> <span class='ocrx_word' id='word_1_478' title='bbox 1272 4313 1373 4375; x_wconf 92' lang='lat' dir='ltr'><strong>etiam</strong></span> <span class='ocrx_word' id='word_1_479' title='bbox 1393 4313 1534 4375; x_wconf 87' lang='lat' dir='ltr'><strong>leriatur</strong></span> <span class='ocrx_word' id='word_1_480' title='bbox 1564 4314 1750 4391; x_wconf 88' lang='lat' dir='ltr'><strong>suppliciis.</strong></span> 
     </span>
     <span class='ocr_line' id='line_1_43' title="bbox 106 4395 1752 4489; baseline 0.006 -24"><span class='ocrx_word' id='word_1_481' title='bbox 106 4405 215 4480; x_wconf 82' lang='lat' dir='ltr'><strong>privat</strong></span> <span class='ocrx_word' id='word_1_482' title='bbox 227 4421 289 4467; x_wconf 85' lang='lat' dir='ltr'><strong>sua</strong></span> <span class='ocrx_word' id='word_1_483' title='bbox 304 4406 462 4482; x_wconf 89' lang='lat' dir='ltr'><strong>imagine,</strong></span> <span class='ocrx_word' id='word_1_484' title='bbox 475 4408 512 4468; x_wconf 91' lang='lat' dir='ltr'><strong>ut</strong></span> <span class='ocrx_word' id='word_1_485' title='bbox 523 4422 591 4467; x_wconf 89' lang='lat' dir='ltr'><strong>nou</strong></span> <span class='ocrx_word' id='word_1_486' title='bbox 602 4406 645 4468; x_wconf 90' lang='lat' dir='ltr'><strong>sit</strong></span> <span class='ocrx_word' id='word_1_487' title='bbox 655 4408 763 4478; x_wconf 90' lang='lat' dir='ltr'><strong>homo,</strong></span> <span class='ocrx_word' id='word_1_488' title='bbox 774 4406 902 4483; x_wconf 75' lang='lat' dir='ltr'><strong>sediu·</strong></span> <span class='ocrx_word' id='word_1_489' title='bbox 953 4409 1004 4470; x_wconf 79' lang='lat' dir='ltr'><strong>ad</strong></span> <span class='ocrx_word' id='word_1_490' title='bbox 1039 4395 1293 4472; x_wconf 88' lang='lat' dir='ltr'><strong>detestationem</strong></span> <span class='ocrx_word' id='word_1_491' title='bbox 1319 4409 1481 4486; x_wconf 89' lang='lat' dir='ltr'><strong>siquidem</strong></span> <span class='ocrx_word' id='word_1_492' title='bbox 1513 4411 1678 4489; x_wconf 84' lang='lat' dir='ltr'><strong>superbiae</strong></span> <span class='ocrx_word' id='word_1_493' title='bbox 1704 4414 1752 4475; x_wconf 89' lang='lat' dir='ltr'><strong>ait</strong></span> 
     </span>
     <span class='ocr_line' id='line_1_44' title="bbox 108 4502 1750 4587; baseline 0.007 -26"><span class='ocrx_word' id='word_1_494' title='bbox 108 4504 264 4565; x_wconf 85' lang='lat' dir='ltr'><strong>mentum.</strong></span> <span class='ocrx_word' id='word_1_495' title='bbox 280 4504 402 4564; x_wconf 89' lang='lat' dir='ltr'><strong>Merito</strong></span> <span class='ocrx_word' id='word_1_496' title='bbox 418 4504 520 4579; x_wconf 87' lang='lat' dir='ltr'><strong>igitur</strong></span> <span class='ocrx_word' id='word_1_497' title='bbox 529 4502 626 4564; x_wconf 90' lang='lat' dir='ltr'><strong>nobis</strong></span> <span class='ocrx_word' id='word_1_498' title='bbox 644 4503 819 4565; x_wconf 89' lang='lat' dir='ltr'><strong>celandum</strong></span> <span class='ocrx_word' id='word_1_499' title='bbox 836 4505 898 4564; x_wconf 90' lang='lat' dir='ltr'><strong>est.</strong></span> <span class='ocrx_word' id='word_1_500' title='bbox 954 4506 1209 4568; x_wconf 86' lang='lat' dir='ltr'><strong>Ecclesiasticus</strong></span> <span class='ocrx_word' id='word_1_501' title='bbox 1223 4503 1288 4584; x_wconf 88' lang='grc'>(10,</span> <span class='ocrx_word' id='word_1_502' title='bbox 1307 4505 1358 4587; x_wconf 86' lang='grc'><strong>14)</strong></span> <span class='ocrx_word' id='word_1_503' title='bbox 1372 4524 1412 4567; x_wconf 70' lang='lat' dir='ltr'><strong>:a</strong></span> <span class='ocrx_word' id='word_1_504' title='bbox 1432 4508 1567 4570; x_wconf 89' lang='lat' dir='ltr'><strong>Initium</strong></span> <span class='ocrx_word' id='word_1_505' title='bbox 1584 4511 1750 4587; x_wconf 88' lang='lat' dir='ltr'><strong>superbiae</strong></span> 
     </span>
     <span class='ocr_line' id='line_1_45' title="bbox 149 4598 1752 4680; baseline 0.006 -20"><span class='ocrx_word' id='word_1_506' title='bbox 149 4601 287 4663; x_wconf 73' lang='lat' dir='ltr'><strong>ldamtra</strong></span> <span class='ocrx_word' id='word_1_507' title='bbox 314 4601 575 4674; x_wconf 60' lang='lat' dir='ltr'><strong>sacramencum</strong></span> <span class='ocrx_word' id='word_1_508' title='bbox 598 4600 639 4661; x_wconf 91' lang='lat' dir='ltr'><strong>de</strong></span> <span class='ocrx_word' id='word_1_509' title='bbox 667 4616 732 4677; x_wconf 90' lang='lat' dir='ltr'><strong>qua</strong></span> <span class='ocrx_word' id='word_1_510' title='bbox 752 4599 902 4662; x_wconf 88' lang='lat' dir='ltr'><strong>illustra·</strong></span> <span class='ocrx_word' id='word_1_511' title='bbox 954 4598 1112 4673; x_wconf 87' lang='lat' dir='ltr'><strong>hominis,</strong></span> <span class='ocrx_word' id='word_1_512' title='bbox 1144 4603 1334 4680; x_wconf 87' lang='lat' dir='ltr'><strong>apostatare</strong></span> <span class='ocrx_word' id='word_1_513' title='bbox 1360 4620 1380 4666; x_wconf 89' lang='lat' dir='ltr'><strong>a</strong></span> <span class='ocrx_word' id='word_1_514' title='bbox 1407 4605 1476 4667; x_wconf 90' lang='lat' dir='ltr'><strong>Deo</strong></span> <span class='ocrx_word' id='word_1_515' title='bbox 1502 4623 1531 4667; x_wconf 69' lang='lat' dir='ltr'><strong>a.</strong></span> <span class='ocrx_word' id='word_1_516' title='bbox 1559 4609 1633 4670; x_wconf 94' lang='lat' dir='ltr'><strong>Non</strong></span> <span class='ocrx_word' id='word_1_517' title='bbox 1662 4610 1752 4669; x_wconf 90' lang='lat' dir='ltr'><strong>enlm</strong></span> 
     </span>
     <span class='ocr_line' id='line_1_46' title="bbox 106 4694 1752 4778; baseline 0.006 -21"><span class='ocrx_word' id='word_1_518' title='bbox 106 4694 207 4764; x_wconf 85' lang='lat' dir='ltr'><strong>tione.</strong></span> <span class='ocrx_word' id='word_1_519' title='bbox 224 4697 410 4759; x_wconf 85' lang='lat' dir='ltr'><strong>Ezechielis</strong></span> <span class='ocrx_word' id='word_1_520' title='bbox 423 4695 488 4776; x_wconf 86' lang='lat' dir='ltr'><strong>(ld,</strong></span> <span class='ocrx_word' id='word_1_521' title='bbox 505 4699 540 4758; x_wconf 89' lang='lat'><strong>11</strong></span> <span class='ocrx_word' id='word_1_522' title='bbox 556 4700 590 4760; x_wconf 94' lang='lat' dir='ltr'><strong>et</strong></span> <span class='ocrx_word' id='word_1_523' title='bbox 609 4697 661 4776; x_wconf 80' lang='grc'><strong>12)</strong></span> <span class='ocrx_word' id='word_1_524' title='bbox 679 4717 688 4758; x_wconf 75' lang='lat' dir='ltr'><strong>s</strong></span> <span class='ocrx_word' id='word_1_525' title='bbox 703 4715 722 4758; x_wconf 73' lang='lat' dir='ltr'><strong>a</strong></span> <span class='ocrx_word' id='word_1_526' title='bbox 735 4698 817 4759; x_wconf 89' lang='lat' dir='ltr'><strong>Dedi</strong></span> <span class='ocrx_word' id='word_1_527' title='bbox 830 4700 901 4759; x_wconf 90' lang='lat' dir='ltr'><strong>tor·</strong></span> <span class='ocrx_word' id='word_1_528' title='bbox 955 4704 1063 4778; x_wconf 85' lang='lat' dir='ltr'><strong>major</strong></span> <span class='ocrx_word' id='word_1_529' title='bbox 1073 4700 1254 4777; x_wconf 85' lang='lat' dir='ltr'><strong>apostasia,</strong></span> <span class='ocrx_word' id='word_1_530' title='bbox 1262 4717 1361 4778; x_wconf 89' lang='lat' dir='ltr'><strong>quam</strong></span> <span class='ocrx_word' id='word_1_531' title='bbox 1372 4704 1559 4765; x_wconf 88' lang='lat' dir='ltr'><strong>creaturam</strong></span> <span class='ocrx_word' id='word_1_532' title='bbox 1571 4721 1590 4767; x_wconf 88' lang='lat' dir='ltr'><strong>a</strong></span> <span class='ocrx_word' id='word_1_533' title='bbox 1601 4707 1752 4767; x_wconf 89' lang='lat' dir='ltr'><strong>creatore</strong></span> 
     </span>
     <span class='ocr_line' id='line_1_47' title="bbox 105 4793 1749 4881; baseline 0.007 -29"><span class='ocrx_word' id='word_1_534' title='bbox 105 4808 205 4869; x_wconf 82' lang='lat' dir='ltr'><strong>quem</strong></span> <span class='ocrx_word' id='word_1_535' title='bbox 233 4795 326 4857; x_wconf 86' lang='lat' dir='ltr'><strong>circa</strong></span> <span class='ocrx_word' id='word_1_536' title='bbox 352 4794 475 4856; x_wconf 91' lang='lat' dir='ltr'><strong>collum</strong></span> <span class='ocrx_word' id='word_1_537' title='bbox 499 4796 613 4867; x_wconf 86' lang='lat' dir='ltr'><strong>tuum,</strong></span> <span class='ocrx_word' id='word_1_538' title='bbox 636 4797 669 4856; x_wconf 91' lang='lat' dir='ltr'><strong>et</strong></span> <span class='ocrx_word' id='word_1_539' title='bbox 691 4795 828 4856; x_wconf 88' lang='lat' dir='ltr'><strong>inaures</strong></span> <span class='ocrx_word' id='word_1_540' title='bbox 851 4793 899 4874; x_wconf 87' lang='grc'><strong>(5)</strong></span> <span class='ocrx_word' id='word_1_541' title='bbox 953 4797 1123 4859; x_wconf 83' lang='lat' dir='ltr'><strong>recedere</strong></span> <span class='ocrx_word' id='word_1_542' title='bbox 1152 4797 1246 4860; x_wconf 90' lang='lat' dir='ltr'><strong>Unde</strong></span> <span class='ocrx_word' id='word_1_543' title='bbox 1266 4800 1473 4875; x_wconf 81' lang='lat' dir='ltr'><strong>Augustinus</strong></span> <span class='ocrx_word' id='word_1_544' title='bbox 1488 4799 1550 4881; x_wconf 87' lang='lat'><strong>(9).</strong></span> <span class='ocrx_word' id='word_1_545' title='bbox 1574 4803 1749 4879; x_wconf 86' lang='lat' dir='ltr'><strong>Superbia,</strong></span> 
     </span>
    </p>
   </div>
   <div class='ocr_carea' id='block_1_3' title="bbox 1032 3866 1668 3942">
    <p class='ocr_par' dir='ltr' id='par_1_3' title="bbox 1032 3866 1668 3942">
     <span class='ocr_line' id='line_1_48' title="bbox 1032 3866 1668 3942; baseline 0.002 -18"><span class='ocrx_word' id='word_1_546' title='bbox 1032 3868 1075 3924; x_wconf 87' lang='lat' dir='ltr'><strong>De</strong></span> <span class='ocrx_word' id='word_1_547' title='bbox 1093 3866 1237 3940; x_wconf 88' lang='lat' dir='ltr'><strong>superbia,</strong></span> <span class='ocrx_word' id='word_1_548' title='bbox 1256 3876 1285 3926; x_wconf 89' lang='lat' dir='ltr'><strong>et</strong></span> <span class='ocrx_word' id='word_1_549' title='bbox 1303 3869 1451 3942; x_wconf 88' lang='lat' dir='ltr'><strong>suppliciis</strong></span> <span class='ocrx_word' id='word_1_550' title='bbox 1470 3869 1668 3942; x_wconf 82' lang='lat' dir='ltr'><strong>superborum.</strong></span> 
     </span>
    </p>
   </div>
   <div class='ocr_carea' id='block_1_4' title="bbox 104 4940 1750 5649">
    <p class='ocr_par' dir='ltr' id='par_1_4' title="bbox 147 4940 1750 5305">
     <span class='ocr_line' id='line_1_49' title="bbox 147 4940 1750 5025; baseline 0.005 -26"><span class='ocrx_word' id='word_1_551' title='bbox 147 4940 170 5011; x_wconf 92' lang='grc'><strong>(1</strong></span> <span class='ocrx_word' id='word_1_552' title='bbox 198 4942 285 5017; x_wconf 82' lang='lat' dir='ltr'><strong>Vulg.</strong></span> <span class='ocrx_word' id='word_1_553' title='bbox 295 4943 452 5025; x_wconf 48' lang='lat' dir='ltr'><strong>accipias„</strong></span> <span class='ocrx_word' id='word_1_554' title='bbox 934 4962 939 4969; x_wconf 79' lang='grc'><strong>’</strong></span> <span class='ocrx_word' id='word_1_555' title='bbox 954 4952 1097 5018; x_wconf 81' lang='lat' dir='ltr'><strong>ponantur</strong></span> <span class='ocrx_word' id='word_1_556' title='bbox 1110 4946 1137 5003; x_wconf 91' lang='lat' dir='ltr'><strong>in</strong></span> <span class='ocrx_word' id='word_1_557' title='bbox 1151 4946 1286 5004; x_wconf 87' lang='lat' dir='ltr'><strong>naribus:</strong></span> <span class='ocrx_word' id='word_1_558' title='bbox 1307 4962 1371 5019; x_wconf 83' lang='lat' dir='ltr'><strong>quoe</strong></span> <span class='ocrx_word' id='word_1_559' title='bbox 1384 4963 1420 5005; x_wconf 86' lang='lat' dir='ltr'><strong>ex</strong></span> <span class='ocrx_word' id='word_1_560' title='bbox 1432 4963 1468 5006; x_wconf 88' lang='lat' dir='ltr'><strong>eo</strong></span> <span class='ocrx_word' id='word_1_561' title='bbox 1490 4947 1566 5021; x_wconf 86' lang='lat' dir='ltr'><strong>quod</strong></span> <span class='ocrx_word' id='word_1_562' title='bbox 1580 4948 1616 5005; x_wconf 91' lang='lat' dir='ltr'><strong>de</strong></span> <span class='ocrx_word' id='word_1_563' title='bbox 1635 4949 1750 5008; x_wconf 85' lang='lat' dir='ltr'><strong>auribus</strong></span> 
     </span>
     <span class='ocr_line' id='line_1_50' title="bbox 147 5013 1749 5091; baseline 0.006 -22"><span class='ocrx_word' id='word_1_564' title='bbox 147 5014 175 5080; x_wconf 80' lang='grc'><strong>(1</strong></span> <span class='ocrx_word' id='word_1_565' title='bbox 195 5014 249 5073; x_wconf 85' lang='lat' dir='ltr'><strong>Vul</strong></span> <span class='ocrx_word' id='word_1_566' title='bbox 274 5013 431 5085; x_wconf 76' lang='lat' dir='ltr'><strong>,pudicatie</strong></span> <span class='ocrx_word' id='word_1_567' title='bbox 444 5013 633 5087; x_wconf 81' lang='lat' dir='ltr'><strong>iniquitatem.</strong></span> <span class='ocrx_word' id='word_1_568' title='bbox 954 5016 1108 5089; x_wconf 88' lang='lat' dir='ltr'><strong>pendeant,</strong></span> <span class='ocrx_word' id='word_1_569' title='bbox 1136 5018 1252 5075; x_wconf 83' lang='lat' dir='ltr'><strong>inaures</strong></span> <span class='ocrx_word' id='word_1_570' title='bbox 1271 5026 1390 5075; x_wconf 85' lang='lat' dir='ltr'><strong>vocatur</strong></span> <span class='ocrx_word' id='word_1_571' title='bbox 1406 5035 1413 5076; x_wconf 95' lang='lat'><strong>:</strong></span> <span class='ocrx_word' id='word_1_572' title='bbox 1427 5017 1478 5077; x_wconf 87' lang='lat' dir='ltr'><strong>sed</strong></span> <span class='ocrx_word' id='word_1_573' title='bbox 1506 5034 1563 5091; x_wconf 89' lang='lat' dir='ltr'><strong>quo</strong></span> <span class='ocrx_word' id='word_1_574' title='bbox 1580 5020 1703 5078; x_wconf 87' lang='lat' dir='ltr'><strong>circulus</strong></span> <span class='ocrx_word' id='word_1_575' title='bbox 1721 5022 1749 5078; x_wconf 94' lang='lat' dir='ltr'><strong>in</strong></span> 
     </span>
     <span class='ocr_line' id='line_1_51' title="bbox 158 5029 1749 5169; baseline 0.005 -28"><span class='ocrx_word' id='word_1_576' title='bbox 158 5083 173 5140; x_wconf 77' lang='grc'><strong>1</strong></span> <span class='ocrx_word' id='word_1_577' title='bbox 199 5029 276 5142; x_wconf 62' lang='grc' dir='ltr'><strong>Ρειιῗ.</strong></span> <span class='ocrx_word' id='word_1_578' title='bbox 296 5085 387 5169; x_wconf 49' lang='lat' dir='ltr'><strong>illst.</strong></span> <span class='ocrx_word' id='word_1_579' title='bbox 954 5087 1169 5144; x_wconf 87' lang='lat' dir='ltr'><strong>similitudinem</strong></span> <span class='ocrx_word' id='word_1_580' title='bbox 1198 5087 1289 5145; x_wconf 84' lang='lat' dir='ltr'><strong>lactus</strong></span> <span class='ocrx_word' id='word_1_581' title='bbox 1316 5089 1469 5157; x_wconf 86' lang='lat' dir='ltr'><strong>inaurium,</strong></span> <span class='ocrx_word' id='word_1_582' title='bbox 1492 5089 1593 5146; x_wconf 85' lang='lat' dir='ltr'><strong>eodem</strong></span> <span class='ocrx_word' id='word_1_583' title='bbox 1609 5089 1749 5149; x_wconf 88' lang='lat' dir='ltr'><strong>vocabulo</strong></span> 
     </span>
     <span class='ocr_line' id='line_1_52' title="bbox 158 5152 1749 5230; baseline 0.005 -19"><span class='ocrx_word' id='word_1_584' title='bbox 158 5152 174 5209; x_wconf 82' lang='grc'><strong>1</strong></span> <span class='ocrx_word' id='word_1_585' title='bbox 197 5156 283 5229; x_wconf 76' lang='lat' dir='ltr'><strong>vulg.</strong></span> <span class='ocrx_word' id='word_1_586' title='bbox 299 5154 450 5213; x_wconf 81' lang='lat' dir='ltr'><strong>lodmsem.</strong></span> <span class='ocrx_word' id='word_1_587' title='bbox 954 5165 1150 5230; x_wconf 86' lang='lat' dir='ltr'><strong>nuncupetur:</strong></span> <span class='ocrx_word' id='word_1_588' title='bbox 1162 5165 1191 5214; x_wconf 89' lang='lat' dir='ltr'><strong>et</strong></span> <span class='ocrx_word' id='word_1_589' title='bbox 1202 5156 1749 5230; x_wconf 81' lang='lat' dir='ltr'><strong>usquebooteimereetereomumenu</strong></span> 
     </span>
     <span class='ocr_line' id='line_1_53' title="bbox 196 5223 1750 5305; baseline 0.004 -22"><span class='ocrx_word' id='word_1_590' title='bbox 196 5226 277 5283; x_wconf 81' lang='lat' dir='ltr'><strong>Vere.</strong></span> <span class='ocrx_word' id='word_1_591' title='bbox 293 5228 357 5300; x_wconf 80' lang='lat' dir='ltr'><strong>Syr.</strong></span> <span class='ocrx_word' id='word_1_592' title='bbox 370 5223 508 5294; x_wconf 68' lang='lat' dir='ltr'><strong>marah,</strong></span> <span class='ocrx_word' id='word_1_593' title='bbox 523 5225 610 5299; x_wconf 82' lang='lat' dir='ltr'><strong>Vulg.</strong></span> <span class='ocrx_word' id='word_1_594' title='bbox 626 5226 767 5284; x_wconf 85' lang='lat' dir='ltr'><strong>inaurem.</strong></span> <span class='ocrx_word' id='word_1_595' title='bbox 954 5228 1116 5298; x_wconf 84' lang='lat' dir='ltr'><strong>mulierum,</strong></span> <span class='ocrx_word' id='word_1_596' title='bbox 1127 5229 1221 5285; x_wconf 88' lang='lat' dir='ltr'><strong>solent</strong></span> <span class='ocrx_word' id='word_1_597' title='bbox 1235 5228 1314 5285; x_wconf 89' lang='lat' dir='ltr'><strong>aurel</strong></span> <span class='ocrx_word' id='word_1_598' title='bbox 1328 5229 1425 5286; x_wconf 88' lang='lat' dir='ltr'><strong>circuli</strong></span> <span class='ocrx_word' id='word_1_599' title='bbox 1440 5230 1469 5286; x_wconf 94' lang='lat' dir='ltr'><strong>in</strong></span> <span class='ocrx_word' id='word_1_600' title='bbox 1482 5245 1516 5288; x_wconf 87' lang='lat' dir='ltr'><strong>os</strong></span> <span class='ocrx_word' id='word_1_601' title='bbox 1530 5245 1566 5286; x_wconf 83' lang='lat' dir='ltr'><strong>ex</strong></span> <span class='ocrx_word' id='word_1_602' title='bbox 1578 5229 1670 5289; x_wconf 88' lang='lat' dir='ltr'><strong>lmnte</strong></span> <span class='ocrx_word' id='word_1_603' title='bbox 1683 5247 1750 5305; x_wconf 88' lang='lat' dir='ltr'><strong>pen·</strong></span> 
     </span>
    </p>

    <p class='ocr_par' dir='ltr' id='par_1_5' title="bbox 119 5293 1416 5380">
     <span class='ocr_line' id='line_1_54' title="bbox 119 5293 1416 5380; baseline 0.005 -30"><span class='ocrx_word' id='word_1_604' title='bbox 119 5363 129 5374; x_wconf 92' lang='lat'><strong>.</strong></span> <span class='ocrx_word' id='word_1_605' title='bbox 159 5293 175 5349; x_wconf 82' lang='lat' dir='ltr'><strong>t</strong></span> <span class='ocrx_word' id='word_1_606' title='bbox 199 5296 244 5352; x_wconf 78' lang='lat' dir='ltr'><strong>Ad</strong></span> <span class='ocrx_word' id='word_1_607' title='bbox 275 5298 402 5369; x_wconf 67' lang='lat' dir='ltr'><strong>{romam</strong></span> <span class='ocrx_word' id='word_1_608' title='bbox 423 5297 565 5367; x_wconf 80' lang='lat' dir='ltr'><strong>mulieris,</strong></span> <span class='ocrx_word' id='word_1_609' title='bbox 580 5300 632 5354; x_wconf 78' lang='lat' dir='ltr'><strong>etc.</strong></span> <span class='ocrx_word' id='word_1_610' title='bbox 661 5298 690 5355; x_wconf 85' lang='lat' dir='ltr'><strong>S.</strong></span> <span class='ocrx_word' id='word_1_611' title='bbox 709 5298 901 5380; x_wconf 76' lang='lat' dir='ltr'><strong>Hieronymus</strong></span> <span class='ocrx_word' id='word_1_612' title='bbox 954 5298 1033 5367; x_wconf 83' lang='lat' dir='ltr'><strong>dere,</strong></span> <span class='ocrx_word' id='word_1_613' title='bbox 1046 5306 1075 5355; x_wconf 91' lang='lat' dir='ltr'><strong>et</strong></span> <span class='ocrx_word' id='word_1_614' title='bbox 1089 5299 1240 5355; x_wconf 85' lang='lat' dir='ltr'><strong>imminere</strong></span> <span class='ocrx_word' id='word_1_615' title='bbox 1249 5297 1375 5356; x_wconf 86' lang='lat' dir='ltr'><strong>naribus.</strong></span> <span class='ocrx_word' id='word_1_616' title='bbox 1414 5326 1416 5330; x_wconf 94' lang='lat'>·</span> 
     </span>
    </p>

    <p class='ocr_par' dir='ltr' id='par_1_6' title="bbox 104 5360 1208 5439">
     <span class='ocr_line' id='line_1_55' title="bbox 104 5360 1208 5439; baseline 0.007 -22"><span class='ocrx_word' id='word_1_617' title='bbox 104 5360 162 5418; x_wconf 78' lang='lat' dir='ltr'><strong>lib.</strong></span> <span class='ocrx_word' id='word_1_618' title='bbox 172 5365 372 5424; x_wconf 82' lang='lat' dir='ltr'><strong>lVComrnent.</strong></span> <span class='ocrx_word' id='word_1_619' title='bbox 385 5367 415 5424; x_wconf 90' lang='lat' dir='ltr'><strong>in</strong></span> <span class='ocrx_word' id='word_1_620' title='bbox 423 5366 526 5425; x_wconf 86' lang='lat' dir='ltr'><strong>Ezech.</strong></span> <span class='ocrx_word' id='word_1_621' title='bbox 535 5381 599 5439; x_wconf 89' lang='lat' dir='ltr'><strong>cap.</strong></span> <span class='ocrx_word' id='word_1_622' title='bbox 611 5368 653 5435; x_wconf 87' lang='lat' dir='ltr'><strong>ld,</strong></span> <span class='ocrx_word' id='word_1_623' title='bbox 661 5367 808 5439; x_wconf 80' lang='lat' dir='ltr'><strong>explicans</strong></span> <span class='ocrx_word' id='word_1_624' title='bbox 819 5365 898 5424; x_wconf 81' lang='lat' dir='ltr'><strong>illud:</strong></span> <span class='ocrx_word' id='word_1_625' title='bbox 1004 5368 1032 5435; x_wconf 89' lang='lat'><strong>7)</strong></span> <span class='ocrx_word' id='word_1_626' title='bbox 1047 5368 1108 5426; x_wconf 87' lang='lat' dir='ltr'><strong>Gal.</strong></span> <span class='ocrx_word' id='word_1_627' title='bbox 1119 5368 1146 5436; x_wconf 85' lang='grc'><strong>6,</strong></span> <span class='ocrx_word' id='word_1_628' title='bbox 1165 5368 1208 5425; x_wconf 83' lang='grc'><strong>11.</strong></span> 
     </span>
    </p>

    <p class='ocr_par' dir='ltr' id='par_1_7' title="bbox 107 5434 1604 5511">
     <span class='ocr_line' id='line_1_56' title="bbox 107 5434 1604 5511; baseline 0.007 -22"><span class='ocrx_word' id='word_1_629' title='bbox 107 5434 154 5489; x_wconf 76' lang='lat' dir='ltr'><strong>Et</strong></span> <span class='ocrx_word' id='word_1_630' title='bbox 168 5435 225 5491; x_wconf 82' lang='lat' dir='ltr'><strong>dedi</strong></span> <span class='ocrx_word' id='word_1_631' title='bbox 249 5438 381 5493; x_wconf 78' lang='lat' dir='ltr'><strong>inaurem</strong></span> <span class='ocrx_word' id='word_1_632' title='bbox 402 5451 529 5508; x_wconf 72' lang='lat' dir='ltr'><strong>mperes</strong></span> <span class='ocrx_word' id='word_1_633' title='bbox 552 5441 643 5506; x_wconf 71' lang='lat' dir='ltr'><strong>titum,</strong></span> <span class='ocrx_word' id='word_1_634' title='bbox 665 5438 728 5495; x_wconf 86' lang='lat' dir='ltr'><strong>sivo</strong></span> <span class='ocrx_word' id='word_1_635' title='bbox 747 5444 777 5494; x_wconf 91' lang='lat' dir='ltr'><strong>ut</strong></span> <span class='ocrx_word' id='word_1_636' title='bbox 801 5438 901 5510; x_wconf 83' lang='lat' dir='ltr'><strong>legunt</strong></span> <span class='ocrx_word' id='word_1_637' title='bbox 1003 5440 1032 5510; x_wconf 84' lang='lat'><strong>8)</strong></span> <span class='ocrx_word' id='word_1_638' title='bbox 1049 5439 1133 5511; x_wconf 84' lang='lat' dir='ltr'><strong>vulg.</strong></span> <span class='ocrx_word' id='word_1_639' title='bbox 1145 5438 1407 5511; x_wconf 87' lang='lat' dir='ltr'><strong>linguamnequam</strong></span> <span class='ocrx_word' id='word_1_640' title='bbox 1422 5440 1480 5497; x_wconf 90' lang='lat' dir='ltr'><strong>noli</strong></span> <span class='ocrx_word' id='word_1_641' title='bbox 1495 5441 1604 5500; x_wconf 87' lang='lat' dir='ltr'><strong>audire.</strong></span> 
     </span>
    </p>

    <p class='ocr_par' dir='ltr' id='par_1_8' title="bbox 107 5501 1442 5587">
     <span class='ocr_line' id='line_1_57' title="bbox 107 5501 1442 5587; baseline 0.007 -28"><span class='ocrx_word' id='word_1_642' title='bbox 107 5501 196 5573; x_wconf 67' lang='lat' dir='ltr'><strong>Lxx,</strong></span> <span class='ocrx_word' id='word_1_643' title='bbox 210 5520 295 5587; x_wconf 70' lang='lat' dir='ltr'><strong>auree</strong></span> <span class='ocrx_word' id='word_1_644' title='bbox 308 5514 383 5575; x_wconf 86' lang='lat' dir='ltr'><strong>tuae,</strong></span> <span class='ocrx_word' id='word_1_645' title='bbox 395 5507 451 5565; x_wconf 86' lang='lat' dir='ltr'><strong>ait:</strong></span> <span class='ocrx_word' id='word_1_646' title='bbox 467 5507 616 5566; x_wconf 81' lang='lat' dir='ltr'><strong>«Verbum</strong></span> <span class='ocrx_word' id='word_1_647' title='bbox 624 5507 808 5577; x_wconf 72' lang='lat' dir='ltr'><strong>hebraicum,</strong></span> <span class='ocrx_word' id='word_1_648' title='bbox 819 5507 899 5575; x_wconf 77' lang='lat' dir='ltr'><strong>mest,</strong></span> <span class='ocrx_word' id='word_1_649' title='bbox 993 5509 1036 5576; x_wconf 79' lang='lat'><strong>(9)</strong></span> <span class='ocrx_word' id='word_1_650' title='bbox 1053 5511 1138 5565; x_wconf 86' lang='lat' dir='ltr'><strong>Enar.</strong></span> <span class='ocrx_word' id='word_1_651' title='bbox 1155 5510 1166 5564; x_wconf 95' lang='lat' dir='ltr'><strong>l</strong></span> <span class='ocrx_word' id='word_1_652' title='bbox 1182 5508 1211 5565; x_wconf 92' lang='lat' dir='ltr'><strong>iu</strong></span> <span class='ocrx_word' id='word_1_653' title='bbox 1227 5511 1282 5566; x_wconf 79' lang='lat' dir='ltr'><strong>Pe.</strong></span> <span class='ocrx_word' id='word_1_654' title='bbox 1292 5510 1335 5580; x_wconf 87' lang='grc'><strong>18,</strong></span> <span class='ocrx_word' id='word_1_655' title='bbox 1352 5523 1380 5567; x_wconf 88' lang='lat' dir='ltr'><strong>n.</strong></span> <span class='ocrx_word' id='word_1_656' title='bbox 1400 5510 1442 5568; x_wconf 83' lang='lat' dir='ltr'><strong>ll.</strong></span> 
     </span>
    </p>

    <p class='ocr_par' dir='ltr' id='par_1_9' title="bbox 105 5577 900 5649">
     <span class='ocr_line' id='line_1_58' title="bbox 105 5577 900 5649; baseline 0.006 -21"><span class='ocrx_word' id='word_1_657' title='bbox 105 5587 211 5632; x_wconf 83' lang='lat' dir='ltr'><strong>omnes</strong></span> <span class='ocrx_word' id='word_1_658' title='bbox 224 5591 352 5634; x_wconf 81' lang='lat' dir='ltr'><strong>inaurem</strong></span> <span class='ocrx_word' id='word_1_659' title='bbox 377 5577 671 5635; x_wconf 76' lang='lat' dir='ltr'><strong>transtuleruu12uon</strong></span> <span class='ocrx_word' id='word_1_660' title='bbox 697 5592 755 5649; x_wconf 90' lang='lat' dir='ltr'><strong>quo</strong></span> <span class='ocrx_word' id='word_1_661' title='bbox 784 5578 900 5635; x_wconf 82' lang='lat' dir='ltr'><strong>inaures</strong></span> 
     </span>
    </p>
   </div>
   <div class='ocr_carea' id='block_1_5' title="bbox 251 5702 1705 5767">
    <p class='ocr_par' dir='ltr' id='par_1_10' title="bbox 251 5702 1705 5767">
     <span class='ocr_line' id='line_1_59' title="bbox 251 5702 1705 5767; baseline -0.005 -12"><span class='ocrx_word' id='word_1_662' title='bbox 251 5714 365 5761; x_wconf 74' lang='lat' dir='ltr'><strong>saraca.</strong></span> <span class='ocrx_word' id='word_1_663' title='bbox 384 5715 459 5762; x_wconf 76' lang='lat' dir='ltr'><strong>tous</strong></span> <span class='ocrx_word' id='word_1_664' title='bbox 478 5702 525 5761; x_wconf 84' lang='lat' dir='ltr'><strong>Vl.</strong></span> <span class='ocrx_word' id='word_1_665' title='bbox 1539 5710 1574 5767; x_wconf 61' lang='grc' dir='ltr'>ῃ</span> <span class='ocrx_word' id='word_1_666' title='bbox 1701 5738 1705 5748; x_wconf 86' lang='grc'>.</span> 
     </span>
    </p>
   </div>
   <div class='ocr_carea' id='block_1_6' title="bbox 0 0 1984 6196">
    <p class='ocr_par' dir='ltr' id='par_1_11' title="bbox 0 0 1984 6196">
     <span class='ocr_line' id='line_1_60' title="bbox 0 0 1984 6196; baseline 0 0"><span class='ocrx_word' id='word_1_667' title='bbox 0 0 1984 6196; x_wconf 95' lang='lat' dir='ltr'><strong> </strong></span> 
     </span>
    </p>
   </div>
  </div>
 </body>
</html>
