3950 6200
229 251 395 312 995*

491 413 629 477 sealde
643 415 766 477 CLXII.

231 545 272 602 De
292 543 394 617 triplici
417 543 611 602 misericordia
639 545 700 614 Del,
729 553 758 604 ei
781 545 882 619 triplici
906 547 1026 604 veritate

347 631 482 700 hominis,
496 640 525 689 θῖ
539 631 574 690 de
588 632 789 706 conjunctione
801 649 911 694 aarum.

229 760 483 828 Misericordia,
501 759 534 820 ei
557 760 691 820 veritos
704 763 931 823 odowverunt
941 764 1026 823 sibi:

238 856 856 956 justitio,cipoeroscuioioesunI(Ps.
868 860 919 928 84,
937 857 1002 935 11).

268 997 326 1061 Est
339 997 429 1059 enim
442 997 673 1060 misericordia
701 1000 833 1062 Domini
862 999 986 1078 triplex
1016 1021 1024 1059 ι

227 1095 420 1175 purificans,
433 1095 651 1172 locupletans,
669 1096 843 1170 delicians,
854 1098 907 1159 vel
920 1097 1027 1159 deleo-

226 1195 313 1260 lans.
340 1192 573 1254 Misericordia
598 1194 799 1270 purificans3
825 1195 911 1256 unde
929 1194 1025 1258 Isaiae

227 1288 273 1370 (1,
290 1288 342 1369 18)
357 1313 365 1354 :
382 1307 401 1350 ‹
416 1290 452 1351 Si
467 1289 592 1353 luerint
613 1294 749 1368 peccata
764 1293 877 1355 vestra
895 1293 931 1354 ut
945 1307 1026 1354 coc-

227 1388 353 1458 cinum,
366 1389 462 1466 quasi
483 1389 544 1449 nix
555 1388 798 1452 dealbabuntur
815 1407 845 1451 a.
857 1389 1025 1467 Locuple-

226 1487 304 1548 tans
319 1484 546 1562 spiritualium
571 1486 832 1561 charismatum
849 1486 938 1549 unde
958 1489 1024 1550 Sa-

227 1582 364 1660 pientiae
379 1581 424 1660 (8,
453 1580 484 1661 1)
504 1603 512 1643 :
531 1583 706 1661 «attingit
725 1601 744 1646 a
761 1585 826 1646 tine
852 1600 957 1661 usque
982 1582 1025 1645 ad

227 1680 329 1744 tinem
341 1678 482 1753 sortiter,
497 1682 530 1743 al
544 1680 690 1759 disponit
704 1682 817 1744 omnia
831 1683 1023 1754 suaviter»;

226 1777 389 1854 attingite
404 1777 481 1850 ane,
498 1777 585 1840 idest
600 1795 620 1841 a
636 1780 779 1841 termino
794 1778 1025 1841 conversionis

227 1875 385 1953 usquead
400 1875 579 1937 terminum
593 1876 719 1939 ultimae
728 1875 954 1939 resolutionis.
969 1876 1027 1937 Est

227 1972 459 2034 misericordia
495 1973 627 2036 Domini
662 1974 824 2036 delicians
856 1973 1025 2036 hominem

226 2069 323 2130 bonis
333 2068 511 2146 operibus;
528 2071 724 2132 undelsaiae
738 2069 865 2151 (3218)
881 2071 1027 2132 :asede-

227 2166 276 2228 bit
288 2167 430 2243 populus
445 2183 538 2229 meus
554 2168 588 2229 in
608 2167 857 2244 pulchritudine
878 2169 982 2246 pacis,
994 2169 1026 2231 et

226 2265 262 2326 in
275 2263 499 2326 tabernaculis
513 2264 654 2337 dduciae,
671 2267 705 2328 et
715 2265 750 2326 in
761 2266 877 2343 requie
891 2266 1028 2343 opulen-

226 2363 272 2423 ta.
286 2362 373 2423 »isti
385 2361 510 2439 triplici
521 2361 760 2425 misericordiae
772 2363 905 2425 Domini
914 2362 1026 2425 obviat

228 2459 352 2535 triplex
379 2460 504 2521 veritas
530 2459 686 2522 hominis.
708 2462 766 2522 Est
790 2462 879 2522 enim
900 2461 1025 2523 veriias

227 2555 461 2629 confessionis,
483 2557 537 2619 cui
559 2557 672 2620 obviat
687 2558 916 2620 misericordia
930 2557 1026 2634 puri-

228 2651 349 2726 tloans;
367 2651 454 2713 unda
470 2673 478 2712 ε
500 2653 635 2715 Veritas
650 2656 692 2715 de
710 2654 809 2715 terra
822 2655 902 2715 oria
917 2653 979 2727 est,
991 2654 1025 2714 ei

220 2749 363 2821 justitio
377 2752 418 2809 da
427 2753 509 2811 cocio
520 2752 713 2825 prespexit.
727 2751 785 2811 Est
797 2749 920 2812 veritas
934 2750 1023 2819 ddei,

228 2844 283 2906 cui
310 2842 422 2905 obviat
446 2844 677 2905 misericordia
701 2845 834 2907 Domini
873 2847 1026 2924 locuple-

226 2940 329 3003 tantis
344 2941 453 3016 ipsum
468 2940 636 3004 hominem
651 2941 747 3004 honis
762 2942 932 3020 operibus,
949 2960 1023 3021 quae

227 3038 348 3103 debent
358 3037 482 3101 hahere
495 3036 744 3101 tundamentum
756 3038 843 3102 fidei.
857 3043 938 3104 Item
953 3041 1024 3105 ter-

226 3139 272 3200 tia
289 3138 339 3198 θεῖ
354 3136 479 3199 veritas
491 3153 639 3212 operum,
655 3138 873 3214 quandovero
887 3138 1021 3212 suerint,

228 3236 358 3297 scilicet
370 3235 507 3311 propter
520 3236 636 3306 Deum,
653 3235 772 3311 quibus
788 3235 935 3297 occurrit
954 3238 1022 3298 mi·

226 3332 411 3397 sericordia
439 3332 615 3407 delicians,
640 3333 711 3394 siva
737 3333 917 3408 delectans,
944 3336 1023 3411 quia

225 3430 334 3492 tertiae
354 3428 498 3501 varilati,
516 3446 590 3507 quae
615 3430 652 3490 ut
674 3431 809 3509 propter
828 3433 933 3492 Deum
944 3432 1023 3493 talis

226 3527 394 3604 operibus,
434 3527 633 3603 rependetur
673 3527 850 3591 delectatio
882 3531 1021 3591 aeterna.

226 3624 286 3686 Vel
301 3625 400 3687 aliter
414 3645 421 3684 :
437 3627 693 3698 Misericordia,
709 3626 742 3687 ei
757 3627 890 3688 coritas
905 3629 1024 3688 odoia·

224 3724 351 3785 vorarit
373 3725 449 3783 aidi.
469 3723 528 3783 Est
551 3721 782 3783 misericordia
806 3722 951 3784 hominis
980 3723 1021 3784 ad

226 3819 440 3895 parcendum,
475 3819 601 3880 veritas
625 3818 666 3879 ad
700 3819 885 3881 feriendum
914 3820 1020 3882 illum.

227 3915 291 3977 Sed
306 3915 402 3986 sicut,
419 3914 550 3992 quando
572 3915 676 3992 aliqui
696 3916 760 3978 duo
775 3932 818 3977 ex
830 3920 1022 3979 transverso

225 4013 396 4076 venientes
409 4011 547 4073 obviant
560 4011 636 4083 sibi,
653 4013 738 4075 alter
752 4029 813 4090 par
828 4015 917 4076 viam
932 4016 1022 4077 alte-

224 4111 295 4172 rins
309 4109 432 4171 incedit
453 4109 623 4170 vicissim:
642 4111 697 4171 Sic
712 4113 811 4185 Deus,
828 4112 884 4189 qui
897 4113 1023 4175 incedit

223 4200 277 4270 iia
287 4208 428 4285 iustitiae
443 4206 485 4271 ad
508 4206 694 4269 feriendum
719 4207 900 4281 hominem,
917 4210 945 4270 si
959 4210 1023 4271 ho-

222 4322 275 4367 mo
288 4304 352 4367 sibi
367 4306 484 4382 parcit,
503 4305 556 4366 via
572 4306 714 4382 iustitiae
734 4322 800 4368 non
820 4306 1019 4380 incedendo,

223 4404 383 4465 Dominus
393 4402 433 4464 de
451 4402 685 4465 misericordia
697 4417 764 4463 nou
786 4403 931 4479 ignoscit
942 4419 1022 4481 par-

223 4499 339 4561 cendo.
354 4499 418 4561 Sed
434 4500 462 4560 si
474 4499 572 4560 homo
590 4502 762 4576 peccatum
773 4516 869 4562 sirum
885 4517 1021 4576 cognos-

223 4597 279 4669 cit,
294 4611 428 4657 carnem
444 4597 613 4673 propriam
629 4595 789 4671 sariendo,
805 4600 891 4659 Dans
906 4598 1021 4674 ignos-

223 4696 269 4757 cit
283 4691 501 4755 condonando
513 4714 523 4768 i
537 4694 571 4756 et
581 4693 628 4754 ita
644 4694 886 4768 misericordia,
898 4697 1021 4759 etveri·

222 4795 274 4856 tas
287 4789 352 4853 sihi
365 4789 512 4853 obviant.

261 4890 414 4963 Just'iio,
426 4889 543 4963 clpam
554 4889 814 4951 orcuictoesrmi.
832 4890 1022 4968 Esttriplex

91 5046 98 5051 .
218 4987 369 5065 justitia,
399 4985 529 5047 scillcet
562 4986 715 5060 staterae3
750 4985 838 5049 unde
869 4988 1020 5049 Michaeas

222 5083 370 5163 (e,11el
390 5082 442 5162 12)
459 5082 665 5160 :cNumquid
690 5083 882 5158 justificabo
911 5087 1018 5146 state·

219 5198 293 5249 ram
314 5181 462 5258 impiam,
490 5181 525 5243 et
547 5181 684 5242 saccelli
712 5181 859 5257 pondera
888 5180 1016 5254 dolosa,

220 5281 256 5341 in
278 5278 397 5357 quibus
419 5278 539 5340 divites
564 5281 637 5355 ejus
658 5277 775 5355 repleti
799 5281 875 5339 sunt
890 5278 1019 5356 iniqui-

221 5381 291 5440 tate
304 5378 347 5437 t»
362 5366 461 5448 Quod¹
477 5378 539 5447 est,
559 5375 692 5452 quando
718 5375 792 5451 quis
807 5376 1019 5452 parvipendit

220 5473 356 5550 peccata
399 5471 546 5548 propria,
576 5473 609 5532 et
640 5471 778 5547 jndicat.
803 5470 927 5533 aliena.
961 5474 1020 5534 Est

217 5570 347 5647 justitia
362 5568 522 5643 puniens3
541 5566 628 5627 unde
643 5568 740 5629 isaiae
756 5566 820 5647 (28,
839 5567 891 5649 17)
907 5590 914 5629 ε
931 5571 1020 5630 «Po-

653 254 685 316 S.
712 255 886 318 ANTONII
917 252 1105 317 Pandam
1136 256 1271 318 OPERA
1302 254 1447 320 ouria

1806 257 1856 319 996

1082 414 1210 476 namin
1236 413 1383 492 pondere
1403 412 1581 491 judicium,
1597 416 1632 474 θῖ
1651 411 1810 487 justitiam
1829 416 1858 477 in

1082 504 1281 583 mensura»,
1308 515 1345 572 ut
1372 511 1501 573 scilicet
1528 512 1691 588 quantum
1716 511 1857 586 pcccatis,

1081 610 1207 670 tantum
1230 606 1427 686 puniamini.
1451 610 1508 671 Est
1517 607 1664 686 justitia,
1681 623 1755 684 quae
1768 608 1859 670 reddit

1081 707 1261 784 unicuique
1276 706 1362 783 quod
1380 722 1477 767 suum
1498 706 1561 767 θεῖ.
1585 707 1652 766 1)θο
1669 704 1758 766 anim
1771 704 1857 766 debe·

1081 820 1154 865 mus
1191 805 1362 874 honorem,
1397 805 1431 866 ei
1459 803 1612 881 proximo
1651 801 1857 874 dilectIonen,

1081 902 1215 977 peccato
1230 900 1354 974 odium,
1372 901 1494 962 mundo
1509 900 1747 976 contemptum.
1761 901 1859 971 Quan-

1080 997 1138 1058 diu
1150 1000 1272 1067 autem,
1287 1014 1354 1059 non
1368 998 1535 1060 solvamus
1548 998 1686 1074 peccato
1701 996 1859 1058 hortibu-

1080 1096 1162 1168 tum,
1178 1111 1245 1157 non
1267 1094 1411 1157 cessabit
1426 1110 1487 1156 nos
1507 1109 1649 1156 onerare
1661 1093 1785 1156 tributo
1796 1110 1859 1171 peo-

1081 1194 1242 1254 catorum.
1278 1192 1402 1254 Mundo
1437 1192 1539 1254 etiam
1574 1190 1662 1269 quod
1695 1207 1790 1252 suum
1817 1195 1859 1253 cst

1081 1291 1260 1361 solvamus,
1299 1289 1437 1351 scilicet
1454 1291 1692 1366 contemptum,
1728 1289 1859 1365 alioquin

1082 1385 1207 1448 tributa
1222 1402 1334 1448 rorum
1350 1402 1516 1449 suaruma
1530 1385 1627 1447 nohis
1640 1386 1774 1462 exiget;
1788 1385 1859 1446 uode

1079 1483 1235 1546 ieremias
1263 1482 1329 1562 (20,
1359 1482 1412 1562 15)
1439 1505 1447 1544 :
1472 1483 1712 1545 «Maledictus
1739 1483 1799 1554 vir,
1813 1482 1859 1559 qui

1079 1582 1297 1645 annunciavit
1322 1582 1410 1659 patri
1431 1597 1516 1654 meo,
1540 1582 1655 1644 dicens
1672 1603 1681 1641 ι
1696 1582 1801 1642 Natus
1819 1582 1861 1642 esi

1080 1677 1139 1738 tihi
1165 1695 1249 1756 puer
1276 1679 1445 1740 masculus
1460 1701 1467 1737 :
1484 1681 1518 1741 et
1544 1680 1641 1756 quasi
1664 1678 1788 1755 gaudio
1808 1677 1858 1738 la·

1080 1774 1220 1838 lineavit
1240 1792 1326 1838 eum.
1343 1778 1444 1838 Pater
1467 1776 1530 1838 iste
1545 1775 1688 1838 mundus
1702 1779 1765 1846 est,
1781 1777 1860 1852 cujm

1081 1889 1163 1949 puer
1185 1874 1352 1935 masculus
1375 1875 1484 1945 natus,
1508 1875 1565 1951 qui
1590 1873 1858 1944 laetificavitaun,

1082 1973 1159 2031 sunt
1171 1970 1235 2046 illi,
1247 1970 1366 2048 quibus
1381 1972 1486 2032 utitur
1496 1971 1638 2031 mundus
1650 1971 1686 2031 in
1701 1971 1799 2032 rebus
1811 1985 1860 2030 ar·

1080 2067 1166 2129 duis.
1201 2068 1352 2129 NuncIus
1379 2068 1443 2130 iste
1462 2069 1524 2136 est,
1550 2067 1717 2142 diabolus,
1748 2069 1800 2146 qui
1820 2069 1861 2128 θεῖ

1080 2165 1295 2240 maledictus3
1320 2165 1407 2228 unde
1432 2167 1466 2226 in
1483 2165 1601 2228 eodem
1624 2168 1670 2245 (v.
1695 2164 1749 2244 16)
1766 2189 1773 2225 :
1788 2183 1805 2225 ι
1821 2164 1862 2226 Sit

1080 2262 1178 2324 homo
1193 2262 1262 2333 ille,
1280 2264 1315 2324 ut
1339 2264 1502 2335 civitates,
1519 2279 1601 2341 quas
1624 2263 1788 2325 subvertit
1806 2264 1861 2323 Do·

1081 2359 1201 2432 minus,
1226 2360 1260 2422 et
1283 2375 1350 2421 non
1373 2360 1528 2437 paenituit
1548 2377 1667 2422 eum.»
1692 2363 1793 2422 Pater
1810 2360 1862 2421 iste

1079 2456 1279 2521 mundusest
1295 2479 1302 2517 :
1320 2458 1487 2519 masculus
1496 2459 1606 2526 natus,
1617 2459 1728 2519 omnis
1739 2457 1860 2518 munda·

1079 2570 1198 2616 norum
1213 2556 1353 2627 amator,
1372 2571 1437 2633 quo
1456 2555 1600 2616 mundus
1620 2556 1727 2617 ulliur
1744 2558 1780 2617 in
1798 2569 1860 2616 na·

1078 2651 1167 2728 gnis,
1180 2653 1214 2714 et
1227 2652 1342 2714 arduis
1357 2653 1587 2729 negotiismir,
1596 2653 1653 2729 qui
1670 2653 1860 2715 nativitatem

1079 2751 1272 2825 annunciat,
1296 2749 1449 2811 diabolus
1464 2752 1524 2811 est.
1538 2752 1619 2813 iure
1633 2766 1713 2825 ergo
1734 2750 1795 2822 vir,
1812 2749 1860 2826 qni

1079 2847 1263 2908 masculum
1271 2849 1385 2909 natum
1396 2847 1545 2918 nunciat,
1557 2846 1782 2921 maledicitur;
1795 2846 1860 2923 quia

1080 2943 1153 3020 ipso
1168 2947 1240 3022 ejus
1254 2945 1379 3006 nuncio
1395 2943 1572 3021 reprobum
1589 2943 1747 3020 gaudium
1768 2942 1862 3005 nostri

1078 3041 1295 3123 corruptoris,
1317 3043 1351 3105 al
1371 3041 1539 3104 exactoris
1561 3040 1674 3103 mundi
1690 3040 1860 3120 judicatur.

1324 3255 1465 3317 salillo
1488 3254 1627 3316 CLXIII.

1079 3386 1120 3443 De
1139 3384 1243 3457 triplici
1266 3385 1312 3442 via
1335 3384 1454 3455 Christi3
1469 3384 1505 3442 de
1527 3385 1630 3457 triplici
1656 3384 1771 3459 gaudio,
1796 3381 1862 3457 quod

1112 3471 1258 3531 habebunt
1278 3475 1374 3532 Sancti
1396 3474 1425 3531 in
1452 3473 1561 3546 patria;
1585 3472 1621 3531 de
1650 3472 1784 3531 fructibus
1805 3473 1862 3529 virs

1111 3569 1236 3619 eterne.

1076 3691 1192 3749 Deduc
1203 3702 1269 3758 me,
1280 3690 1545 3760 Domine,inoio
1560 3690 1632 3760 taio,
1649 3688 1683 3751 et
1694 3690 1859 3765 ilipa-ediec

1195 3787 1233 3845 iri
1253 3786 1402 3846 veritate
1422 3784 1749 3865 iiic.(Psa1.85,11.)

1115 3916 1266 3979 Christus
1288 3920 1338 3979 est
1352 3917 1418 3989 via,
1442 3919 1499 3995 qui
1524 3918 1671 3995 seipsum
1693 3918 1767 3981 facit
1781 3931 1856 3994 pon-

1077 4017 1142 4075 tem
1157 4016 1319 4085 nostrum,
1331 4016 1427 4091 quasi
1443 4015 1569 4092 lignum
1588 4017 1806 4078 transvectum
1823 4011 1859 4073 ab

1077 4127 1144 4173 una
1158 4112 1231 4189 ripa
1249 4111 1291 4172 ad
1314 4111 1427 4184 aliam,
1443 4111 1606 4174 sciliceta
1626 4113 1699 4190 ripa
1723 4109 1860 4172 mortali·

1075 4209 1154 4270 tatis
1173 4208 1214 4270 ad
1230 4208 1338 4285 ripam
1367 4209 1641 4282 immortalitatis,
1671 4212 1708 4271 ut
1732 4225 1789 4270 nos
1808 4221 1859 4284 per

1076 4305 1183 4382 ipsum
1211 4306 1446 4377 transiremus,
1472 4306 1664 4383 passionem
1692 4310 1761 4385 ejus
1785 4303 1858 4364 imi·

1075 4402 1189 4475 tando,
1213 4403 1254 4464 ab
1274 4403 1465 4480 hujrrsmodi
1487 4404 1691 4466 mortalitate
1718 4404 1756 4465 ad
1776 4401 1857 4462 illam

1075 4501 1233 4561 aeternam
1243 4500 1446 4562 felicitatem.
1457 4502 1529 4573 Vel,
1540 4500 1597 4563 via
1618 4501 1739 4563 Christi
1750 4498 1858 4561 dicitur

1077 4596 1133 4657 illa
1148 4597 1214 4669 via,
1231 4612 1294 4675 qua
1306 4598 1378 4674 ipse
1392 4597 1483 4659 venit
1498 4612 1519 4660 a
1533 4600 1705 4661 Ballionia
1717 4598 1751 4659 in
1765 4597 1859 4657 Deid-

1074 4698 1183 4771 pthe
1202 4698 1246 4756 od
1263 4695 1417 4756 molarem
1437 4696 1568 4758 Οῖῖυθῖῖ.
1588 4694 1775 4774 (Lucam,
1795 4688 1856 4768 29)

1075 4791 1238 4853 Bethania
1263 4791 1386 4879 dicitur
1411 4792 1528 4853 domus
1556 4791 1744 4855 obediens:
1765 4787 1856 4851 Beth-

1074 4889 1183 4966 phage
1195 4889 1855 4966 interpretaimdomusorlsvalllumper

1074 5001 1173 5064 quam
1189 4986 1388 5063 intelligitur
1403 4986 1570 5049 confessio
1586 5030 1595 5057 ,
1610 4985 1654 5047 ad
1666 5002 1762 5064 quam
1774 4979 1854 5043 veni·

1074 5084 1129 5144 tur
1148 5100 1207 5159 per
1226 5083 1383 5165 virtutem
1420 5082 1628 5145 obedientiae.
1650 5086 1739 5145 Bene
1756 5081 1853 5143 aulem

1074 5182 1196 5242 dicitur
1209 5181 1337 5253 domus,
1345 5181 1423 5258 quia
1435 5180 1532 5242 debet
1545 5196 1621 5243 esse
1630 5175 1850 5243 mansionaria,

1074 5294 1140 5339 non
1156 5280 1400 5350 momentanea,
1415 5278 1645 5356 qdodnotatur
1657 5277 1849 5355 perdonans

1073 5376 1163 5436 etsic
1182 5376 1315 5437 venitur
1327 5375 1368 5436 ad
1383 5379 1527 5438 montem
1543 5375 1675 5447 oliveti,
1686 5375 1746 5435 hoc
1759 5371 1802 5433 θεῖ
1812 5364 1851 5426 ad

1073 5472 1241 5534 coelestem
1256 5472 1461 5544 felicitatem,
1479 5487 1538 5550 par
1550 5463 1852 5533 obedientiamvide

1074 5569 1151 5630 licet
1166 5571 1199 5631 et
1213 5569 1469 5629 contessionem.
