3950 6200
116 231 202 300 ιιιι
433 210 437 221 ’
505 227 615 293 rans
644 226 788 291 aalma.
804 227 1081 292 -nxposrrro
1110 230 1155 292 m
1184 230 1388 294 assumes.
1690 236 1770 301 1178

101 393 234 457 Genesi
251 388 316 473 (32,
332 386 372 453 22
389 389 429 453 ad
445 387 499 470 26)
516 388 717 451 :Transiens
733 386 823 448 enim
837 386 914 448 tor·
970 390 1004 452 et
1015 390 1203 468 postpauca
1220 388 1299 470 (lsa.
1310 393 1361 466 24,
1379 392 1418 453 19
1431 392 1466 455 et
1478 391 1537 473 20)
1552 415 1560 454 t
1574 411 1593 456 ‹
1608 395 1767 465 contras·

97 494 237 554 rentem
252 488 366 559 Jahoc,
380 486 543 550 traductis
554 484 719 557 omnibus,
732 499 806 562 quac
817 482 860 545 ad
873 498 910 543 se
970 486 1061 549 tione
1076 487 1305 564 confringetur
1315 491 1418 562 terra,
1432 491 1634 553 contritione
1649 495 1768 556 conte·

104 585 335 666 pertinebant,
365 583 527 645 remansit
550 583 672 644 solus:
700 584 733 644 et
758 595 835 642 ecce
862 579 916 641 vir
971 586 1065 645 retur
1078 586 1178 658 terra,
1193 586 1376 661 agitatione
1387 587 1570 663 agitabitur
1579 590 1671 651 terra
1684 592 1771 655 sicut

105 684 307 746 luctabatur
334 698 409 743 cum
431 696 483 754 eo,
509 680 614 742 donec
637 678 721 740 vidit
744 693 913 739 auroram.
971 680 1096 754 ebrius,
1112 684 1333 745 commotione
1348 680 1611 748 commovebitur
1632 690 1771 760 terrm»

104 782 217 844 Jaboo
250 780 493 856 interpretatur
524 777 657 838 torrens
693 774 853 853 pulveris,
883 773 918 834 et
973 777 1058 840 idest
1069 782 1168 840 terrae
1188 782 1318 844 amator
1331 782 1533 858 conteretur,
1554 785 1602 846 ita
1616 786 1703 862 quod
1727 786 1771 847 sit

108 878 286 955 significat
318 877 493 953 pulverem
528 889 641 935 rerum
669 871 914 950 temporalium.
972 875 1070 952 quasi
1084 892 1143 937 vas
1157 877 1286 945 inutile,
1307 879 1393 938 nulli
1407 881 1520 956 aptum
1531 883 1606 942 usui
1624 903 1631 941 :
1646 899 1770 959 pecca·

108 976 250 1038 Transit
258 990 338 1050 ergo
345 973 460 1046 Jaboc,
468 975 501 1033 et
509 974 659 1032 remanet
666 970 767 1042 solus,
779 970 917 1047 quicum
971 973 1151 1034 tonantem
1166 974 1251 1034 nulli
1270 975 1430 1037 virtutum
1444 979 1520 1038 usui
1535 982 1632 1056 aptus
1648 984 1708 1042 est.

111 1074 310 1149 contemptu
338 1085 449 1131 rerum
468 1068 701 1144 temporalium
717 1067 839 1128 oblitus
855 1067 915 1133 est.
1013 1073 1059 1131 De
1075 1071 1137 1131 hac
1150 1072 1361 1147 contritione,
1383 1076 1536 1136 Jeremiae
1554 1075 1618 1156 (18,
1635 1082 1654 1138 4
1670 1076 1744 1157 615)
1758 1101 1766 1139 ι

112 1169 277 1231 Luctatus
298 1169 349 1228 est
368 1168 479 1228 autem
494 1181 569 1226 cum
584 1166 720 1240 angelo;
742 1179 819 1224 ecce
832 1178 917 1224 con·
973 1167 1174 1229 «contritus
1201 1172 1253 1230 est
1275 1169 1398 1230 Moab:
1416 1173 1618 1234 annunciate
1640 1175 1770 1237 clamo·

110 1264 290 1342 templatio
306 1262 502 1324 coelestium.
518 1265 630 1323 Donec
645 1261 729 1321 vidit
740 1274 916 1331 auroram
968 1280 1044 1355 rem
1055 1265 1204 1340 parvulis
1219 1268 1302 1342 ejus.
1314 1269 1379 1328 Per
1389 1270 1661 1331 ascensumenim
1670 1273 1770 1335 Luitb

112 1379 196 1425 ecce
210 1363 383 1436 ingressus
409 1359 452 1420 ad
474 1362 589 1420 [lenm.
614 1362 745 1418 Aurora
769 1355 846 1416 linis
869 1356 920 1416 est
973 1361 1111 1437 plorans
1132 1362 1291 1424 ascendet
1309 1364 1345 1423 in
1360 1365 1451 1437 fleto,
1468 1366 1626 1442 quoniam
1641 1369 1676 1428 in
1691 1368 1770 1430 des-

112 1460 237 1531 noctis,
254 1459 288 1519 et
299 1457 433 1518 initium
447 1456 525 1516 diei.
541 1458 706 1517 Auroram
720 1469 800 1530 ergo
814 1452 917 1526 videt,
975 1473 1078 1519 censu
1088 1461 1245 1521 Oronaim
1255 1459 1370 1522 hostes
1383 1462 1548 1525 ululatum
1559 1466 1770 1527 contritionis

115 1557 178 1635 qui
209 1556 349 1616 mortem
380 1552 604 1631 expectand0‚
646 1568 719 1630 (111ae
755 1554 807 1613 Ost
842 1549 919 1609 finis
974 1554 1556 1635 audierunt.»confringiturterra,
1578 1578 1773 1625 cumarec·

115 1654 227 1715 noctis
248 1653 325 1713 vitae
348 1650 535 1728 praesentis,
557 1649 643 1710 lucis
670 1650 805 1711 aeternae
832 1646 919 1735 diem
975 1651 1117 1715 titudine
1130 1652 1372 1715 desideriorum
1385 1656 1570 1718 coelestium
1584 1658 1626 1719 ad
1640 1661 1771 1736 tempo-

116 1740 321 1826 ingr-editui.
976 1750 1097 1810 ralium
1117 1750 1286 1812 illicebras
1301 1752 1512 1829 incurvatur;
1527 1755 1614 1816 unde
1626 1755 1687 1817 Job
1703 1757 1769 1837 (16,

322 1881 462 1943 SERMO
490 1880 719 1941 CCXXXVHL
977 1844 1029 1925 13)
1042 1869 1050 1907 :
1062 1863 1081 1907 c
1091 1850 1159 1922 Ego
1168 1849 1333 1925 quondam
1345 1851 1533 1927 opulentus,
1547 1855 1682 1930 repente
1694 1870 1772 1915 con·

976 1944 1074 2006 tritus
1085 1960 1170 2016 snm,
1184 1946 1292 2007 tenuit
1301 1947 1465 2009 cervicem
1478 1964 1597 2023 meam,
1607 1951 1772 2027 confregit

976 2056 1039 2114 me,
1056 2042 1089 2103 et
1103 2043 1215 2118 posuit
1234 2060 1287 2104 me
1299 2045 1395 2121 quasi
1406 2046 1442 2106 in
1456 2046 1599 2123 signum.
1615 2065 1633 2108 ιι
1648 2047 1771 2111 cervix

976 2137 1121 2200 hominis
1145 2142 1196 2201 est
1213 2140 1312 2213 ratio,
1337 2158 1436 2219 quam
1451 2159 1526 2204 cum
1542 2144 1695 2207 diabolus
1709 2161 1771 2224 ap-

892 2309 899 2322 ·
977 2236 1202 2313 prehenderit,
1220 2238 1422 2312 attenderit,
1444 2241 1665 2317 confringitur
1674 2243 1772 2305 recti·

93 2364 104 2391 .
124 2319 202 2378 Vidi
225 2313 512 2391 diffamante&
537 2313 571 2373 θΐ
591 2311 802 2372 ἴαῦθδθθϋαή
814 2325 826 2368 ·’
840 2322 922 2382 qma
976 2333 1056 2395 tudo
1070 2333 1312 2395 desideriorum
1327 2337 1525 2421 coelestium.
1542 2339 1770 2401 commotione

161 2414 296 2486 edomata
322 2412 382 2472 lua
397 2410 466 2469 uolt
491 2407 744 2470 WSlOdl'sstulit·
762 2404 832 2484 (Pb
849 2405 919 2466 118³
976 2431 1238 2493 commovebitur
1267 2433 1371 2505 terra,
1397 2434 1484 2497 idest
1503 2436 1603 2497 terrae
1627 2439 1768 2510 amator,

162 2506 249 2587 158·)
977 2528 1055 2605 quia
1070 2528 1157 2589 sicut
1169 2528 1292 2604 legitur
1307 2531 1457 2615 Matthaei
1473 2531 1518 2610 (7,
1532 2531 1608 2611 27);
1625 2536 1772 2596 Descen-

163 2645 212 2705 De
225 2640 280 2701 his
295 2636 621 2717 praevaricatoribus,
650 2635 746 2697 lsaiae
773 2632 844 2714 (24,
860 2630 894 2711 5)
912 2654 919 2692 :
976 2624 1768 2707 oitpluvta,idestaercaepotestattshmpugnatio,

122 2758 144 2801 c
156 2737 373 2813 'transgressi
398 2736 476 2797 sunt
498 2735 600 2810 leges,
627 2731 839 2795 mutaverunt
852 2732 920 2808 jus,
976 2724 1011 2783 et
1022 2723 1185 2784 venerunt
1199 2724 1348 2796 flumina,
1365 2724 1450 2788 idest
1464 2726 1576 2788 tluidae
1591 2728 1771 2806 concupis-

121 2835 374 2913 dissipaverunt
389 2832 496 2894 foedus
512 2832 791 2907 sempiternum»
806 2828 922 2903 etpost
978 2819 1095 2880 centiae
1111 2818 1386 2893 delectationum,
1416 2824 1449 2884 et
1476 2823 1642 2886 flaverunt
1668 2825 1772 2902 venti,

123 2947 234 3010 pauca
269 2927 423 2990 subditur
456 2924 502 3005 (v.
534 2926 569 3005 7)
589 2926 630 2987 de
647 2940 745 3002 poena
763 2921 923 2984 :chuxit
977 2916 1106 2978 scilicet
1119 2915 1324 2995 {potestatum
1345 2919 1558 2981 saecularium
1572 2923 1771 2999 persecutio,

123 3027 306 3099 vindemia,
323 3025 491 3086 infirmata
508 3025 559 3084 est
572 3023 661 3093 vitis,
687 3019 923 3097 ingemuerunt
978 3016 1011 3075 et
1025 3013 1194 3076 irruerunt
1208 3015 1243 3074 in
1258 3015 1392 3077 domum
1417 3018 1643 3090 conscientiae,
1669 3021 1702 3080 et
1716 3036 1774 3081 oe-

124 3141 255 3198 omnes,
282 3124 338 3201 qui
367 3121 568 3184 laetabantur
587 3120 731 3181 corde.»
755 3121 805 3179 Ex
821 3118 921 3178 vinea
978 3110 1069 3179 cidit,
1084 3112 1116 3172 et
1134 3111 1196 3172 init
1218 3113 1316 3172 ruina
1339 3115 1413 3189 ejus
1436 3128 1566 3189 magna.
1583 3115 1773 3190 Agitatione

123 3221 322 3301 producitur
347 3220 474 3290 vinum,
500 3216 586 3294 quod
611 3213 770 3277 laetificat.
791 3215 923 3288 Lugere
978 3207 1160 3283 agitabitur
1181 3208 1272 3269 terra
1300 3209 1336 3269 in
1359 3207 1562 3284 gehennam,
1582 3211 1638 3271 ubl
1653 3214 1775 3275 transit

124 3320 237 3382 autem
261 3316 383 3377 dicitnr
396 3313 513 3385 vinea,
530 3328 621 3384 cum,
638 3309 724 3388 quod
745 3309 830 3370 solet
850 3323 924 3369 esse
978 3304 1021 3365 ab
1033 3304 1129 3381 aquis
1144 3305 1271 3366 nivium
1282 3305 1323 3366 ad
1339 3305 1485 3367 calorem
1500 3306 1651 3381 nimium,
1676 3309 1730 3371 vel
1750 3326 1770 3372 e

125 3431 230 3479 causa
253 3412 390 3483 laetitiae,
407 3412 459 3471 est
484 3424 585 3471 causa
606 3407 764 3470 tristitiae.
785 3404 924 3481 Lugebit
979 3416 1152 3462 converso.

124 3513 232 3589 igitur
246 3511 356 3581 vinea,
376 3523 450 3569 cum
465 3506 710 3583 praeteritarum
726 3504 924 3565 deliciarum
1019 3502 1098 3561 Haeo
1112 3498 1327 3561 considerans
1333 3503 1444 3578 Justus
1459 3502 1539 3565 dicit
1554 3524 1561 3562 :
1583 3506 1657 3565 Vidi
1672 3520 1773 3578 prce·
1844 3497 1845 3500 ’

124 3605 317 3670 recordatio
341 3603 407 3664 erit
430 3602 569 3663 materia
596 3600 713 3662 aeterni
742 3598 923 3660 cruciatus.
979 3597 1190 3668 concavitas,
1208 3597 1242 3658 ct
1266 3599 1487 3661 tabescebam.
1508 3599 1563 3661 Sic
1584 3600 1776 3664 tabescebat

128 3702 298 3777 Quomodo
307 3702 417 3762 autem
425 3696 856 3776 propterpraevaricatores‚
869 3694 925 3755 vel
980 3694 1087 3755 Isaias
1102 3693 1165 3771 (15,
1182 3692 1228 3772 5),
1242 3710 1317 3755 cum
1333 3694 1482 3757 dicebat:
1499 3712 1518 3756 c
1533 3698 1597 3758 Cor
1611 3713 1720 3759 meum
1732 3700 1776 3760 ad
1853 3747 1856 3750 .

127 3791 924 3879 praevaricationestabescat,Isaiasostenditt22,
980 3789 1078 3851 Moab
1101 3790 1268 3863 clamabit,
1281 3795 1393 3853 vectes
1406 3796 1479 3870 ejus
1495 3794 1655 3871 usquead
1671 3798 1777 3871 segor

128 3899 169 3961 16
179 3888 927 3975 et17):svaemihi:praevaricantespraevari-
979 3888 1121 3950 vitulam
1145 3889 1406 3951 conternantem.
1423 3890 1554 3953 »Moab
1571 3892 1775 3969 interpreta-

130 3996 196 4057 cati
207 3994 295 4065 sunt,
307 3993 340 4053 et
355 3989 631 4067 prevaricatione
642 3988 926 4062 transgressorum
980 3985 1036 4046 tur
1050 4002 1092 4046 ex
1102 3986 1206 4063 parte,
1222 3988 1255 4047 et
1269 3987 1435 4062 significat
1447 3990 1658 4066 peccatorem
1669 3990 1776 4051 illium

130 4089 344 4171 praevaricati
368 4088 455 4149 sunt.
472 4085 640 4157 Formido,
658 4085 692 4146 et
705 4084 814 4155 fovea,
831 4085 864 4145 et
875 4081 927 4144 la·
980 4081 1084 4154 illius,
1108 4086 1203 4160 anus
1216 4099 1318 4160 opera
1333 4084 1426 4160 facit,
1442 4086 1572 4148 scilicet
1586 4086 1722 4147 diaboli.
1739 4089 1777 4148 In

130 4203 236 4267 quens
263 4200 365 4262 super
390 4186 434 4258 te,
463 4184 519 4260 qui
547 4182 754 4244 habitatores
781 4182 926 4242 terrae.»
981 4180 1142 4253 vectibus,
1160 4180 1336 4258 snperbia:
1353 4184 1517 4259 insegor,
1533 4184 1780 4261 quaeinterpre·

130 4283 397 4348 Praevaricantes
408 4280 537 4342 scilicet
550 4280 658 4355 legem
668 4279 703 4339 in
716 4277 832 4348 Adam,
850 4275 927 4355 quia
982 4279 1072 4339 tatur
1086 4293 1202 4354 parva,
1221 4279 1275 4339 vel
1294 4279 1438 4355 parvuli,
1455 4280 1646 4356 poenitentis
1663 4279 1778 4342 humi·

132 4382 256 4444 dictum
271 4380 322 4441 est
333 4379 428 4458 (Gen.
443 4379 474 4449 2,
493 4375 544 4456 17)
556 4399 563 4437 :
577 4392 596 4436 c
608 4378 655 4438 De
669 4375 761 4451 ligno
778 4374 927 4436 scientim
983 4375 1062 4435 litas
1077 4374 1281 4450 designatur.
1311 4377 1375 4436 Cor
1394 4391 1474 4451 ergo
1493 4378 1576 4455 justi
1600 4376 1722 4439 clamat
1736 4379 1779 4440 ad

130 4478 255 4540 boniet
267 4475 397 4536 maline
412 4473 577 4535 comedas.
592 4470 836 4532 »Praevaricati
852 4470 929 4531 sunt
983 4470 1093 4543 Moab,
1115 4473 1210 4547 cujus
1229 4472 1340 4533 vectes
1363 4475 1441 4534 sunt
1464 4475 1632 4551 usquead
1660 4477 1776 4552 segor,

131 4575 240 4651 legem
268 4573 398 4634 naturae
426 4592 433 4630 ι
454 4571 488 4633 61
510 4568 789 4646 praevaricatione
818 4567 931 4628 trans·
984 4569 1063 4646 quia
1078 4568 1309 4645 compatientis
1331 4570 1453 4632 affectu
1468 4571 1645 4644 desiderat,
1665 4576 1701 4635 ut
1714 4591 1778 4634 su-

133 4670 241 4749 gressi
254 4671 331 4731 sunt
345 4669 453 4744 legem
466 4667 624 4744 scriptam
635 4665 760 4742 Moysis
777 4681 784 4725 :
798 4680 931 4741 praeva-
985 4665 1099 4744 perbia
1114 4666 1298 4742 peccatoris
1314 4668 1508 4730 humilietur
1527 4671 1687 4747 usquead
1702 4686 1778 4747 poe-

134 4767 234 4830 ricati
256 4767 332 4829 sunt
352 4765 460 4841 legem
484 4763 668 4839 Evangelii.
686 4762 843 4839 Sequitur
855 4776 929 4838 pce·
985 4763 1170 4834 nitentiam,
1185 4765 1219 4825 et
1232 4767 1448 4841 propeccatis
1461 4767 1531 4826 suis
1544 4769 1778 4828 maceretcar-

133 4882 179 4928 na
195 4883 202 4920 :
220 4865 260 4925 Et
274 4863 349 4924 ideo
365 4860 506 4924 formido
516 4860 653 4938 judicii,
676 4859 709 4920 et
723 4859 831 4932 lovea,
845 4858 932 4919 idest
986 4875 1078 4934 nem;
1104 4860 1191 4922 unde
1219 4862 1371 4938 sequitur
1388 4884 1395 4921 :
1411 4862 1557 4922 vitulam
1572 4864 1779 4924 conternan-

135 4960 354 5036 contemptus,
371 4961 404 5020 et
412 4957 578 5018 relaxatio
598 4956 718 5018 mentis
732 4955 774 5016 ad
790 4970 932 5031 peccan-
985 4959 1062 5020 tem.
1078 4960 1116 5018 ln
1132 4958 1237 5019 vitula
1252 4958 1352 5029 enim,
1376 4973 1450 5034 quae
1472 4958 1656 5020 sacrificari
1680 4959 1776 5032 solet,

121 2016 165 2072 lte
184 2010 452 2087 prevaricatoribus
475 2009 549 2082 legis
569 2008 691 2077 divine,
717 2014 746 2064 et
771 2005 808 2064 de
834 2018 921 2079 poena

157 2115 274 2173 eorum3
299 2099 334 2157 de
359 2098 531 2156 contritione
555 2097 714 2171 peccatoris
721 2112 733 2163 ;
763 2092 799 2150 de
823 2099 919 2150 eusto-

155 2189 301 2247 dientibus
313 2188 409 2261 legem
419 2187 482 2244 Dei.

135 5059 225 5130 dum,
242 5059 275 5118 et
296 5056 434 5133 laqueus
453 5053 627 5116 diabolicae
648 5052 856 5127 tentationis,
877 5051 932 5112 vel
986 5054 1098 5117 carnis
1114 5054 1324 5115 mortificatio
1346 5052 1513 5130 signatum
1528 5055 1564 5114 in
1576 5055 1640 5116 hoc
1655 5058 1777 5131 autem,

117 5155 265 5235 ‘peccati
281 5152 345 5214 erit
359 5154 512 5229 superte,
529 5150 586 5228 qui
598 5149 809 5212 habitatores
819 5150 929 5221 terrae,
987 5153 1073 5229 quod
1104 5155 1304 5213 conternans
1327 5150 1460 5223 dicitur,
1486 5151 1573 5213 idest
1596 5153 1697 5215 trium
1718 5170 1781 5216 an-

134 5252 233 5323 idest,
243 5248 412 5328 quitlxisti
422 5247 674 5322 tabernaculum
682 5247 818 5309 tunmin
826 5250 930 5322 terra;
986 5263 1117 5320 norum,
1135 5248 1245 5324 inqua
1262 5247 1359 5308 aetate
1374 5245 1422 5325 (1)
1434 5246 1495 5309 bos
1505 5250 1556 5309 est
1570 5250 1665 5326 aptus
1678 5252 1781 5311 sacri·

137 5417 142 5422 ι
174 5455 216 5524 (l)
233 5453 336 5522 loquo
353 5454 445 5518 elate,
462 5454 514 5506 etc.
541 5449 569 5506 S.
599 5448 800 5531 llieronymus,
823 5446 930 5530 limv.
987 5448 1043 5530 lom
1066 5455 1282 5530 conternantem
1306 5463 1357 5522 pro
1381 5446 1505 5531 perlecta
1530 5457 1614 5533 atate
1637 5450 1776 5534 accipere.

137 5525 299 5583 Commeat.
318 5521 346 5577 lo
371 5522 440 5590 lea,
456 5534 520 5591 cap.
537 5519 571 5576 lb
586 5526 645 5578 nrt:
661 5541 671 5570 ι
685 5521 841 5577 Possumus
856 5526 930 5575 vrtu-
988 5518 1066 5575 Sicut
1088 5532 1165 5575 eorm
1183 5526 1343 5576 tricesimus
1355 5533 1447 5576 annus
1464 5534 1492 5575 m
1506 5517 1680 5590 hommrbus,
1696 5531 1734 5583 vta
1749 5525 1779 5581 in
