3950 6200
178 254 219 314 75

179 411 272 476 cibus
304 413 470 489 predictis
502 412 652 483 assistas,
679 412 716 471 in
746 427 786 472 eo
811 413 967 484 maxime,

798 253 974 314 HONORII
996 254 1041 313 111
1062 253 1209 315 OPERA.

1776 253 1817 312 76

1023 412 1118 488 pisci,
1133 411 1228 471 firma
1240 409 1334 470 sotis
1359 410 1543 486 vestrisque
1566 409 1816 473 successoribus

178 510 264 587 quod
280 526 340 586 per
354 510 444 586 ipsos
459 510 655 570 mandamus
671 508 821 570 eumdem
836 512 971 586 propter
1023 511 1056 569 et
1071 508 1196 569 illibata
1219 510 1445 583 permaneant.
1462 510 1498 568 ln
1514 507 1631 584 quihus
1647 507 1717 569 haec
1733 523 1814 583 pro-

177 606 426 682 dilapidationis
438 607 568 677 uitium,
586 606 748 682 pendente
768 607 912 681 negotio,
927 604 968 667 ab

176 702 464 765 administratione
483 703 680 764 laoniensis
692 703 841 763 ecclesiae
854 717 967 763 remo-

176 800 258 870 ueri,
287 800 320 860 et
345 799 478 861 interim
505 799 829 860 administrationem
850 798 968 875 110103-

177 896 266 956 modi
292 896 351 957 alii
380 897 510 958 idoneas
541 912 693 973 personas
717 896 887 957 committi.
913 896 967 955 Sic

176 995 286 1055 autem
306 1009 407 1071 super
426 993 490 1057 hoc
509 996 541 1055 et
562 994 637 1053 aliis
658 994 809 1069 potenter
829 993 966 1054 assistas

174 1092 243 1151 tam
262 1092 452 1153 memoratis
468 1090 647 1167 judicibus,
673 1106 771 1166 quam
790 1092 826 1150 in
851 1106 967 1166 prose-

176 1187 310 1246 cutione
321 1187 408 1262 juris
426 1187 478 1246 sui
493 1186 638 1261 capitulo
653 1186 800 1261 ejusdem
816 1186 966 1247 ecclesiae

179 1279 277 1360 [quae]
295 1285 471 1344 commissa
496 1283 632 1343 iberita
650 1281 818 1359 judicibus
842 1298 965 1359 supra-

175 1379 283 1448 dictis,
298 1382 383 1456 quod
397 1383 535 1442 conatus
549 1380 651 1447 illius,
666 1382 965 1457 quantumcumque

173 1476 339 1537 violentus
354 1479 486 1549 existat,
503 1477 657 1538 effectum
673 1493 738 1539 non
751 1477 884 1549 babeat,
907 1476 965 1538 sed

169 1573 309 1649 justitiae
322 1575 444 1650 potius,
464 1591 562 1651 quam
581 1576 668 1635 idem
683 1575 844 1635 hactenus
860 1576 966 1650 impe-

145 1750 148 1755 ,
172 1669 291 1731 diendo
312 1672 444 1739 delusit,
461 1672 578 1734 cedere
588 1672 751 1733 uideatur.
764 1673 881 1733 Datum
895 1674 964 1732 La-

171 1766 291 1839 terani,
306 1769 405 1829 nonis
417 1768 508 1837 maii,
528 1768 740 1844 pontificatus
756 1768 862 1829 nostri
876 1784 964 1829 anno

171 1861 310 1925 decimo.

461 2061 672 2147 CXXXVII

226 2221 279 2281 Ad
293 2221 546 2281 mortasteriurn
562 2223 710 2283 ecclesiae
726 2221 762 2281 S.
777 2221 905 2281 Mortes

472 2319 654 2391 Sulcensis.

467 2456 486 2512 9
498 2456 565 2513 maii
579 2456 658 2513 tiit.

271 2575 363 2641 fflugo,
374 2577 467 2627 110001.
482 2578 643 2635 Praemonst,
656 2579 686 2635 ll,
700 2576 853 2641 01010501]

167 2708 313 2783 Syloensis
323 2710 452 2769 eeclesiae
464 2717 632 2782 personaret
644 2709 778 2767 bonasub
787 2711 961 2783 protectione

371 2799 534 2871 Apostolica
557 2799 756 2875 suscipiuntur.

206 2932 374 2992 Honorius
385 2933 876 3008 episcopus,serrusserrornm
884 2934 957 3023 pei,

164 3028 294 3090 dilectis
309 3029 388 3089 filiis
403 3028 515 3091 abbati
528 3030 679 3091 ecclesiae
696 3033 826 3092 Sanctae
845 3032 961 3092 Mariae

166 3127 347 3203 Syloensis,
362 3132 500 3204 ejusque
516 3127 674 3189 fratribus
702 3131 766 3190 tam
782 3130 960 3205 praesenti-

163 3222 225 3283 bus
239 3239 338 3301 quam
359 3224 481 3285 futuris
501 3225 689 3300 regularem
708 3226 812 3287 vitam
828 3226 960 3303 profes-

165 3322 212 3382 sis
225 3321 260 3380 in
275 3323 469 3397 perpetuam
483 3322 532 3382 rei
548 3322 754 3382 memoriam.

204 3418 408 3493 Religiosam
431 3419 533 3480 vitam
565 3419 764 3494 eligentibus
786 3419 960 3496 Apostoli-

164 3531 239 3576 cum
262 3517 417 3576 convenit
440 3516 557 3576 adesse
580 3516 784 3592 praesidium,
810 3533 852 3577 ne
876 3517 961 3578 forte

164 3612 343 3689 cujuslibet
368 3613 564 3674 temeritatis
590 3613 757 3684 incursus,
779 3616 836 3675 aut
859 3630 915 3674 eos
941 3631 960 3674 0

164 3711 334 3786 proposito
366 3695 510 3782 reuocet,
537 3712 595 3771 aut
623 3710 735 3781 robur,
753 3711 838 3787 quod
862 3711 958 3782 absit,

164 3823 270 3867 sacrae
294 3807 468 3881 religionis
495 3807 666 3881 infringat.
697 3809 962 3883 1100000100,οἰ-

162 3904 241 3965 lecti
257 3903 291 3963 in
307 3904 446 3963 Domino
461 3903 532 3974 filii,
557 3904 676 3964 vestris
696 3904 797 3980 justis
812 3905 962 3980 postula·

162 3999 310 4063 tionibus
331 4000 511 4061 clementer
532 4002 721 4071 annuimus
739 4003 772 4061 et
793 4005 962 4063 monaste-

71 4104 87 4124 ·
163 4100 250 4159 rium
263 4099 393 4158 Sanctae
402 4097 518 4158 Mariae
530 4097 711 4173 syloensis,
726 4099 760 4157 10
773 4115 836 4175 quo
846 4099 959 4161 divino

163 4195 244 4256 estis
259 4193 417 4272 obsequio
430 4195 622 4271 mancipati,
640 4195 699 4255 sub
713 4195 801 4256 beati
818 4198 909 4258 Petri
928 4199 960 4258 et

162 4294 276 4353 nostra
293 4292 959 4368 0001001100000301010100011100300113

164 4389 279 4465 scripti
305 4389 481 4464 privilegio
503 4390 754 4460 communimus,
784 4392 818 4450 in
843 4392 959 4466 primis

163 4486 326 4562 siquidem
338 4488 531 4557 statuentes,
550 4489 585 4547 nt
597 4487 678 4547 ordo
692 4489 885 4559 canonicus,
900 4489 957 4565 qui

163 4582 345 4644 secundum
356 4582 598 4644 Deumetbeati
608 4585 783 4658 Augustini
795 4586 956 4660 regulam,

1023 606 1105 681 priis
1128 606 1282 665 duximus
1304 605 1519 681 exprimenda
1542 605 1710 665 vocabulis
1728 627 1735 664 :
1750 607 1818 667 Lo-

1022 704 1266 778 cumipsumin
1291 718 1355 778 quo
1382 702 1553 778 praefatum
1578 704 1816 763 monasterium

1022 800 1121 859 situm
1146 800 1197 860 031
1220 815 1294 859 cum
1324 799 1476 859 omnibus
1500 800 1708 875 pertinentiis
1732 800 1814 871 suis,

1022 898 1177 967 Poczuze,
1221 898 1352 968 Kivow,
1391 896 1604 961 Mechuticze.
1640 897 1814 968 Liwouici,

1021 992 1205 1063 Wrzesnib,
1218 994 1429 1064 otradowici,
1446 993 1635 1061 Petrowici,
1650 995 1813 1069 Rogetici,

1021 1092 1188 1166 Lipnicze,
1203 1093 1334 1162 Gurice,
1352 1090 1539 1162 Kranialin,
1557 1092 1814 1163 10011100,Ρο-

1020 1188 1130 1259 borze,
1150 1188 1317 1255 Hilowici,
1336 1188 1485 1258 Miletici,
1503 1188 1683 1258 Smilovici,
1700 1189 1813 1259 Vitici,

1020 1285 1146 1356 Lubici,
1164 1286 1280 1353 Lhota,
1298 1286 1491 1355 Drscowici,
1512 1284 1633 1355 Ρο3101,
1656 1286 1816 1345 Comere-

1019 1383 1095 1452 uici‚
1117 1385 1320 1457 Pognanow,
1344 1384 1499 1452 Bistrum,
1521 1383 1665 1453 Parleur,
1685 1384 1816 1443 110030-

1020 1495 1107 1550 now,
1142 1479 1301 1549 Ruclrow,
1339 1482 1580 1549 Krasanowen,
1606 1479 1749 1549 Czlaum‚
1781 1482 1815 1541 et

1019 1576 1221 1643 Branissow,
1239 1576 1337 1636 villas
1352 1593 1425 1635 cum
1444 1577 1548 1651 sylvis
1564 1591 1666 1651 usque
1688 1577 1730 1637 ad
1744 1578 1816 1637 ter-

1019 1673 1127 1733 minos
1161 1674 1331 1744 Morariae,
1363 1673 1574 1742 Boztheh0W,
1610 1673 1811 1745 Brinchend,

1018 1770 1126 1840 Klow,
1139 1770 1258 1840 Dndin,
1273 1770 1441 1839 Bukowii,
1457 1770 1605 1840 Slanani,
1625 1770 1823 1842 Welcbow,

1018 1866 1157 1932 ltiozteb,
1179 1866 1338 1926 Preische
1366 1882 1440 1926 cum
1467 1867 1611 1942 capella,-
1633 1867 1807 1939 Womisla,

1019 1964 1177 2035 Sedlicze,
1205 1963 1360 2029 Zahorze.
1388 1964 1538 2034 Smrdotr,
1571 1963 1815 2033 (1101000081-

1018 2061 1151 2131 menim',
1174 2059 1490 2131 Weastowichenik,
1521 2059 1691 2131 Wlezono,
1708 2061 1810 2133 Wici,

1018 2158 1181 2228 Heralice,
1200 2157 1342 2227 Zedelie,
1367 2157 1635 2228 Brundekowici,
1662 2159 1810 2234 Wezely,

1018 2255 1159 2325 Selentz,
1187 2254 1375 2316 Terkonici.
1404 2256 1441 2314 In
1465 2254 1565 2315 01300
1588 2255 1715 2315 curiam
1735 2271 1810 2317 cum

1016 2352 1114 2411 uinea
1160 2351 1404 2422 Zwiechnwici,
1446 2350 1581 2412 Zedelce
1624 2352 1810 2428 antiquum,

1016 2449 1251 2514 Ztradnoricii,
1268 2448 1380 2509 Petrin
1397 2463 1470 2509 cum
1485 2448 1595 2518 vinea,
1615 2449 1724 2509 Pozek
1736 2465 1812 2510 cum

1016 2546 1119 2620 syliis
1136 2546 1293 2621 usquead
1308 2546 1430 2604 flumen
1446 2545 1487 2605 de
1502 2545 1637 2606 Otvirna
1651 2562 1724 2606 cum
1737 2562 1811 2621 pra·

1016 2643 1070 2712 tis,
1085 2643 1202 2712 vineis,
1222 2640 1424 2708 nemoribus,
1448 2642 1598 2716 usuagiis
1613 2643 1646 2702 et
1659 2643 1805 2717 pascuis,

1018 2738 1050 2797 in
1065 2738 1165 2797 bosco
1180 2740 1212 2798 et
1227 2738 1336 2812 plano,
1360 2739 1396 2797 in
1417 2739 1513 2815 aquis
1539 2740 1573 2799 et
1593 2738 1804 2811 molendinis,

1017 2835 1050 2895 in
1066 2835 1130 2895 viis
1145 2838 1178 2896 et
1193 2834 1319 2895 semitis
1334 2836 1366 2895 et
1380 2835 1532 2895 omnibus
1553 2835 1631 2895 aliis
1646 2835 1812 2897 libertati-

1015 2932 1077 2992 bus
1091 2935 1123 3009 et
1138 2932 1401 2993 immunitatibus
1415 2934 1497 2992 suis.

1056 3032 1143 3091 Sane
1164 3029 1332 3091 novalium
1354 3033 1552 3101 vestrorum,
1569 3046 1643 3108 quae
1666 3031 1810 3108 propriis

1016 3128 1169 3188 manibus
1183 3131 1241 3189 aut
1259 3128 1443 3203 sumptibus
1462 3128 1581 3200 colitis,
1598 3129 1812 3190 3100110003-

1017 3226 1143 3285 trorum
1172 3225 1368 3285 animalium
1397 3225 1621 3297 nutrimentis,
1650 3225 1761 3285 nullus
1789 3241 1811 3286 a

1016 3321 1111 3382 vobis
1124 3323 1270 3384 decimas
1286 3322 1421 3397 exigere
1435 3320 1489 3382 vel
1509 3323 1707 3398 extorquere
1721 3337 1812 3398 pras-

1016 3423 1135 3480 sumat.
1152 3420 1265 3482 Liceat
1279 3435 1409 3496 quoq-ue
1421 3418 1515 3481 vobis
1531 3418 1670 3480 clericos
1682 3421 1736 3480 rel
1749 3420 1811 3480 tai-

1016 3533 1072 3576 cos
1087 3516 1210 3586 liberos
1225 3520 1257 3577 et
1280 3516 1449 3577 absolutos
1476 3532 1494 3576 0
1509 3517 1632 3577 saeculo
1644 3517 1810 3591 fugientes

1015 3614 1056 3674 ad
1086 3614 1337 3674 conversionem
1360 3614 1521 3688 recipere,
1547 3616 1580 3674 et
1602 3630 1660 3674 eos
1684 3613 1811 3690 absque

1016 3712 1279 3771 aintrudictione
1294 3710 1405 3786 aliqua
1420 3712 1577 3771 retinere.
1591 3711 1811 3772 Prohibemus

1015 3808 1152 3884 insuper
1167 3811 1202 3868 ut
1227 3807 1340 3868 nullus
1367 3807 1506 3868 fratrum
1529 3811 1714 3867 vestrorum
1736 3811 1813 3884 post

1016 3895 1134 3966 factam
1159 3905 1192 3963 in
1211 3905 1414 3965 monasterio
1430 3907 1540 3965 restro
1556 3905 1809 3980 professionem,

1014 4003 1064 4061 fas
1082 4003 1125 4062 sit
1140 4002 1212 4061 sine
1233 4001 1362 4062 abbatis
1377 4002 1429 4061 sui
1445 4001 1580 4061 licentia
1597 4002 1661 4062 0131
1681 4002 1810 4063 arctio·

1014 4099 1061 4159 ris
1072 4099 1246 4173 religionis
1258 4098 1405 4170 obtentu,
1423 4098 1464 4158 de
1476 4098 1591 4158 eodem
1608 4098 1810 4159 100011300-

1014 4197 1107 4268 dere;
1120 4196 1343 4257 discedentem
1356 4211 1435 4256 vero
1451 4194 1575 4270 absque
1586 4197 1811 4256 communium

1014 4290 1200 4352 litterarum
1227 4295 1413 4350 vestrarum
1438 4290 1593 4350 cautione
1612 4289 1724 4348 nullus
1747 4306 1812 4350 au-

1014 4389 1090 4448 deat
1104 4388 1260 4447 retinere.
1286 4390 1366 4447 Cum
1391 4389 1502 4447 autem
1523 4387 1680 4460 generale
1703 4387 1812 4448 inter-

1013 4486 1136 4545 dictum
1160 4488 1260 4545 terrae
1285 4484 1396 4555 fuerit,
1424 4483 1525 4544 liceat
1556 4482 1650 4544 vobis
1685 4484 1811 4545 clausis

1008 4582 1135 4657 januis,
1157 4581 1304 4641 exclusis
1328 4580 1623 4641 excommunicatis
1647 4581 1809 4643 0110101·-

162 4683 261 4755 atque
306 4679 549 4740 institutionem
589 4681 957 4742 praemonstratensium
1012 4679 1216 4748 (110113,000
1249 4679 1389 4754 pulsatis
1416 4678 1598 4752 campanis,
1627 4693 1810 4754 suppressa

161 4777 302 4838 fratrum
315 4775 351 4836 in
364 4776 478 4836 eodem
490 4777 692 4837 monasterio
705 4778 958 4839 10311101030330
1011 4792 1102 4846 voce,
1124 4775 1237 4835 diuina
1252 4775 1361 4834 officia
1378 4775 1559 4835 celebrare.

160 4874 379 4950 dignoscitur,
409 4874 579 4949 perpetuis
606 4873 727 4934 ibidem
754 4875 957 4952 temporibus
1051 4873 1200 4933 Chrisma
1215 4887 1305 4936 uero,
1325 4873 1434 4932 oleum
1454 4887 1597 4941 sacrum,
1621 4886 1806 4932 consecra-

160 4970 399 5033 inviolabiliter
427 4969 631 5032 observetur.
657 4974 823 5032 Praeterea
855 4988 957 5048 quas·
1011 4969 1119 5030 tiones
1134 4970 1290 5030 altarium
1303 4985 1362 5028 seu
1379 4968 1605 5038 basilicarum,
1621 4968 1807 5030 ordinatio-

160 5083 300 5144 cumque
337 5068 576 5145 possessiones,
616 5084 831 5144 quaecumque
867 5067 955 5129 bona
1010 5082 1068 5126 nes
1083 5065 1292 5134 clericerum,
1309 5066 1364 5141 qui
1388 5066 1428 5125 ad
1445 5082 1559 5124 sacros
1584 5064 1719 5125 ordines
1731 5065 1807 5127 fue·-

159 5165 246 5226 idem
271 5167 507 5226 monasterium
537 5165 570 5226 in
592 5166 846 5242 presentiarum
865 5169 956 5242 juste
1009 5163 1076 5223 rint
1104 5163 1330 5239 promovendi,
1356 5179 1376 5221 u
1401 5162 1589 5222 dioecesano
1615 5161 1806 5236 suscipietis

159 5278 199 5323 ac
214 5264 373 5323 canonice
398 5263 554 5339 possidet,
580 5263 687 5323 autin
713 5261 858 5323 futurum
873 5277 955 5323 con·
993 5261 1173 5336 episcopo,
1206 5259 1369 5336 siquidem
1406 5258 1589 5318 catholicus
1624 5258 1736 5330 fuerit,
1771 5262 1806 5323 01
1843 5297 1850 5306 -

160 5359 312 5420 cessione
337 5362 540 5435 pontificum,
557 5359 736 5436 largitione
760 5375 876 5435 regum
899 5359 952 5420 uel
1007 5357 1272 5417 communionem
1298 5359 1500 5416 sacrosantae
1527 5357 1685 5416 Romans
1706 5357 1803 5419 Sedis

159 5456 358 5534 principum,
375 5454 543 5518 oblatione
555 5456 714 5530 fidelium,
728 5472 788 5517 seu
803 5456 954 5532 atiisjns
1006 5455 1171 5523 habuerit,
1188 5456 1222 5515 et
1230 5470 1270 5514 ea
1283 5453 1378 5514 vobis
1391 5452 1536 5514 uoluerit
1550 5453 1622 5512 3100
1639 5453 1803 5527 pravitate

158 5553 333 5622 tismodis,
360 5553 952 5630 00031001011010100,0010111011-
1006 5553 1119 5627 aliqua
1162 5549 1331 5611 exhibere.
1373 5549 1525 5625 Alioquin
1567 5549 1667 5624 liceat
1705 5550 1801 5612 vobis
