3950 6200
168 335 172 342 ,
234 281 294 346 119

234 439 417 502 incurratis
430 440 602 512 offensam,
617 456 690 518 que
702 439 801 502 facile
815 440 857 503 de
867 441 963 504 vobis
972 459 1029 520 po·

233 539 308 610 test,
322 537 453 615 quando
467 538 548 609 uult,
562 553 695 599 sumere
704 539 877 612 ultionem,
894 540 951 600 sed
971 556 1027 616 po·

234 636 313 706 tius,
327 636 469 696 Domino
483 635 657 711 largiente,
674 652 734 712 per
744 652 860 698 ueram
873 636 1027 697 obedieu-

233 732 356 793 tiamet
365 735 468 808 grata
482 733 668 794 devotiqnis
679 733 839 810 obsequia
854 735 1027 810 utriusque

233 829 429 889 mereamini
442 830 584 905 gratiam
600 831 633 891 et
647 831 805 892 savorem.
823 832 941 891 Datum
957 833 1025 890 La·

232 927 354 997 terant,
368 928 443 988 XVI
458 927 525 987 hal.
542 926 715 1000 februarii,
733 943 821 989 anno
837 927 1024 1014 undecimo.

546 1219 710 1306 XLVIII

233 1370 286 1428 Ad
306 1368 514 1443 potestatem
537 1371 571 1431 ct
593 1375 757 1445 poplitum
784 1368 1023 1432 Uroeoctuuos.

500 1500 533 1557 18
545 1500 669 1573 januarii
682 1501 760 1558 1117.

295 1619 426 1684 [Theiuen
439 1621 499 1673 Cod.
510 1622 573 1686 dipl.
582 1621 651 1672 dom.
661 1627 753 1688 temp,
765 1624 784 1680 l,
800 1621 841 1680 82,
850 1636 876 1671 a.
896 1619 963 1685 138]

234 1742 422 1803 Urbevetenis
431 1745 549 1818 aliisque
559 1746 688 1804 fidelibus
697 1748 726 1803 in
735 1746 943 1819 patrimonioB.
951 1743 1026 1802 Petri

269 1848 320 1904 per
331 1834 463 1891 Tusciam
478 1831 648 1903 constitutis,
660 1842 691 1892 ut
704 1834 807 1892 loanni
820 1834 882 1905 regi
897 1833 1027 1891 Hieroso·

268 1922 406 1994 lymitano
421 1923 525 1980 rectori
537 1925 647 1980 Tuscia
660 1923 803 1981 obediant.

271 2049 439 2110 Honorius
465 2048 653 2126 episcopus,
685 2050 760 2120 etc,
787 2046 916 2109 dilectIs
947 2046 1026 2107 filiis

128 2163 142 2188 ⁸
232 2145 388 2220 potestati
422 2148 455 2207 et
493 2146 615 2222 populo
650 2145 887 2216 Urbevetanis,
929 2143 1025 2203 salu-

233 2242 310 2311 tem,
326 2242 388 2302 etc.

271 2339 429 2399 volentes
444 2340 611 2399 carissimi
632 2340 667 2399 in
687 2340 818 2401 Christo
841 2339 902 2399 tilii
919 2338 1025 2399 nostri

219 2435 373 2497 ,Joannis
388 2436 680 2513 Hierosolymitani
697 2437 786 2512 regis
801 2435 942 2497 illustris
957 2436 1023 2496 ho·

232 2548 355 2593 norare
368 2549 556 2608 personam,
571 2535 604 2596 et
619 2534 773 2594 similiter
789 2534 882 2595 vobis
902 2534 935 2594 et
948 2533 1026 2594 aliis

232 2628 385 2689 fidelibus
400 2631 523 2691 nostris
539 2630 572 2690 in
587 2630 951 2707 patrimoniollcclesiae
966 2645 1027 2706 per

232 2726 386 2786 Tusciam
399 2727 586 2788 constitutis
606 2743 666 2804 per
680 2727 840 2787 honorem
866 2727 930 2803 ipsi
953 2726 1025 2802 regi

232 2821 417 2883 exhibitum
431 2823 617 2898 providere,
635 2839 789 2899 maguam
803 2825 929 2900 partem
940 2826 1027 2901 ejus·

233 2918 307 2979 dem
323 2920 526 2995 patrimonii,
543 2921 629 2982 sicut
643 2923 766 2981 nostrae
781 2921 900 2982 litterae
922 2936 1027 2995 gene-

232 3016 323 3077 rales
347 3031 406 3077 vos
431 3017 561 3093 plenius
576 3017 770 3089 edocebunt,
788 3020 859 3094 ejus
883 3032 971 3078 curae
986 3031 1026 3077 ac

232 3114 400 3190 regimini,
418 3115 575 3191 quamdiu
590 3116 746 3176 Ecclesiae
770 3118 929 3177 Romanae
952 3115 1027 3192 pla-

233 3217 352 3283 cuerit,
368 3215 523 3277 duximus
536 3216 814 3278 committendam.
839 3217 923 3288 Quia
945 3231 1024 3290 ergo

235 3312 413 3388 specialem
442 3312 482 3374 de
510 3313 604 3374 vobis
637 3313 792 3375 fiduciam
825 3313 1024 3385 obtinemus,

235 3408 399 3486 speciales
414 3425 516 3487 super
527 3410 591 3472 hoc
616 3410 712 3472 uobis
728 3411 856 3471 litteras
871 3410 1025 3471 destina·

232 3507 352 3579 vimus,
367 3507 620 3570 universitatem
641 3509 788 3570 uestram
802 3509 973 3569 monentes
993 3507 1026 3568 el

231 3602 404 3665 hortantes
417 3606 552 3677 attente,
575 3620 616 3666 ac
630 3621 698 3682 ,per
717 3604 908 3682 apostohca
930 3602 1025 3665 vobis

229 3701 354 3777 scripta
385 3701 526 3764 firmiter
558 3702 781 3779 praecipiendo
816 3700 1023 3772 mandantes,

231 3797 318 3873 quod
333 3799 515 3859 secundum
535 3800 654 3860 uestrae
676 3798 833 3875 potentiae
856 3798 1026 3873 magnitu-

230 3893 340 3954 dinem
357 3895 420 3971 ipsi
441 3895 514 3972 regi
529 3895 705 3971 magnifice
726 3895 864 3971 obsequi
886 3895 1024 3956 studea-

229 3989 284 4061 tis,
300 3992 335 4052 ut
344 3992 454 4053 vestro
467 3991 569 4052 sultus
584 3992 743 4069 obsequio
753 3992 859 4068 possit
867 3992 966 4068 juxta
976 3991 1026 4052 in·

228 4086 410 4149 tentionem
430 4089 578 4149 nostram
598 4089 716 4150 sedare
743 4089 938 4161 discordIas,
964 4104 1024 4149 re-

228 4184 375 4246 formare
397 4201 522 4263 pacem,
543 4185 711 4247 custodire
733 4187 866 4258 stratas,
889 4187 923 4246 et
944 4185 1023 4257 alia,

229 4298 303 4359 quae
313 4282 354 4344 ad
371 4283 532 4345 honorem
546 4283 745 4360 Apostolicae
762 4283 868 4356 Sedis,
883 4284 916 4343 et
928 4284 1025 4343 tran-

230 4378 428 4455 quillitatem
443 4383 476 4442 et
492 4383 614 4443 statum
629 4383 728 4442 terrae
753 4379 816 4440 sibi
840 4379 1024 4441 commissae

229 4476 417 4552 pertinent,
461 4478 642 4540 elsscaciter
683 4493 859 4549 exercere,
899 4492 1025 4553 nosque

230 4588 326 4649 quem
341 4573 502 4634 honorem
517 4575 604 4636 dicto
629 4576 701 4652 regi
714 4574 899 4636 exhibitum
926 4574 1025 4634 exhi-

228 4668 301 4728 beri
326 4669 553 4746 reputabimus
579 4658 787 4746 nobisipsis,
814 4671 1025 4731 devotionem

227 4768 375 4827 uestram
396 4768 429 4828 et
444 4766 542 4827 fidem
557 4767 789 4829 commendare
810 4767 930 4828 merito
958 4767 1022 4827 de·

227 4862 376 4925 beamus·
391 4864 509 4925 Datum
523 4865 692 4935 Laterani,
713 4866 742 4925 V
756 4863 823 4923 kal.
849 4863 1022 4936 februarii,

227 4961 440 5039 pontificatus
451 4962 555 5024 nostri
570 4977 661 5023 anno
671 4961 862 5022 undecimo.

268 5116 311 5174 Io
324 5117 483 5175 eumdem
503 5113 823 5185 meretricularum
840 5111 892 5173 est
907 5110 1022 5187 potes-

229 5210 352 5271 tatibus
368 5213 400 5272 et
413 5209 544 5287 populis
565 5208 840 5279 vetrallensibus,
865 5206 1022 5267 Tuderti-

228 5307 293 5378 nis,
311 5306 642 5383 Balneoregensibus,
660 5305 938 5375 Tuscanensibus,
955 5306 1026 5364 hu-

228 5402 441 5474 reliensibus,
485 5402 693 5475 cornetanis,
744 5399 1021 5471 viterbiensibus,

228 5499 482 5571 Ortanensihus,
496 5500 685 5576 Nepesinis,
703 5499 861 5569 Sutrinis,
878 5498 1024 5560 ciuitatIs

231 5594 429 5658 castellanae
442 5597 476 5657 et
488 5599 611 5675 populo
625 5597 799 5660 Perusino.

851 283 1029 347 HONORII
1050 285 1097 346 111
1117 286 1265 350 OPERA.

1416 457 1539 545 XLIX

1111 633 1164 691 Au
1174 635 1330 706 priorem
1347 634 1380 695 et
1391 637 1546 698 abbatem
1558 639 1600 698 de
1611 640 1689 709 Les,
1705 642 1848 701 ordinata

1351 733 1600 795 cisterciensis.

1343 861 1377 918 18
1388 860 1514 934 januarii
1529 863 1610 921 liii.

1182 979 1279 1044 [libai
1294 982 1375 1045 Opera
1391 983 1525 1048 diplomat.
1538 991 1564 1035 st
1573 985 1645 1045 hist,
1658 986 1689 1046 II,
1703 987 1774 1053 851]

1080 1110 1212 1169 Pontifex
1224 1114 1419 1186 tranquillitati
1429 1130 1463 1172 ac
1477 1116 1565 1188 quieti
1579 1118 1786 1176 monachorum
1798 1121 1883 1179 Lau·

1115 1199 1374 1346 Ἓιεὶιιωωτᾱίηἰε
1385 1204 1591 1275 Gistemiensis,
1600 1204 1675 1279 apud
1684 1208 1799 1266 insulas
1809 1223 1887 1266 con-

1115 1304 1131 1346 s
1161 1291 1191 1347 it.

1120 1416 1791 1495 Honoriusepiscopus,servasservorum
1799 1424 1882 1494 Dei,

1080 1511 1211 1574 dilectis
1225 1511 1304 1574 filiis
1318 1514 1430 1577 abbati
1442 1520 1475 1578 et
1489 1518 1593 1592 priori
1608 1517 1649 1578 de
1661 1520 1737 1589 Los,
1752 1520 1887 1582 Cister-

1078 1610 1203 1670 ciensis
1217 1611 1355 1684 ordinis,
1371 1614 1592 1675 'l'ornacensis
1616 1614 1782 1687 dimcesis,
1814 1633 1885 1678 sa-

1080 1706 1181 1769 lutem
1196 1710 1230 1769 et
1242 1709 1466 1785 Apostolicam
1475 1710 1750 1773 benedictionem.

1120 1806 1200 1865 Cum
1227 1821 1315 1882 saepe
1341 1808 1511 1882 contingat
1537 1811 1671 1884 propter
1690 1825 1884 1872 causarum

1080 1902 1297 1977 cognitiones,
1324 1904 1504 1979 quaevobis
1528 1904 1760 1982 frequentare
1787 1908 1885 1970 Sede

1079 1999 1269 2074 apostolica
1289 2001 1547 2073 committuntur,
1569 2003 1604 2061 in
1629 2001 1722 2062 uobis
1746 2008 1883 2066 sanctae

1079 2097 1367 2173 contemplationis
1386 2098 1488 2160 otium
1504 2099 1669 2175 impediri,
1685 2101 1718 2160 et
1729 2116 1882 2162 monas-

1079 2193 1200 2254 terium
1219 2198 1367 2256 restrum
1385 2211 1452 2257 non
1474 2196 1638 2257 modicam
1660 2196 1737 2258 inde
1755 2197 1883 2258 laesio-

1080 2305 1155 2351 nem
1170 2291 1330 2364 incurrat,
1345 2294 1535 2354 nosuestris
1549 2294 1701 2354 inclinati
1713 2295 1880 2370 precibus

1079 2388 1113 2447 et
1127 2388 1229 2463 quieti
1243 2390 1362 2450 vestrae
1372 2390 1546 2465 providere
1556 2390 1833 2465 misericorditer,
1845 2394 1885 2454 et

1079 2485 1288 2546 indemnitati
1303 2487 1449 2562 eJ'usdem
1473 2489 1668 2550 monasterii
1693 2504 1795 2565 super
1810 2490 1884 2552 hoc

1079 2597 1269 2657 praecavere
1280 2583 1441 2656 uolentes
1455 2586 1653 2646 auctoritate
1668 2585 1762 2647 vobis
1779 2603 1882 2661 prae-

1078 2679 1222 2740 seutium
1237 2679 1458 2755 indulgemus,
1471 2696 1513 2741 ne
1528 2681 1569 2741 de
1583 2681 1694 2740 causis
1704 2681 1884 2757 aliquibus

1080 2775 1277 2837 auctoritate
1290 2777 1481 2853 apostolica
1494 2777 1528 2838 iu
1545 2779 1712 2853 posterum
1727 2794 1884 2853 cognos-

1079 2874 1278 2944 cereinuiti,
1305 2874 1370 2934 nisi
1386 2874 1573 2936 obtinendae
1601 2875 1643 2935 ad
1666 2891 1725 2935 vos
1749 2875 1883 2940 litterae

1080 2968 1211 3044 plenam
1226 2970 1267 3031 de
1290 2970 1353 3031 hac
1375 2972 1582 3048 indulgenda
1606 2972 1748 3033 iecerint
1771 2988 1882 3033 men-

1079 3065 1214 3139 tionem,
1240 3067 1342 3129 salris
1367 3070 1480 3132 tamen
1512 3068 1803 3131 commissionibus
1835 3072 1885 3133 ad

1079 3179 1139 3223 uos
1154 3164 1314 3226 hactenus
1328 3167 1523 3242 impetratis.
1536 3167 1628 3227 Nulli
1640 3182 1720 3242 ergo
1733 3168 1884 3230 omnino

1080 3260 1251 3322 hominum
1266 3262 1365 3324 liceat
1379 3264 1466 3324 hanc
1480 3265 1635 3339 paginam
1651 3265 1774 3325 uostrae
1790 3280 1883 3325 con-

1080 3357 1242 3418 cessionis
1253 3358 1446 3434 infringere,
1463 3361 1517 3420 uel
1537 3360 1569 3421 ei
1584 3375 1669 3421 ausu
1690 3360 1882 3424 temerario

1080 3455 1258 3514 contraire.
1271 3455 1306 3514 Si
1317 3455 1390 3531 quis
1405 3458 1515 3517 autem
1526 3456 1589 3517 hoc
1603 3458 1768 3518 attentare
1784 3473 1884 3533 prae-

1079 3550 1269 3625 sumpserit,
1279 3552 1541 3625 indignatIonem
1552 3554 1789 3629 omnipotentIs
1799 3558 1879 3630 Dei,

1080 3648 1113 3707 et
1137 3645 1309 3709 beatorum
1336 3649 1427 3710 Petri
1457 3650 1491 3710 et
1517 3649 1615 3710 Pauli
1641 3651 1880 3726 apostolorum
1954 3728 1955 3733 ἵ

1080 3745 1164 3820 ejus,
1182 3759 1218 3804 se
1239 3745 1369 3807 notorii
1384 3746 1606 3807 incursurum.
1629 3749 1748 3808 Datum
1773 3750 1884 3811 Late-

1080 3840 1166 3909 rani,
1179 3843 1238 3902 XV
1253 3841 1321 3902 hal.
1337 3841 1509 3917 februarii,
1526 3844 1738 3921 ponuucatus
1763 3848 1883 3909 nostri

1080 3952 1167 3998 anno
1182 3938 1366 4001 undecimo.

1462 4164 1493 4250 L

1238 4326 1290 4385 Ad
1303 4328 1499 4399 episcopum
1511 4328 1711 4388 Meteusem.

1342 4455 1376 4512 18
1392 4455 1516 4528 januarii
1531 4456 1609 4513 liae.

1089 4575 1208 4640 11193831,
1221 4577 1266 4629 111).
1278 4579 1322 4635 XI,
1332 4578 1407 4643 epist.
1418 4578 1472 4628 Iao.
1482 4579 1540 4629 IIss.
1550 4581 1588 4630 La
1600 4581 1674 4631 Porta
1687 4579 1722 4631 du
1736 4581 1835 4647 Thou]

1079 4706 1208 4779 Praecipit
1228 4705 1256 4761 ei
1278 4710 1309 4761 ut
1331 4705 1483 4776 pecuniam
1504 4719 1591 4775 quem
1611 4718 1626 4761 a
1650 4705 1793 4774 iuvenali,
1819 4707 1885 4765 nuo

1113 4794 1258 4867 quondam
1273 4791 1406 4851 Maudicta'
1421 4791 1523 4849 nobilis
1537 4791 1609 4849 cium
1625 4793 1746 4851 Romani
1757 4802 1882 4853 mutua·

1113 4891 1203 4953 uerat,
1217 4882 1318 4939 solvat

1118 5010 1285 5071 Honorius
1293 5008 1479 5084 episcopus,
1489 5023 1605 5068 seruus
1615 5022 1789 5070 servorum
1801 5012 1882 5084 Dei,

1078 5106 1261 5168 venerabili
1281 5105 1414 5171 tratri...
1437 5088 1592 5181 episcopo
1612 5104 1763 5176 Metensi,
1782 5108 1887 5169 salu-

1078 5205 1144 5266 tem
1158 5206 1193 5264 et
1207 5202 1430 5279 Apostolicam
1444 5201 1720 5262 benedictionem.

1120 5301 1266 5361 Dilectus
1285 5299 1374 5359 filius
1395 5298 1577 5369 luvenalis,
1601 5298 1691 5358 illius
1705 5300 1884 5374 quondam

1079 5397 1251 5468 Mandicti,
1274 5395 1397 5457 nobilis
1419 5395 1502 5456 civis
1523 5395 1675 5465 Romani,
1701 5395 1735 5454 in
1759 5400 1886 5463 nostra

1079 5496 1252 5572 proposuit
1266 5494 1446 5570 praesentia
1464 5493 1673 5564 constitutus
1695 5493 1885 5569 quodcum

1079 5592 1151 5671 ipse
1179 5591 1354 5669 quamdam
1394 5590 1453 5652 tihi
1488 5589 1689 5653 mutuaverit
1722 5594 1885 5667 pecuniae
