3950 6200
288 308 352 370 695
713 309 747 370 S.
775 307 950 369 ANTONII
983 307 1169 369 PADUANI
1198 308 1335 368 OPERA
1366 307 1512 370 OMNIA.
1858 313 1902 375 696

286 466 485 532 confirment
508 466 648 532 virtutes
662 467 698 527 in
721 465 874 528 subditis.
897 466 992 529 Unde
1004 465 1085 528 sub·
1140 466 1288 543 gladium
1303 467 1444 539 Domini,
1458 468 1500 530 de
1512 483 1577 546 quo
1591 465 1653 530 Job
1667 466 1732 547 (19,
1745 466 1798 547 29)
1814 473 1903 531 :elu-

282 565 438 643 Jungitur
454 585 461 623 :
479 564 701 625 incurvantur
712 563 753 624 nd
765 561 879 625 loetum
890 564 926 625 ut
938 562 1082 639 pariant,
1139 564 1239 640 gitea
1254 563 1339 625 lacie
1360 564 1473 640 gladii,
1495 566 1652 643 quoniam
1668 565 1755 627 ultor
1769 567 1902 642 iniquita·

287 660 375 723 idest
389 660 428 721 de
443 659 554 736 rigore
578 660 738 722 doctrinae
761 660 946 732 remittunt,
973 661 1010 721 ut
1032 659 1087 720 in·
1139 663 1208 722 tum
1218 661 1350 737 gladius
1362 662 1432 722 est:
1455 666 1488 725 et
1503 664 1620 724 scitote
1635 663 1903 739 essejudicium.»

284 747 458 829 docibiles,
472 759 504 819 et
513 757 654 818 rebelles
665 757 809 834 pariant.
824 757 916 829 Quod
928 773 994 818 non
1010 756 1084 833 pla·
1140 760 1177 819 in
1206 760 1347 820 Threnis
1370 759 1413 837 (3,
1430 761 1482 838 47)
1514 782 1521 820 :
1549 760 1717 832 Formido,
1739 764 1772 821 et
1789 761 1902 838 laqueus

287 856 340 916 cet
352 854 548 932 quandoque
570 854 823 926 detractoribus,
838 855 895 932 qui
917 870 991 916 cum
1007 856 1083 914 Ozm
1140 855 1227 917 lacta
1241 860 1318 919 suut
1333 857 1414 917 mihi
1430 856 1477 937 (l)
1493 858 1699 926 vaticinatio.
1714 859 1748 920 et
1755 860 1901 932 contritio;

286 952 345 1029 qui
367 951 607 1028 interpretatur
631 952 799 1024 robustus,
820 968 937 1013 manus
963 952 1084 1013 exten·
1140 954 1236 1031 quasi
1264 953 1381 1016 dicat:
1411 956 1559 1017 contrita
1587 958 1665 1017 sunt
1699 955 1782 1015 mihi
1814 958 1901 1017 omnia

285 1050 379 1120 dunt,
398 1052 433 1110 ut
448 1064 560 1110 arcam
575 1049 737 1120 relevent,
752 1039 858 1110 bobus
873 1048 1087 1111 recalcitran·
1140 1051 1287 1113 membra
1308 1066 1379 1113 mea
1400 1051 1458 1123 ita,
1484 1052 1568 1129 quod
1584 1068 1605 1113 a
1620 1052 1734 1130 planta
1750 1053 1838 1129 pedis
1854 1069 1901 1112 non

285 1146 375 1208 tibus
399 1147 606 1208 inclinatam.
634 1150 720 1208 Arca
746 1151 797 1208 θεῖ
824 1147 1014 1222 praelatus„
1029 1146 1085 1224 qui
1140 1152 1190 1210 θεῖ
1207 1148 1242 1209 in
1261 1149 1310 1209 eis
1326 1150 1464 1210 sanitas.
1482 1150 1900 1211 vaticinanturmihitimo·

287 1244 577 1306 recalcitrantibus
592 1243 746 1315 subditis,
762 1245 927 1321 temperat
941 1245 1085 1321 rigorem
1140 1262 1210 1307 rem
1236 1249 1370 1308 aeternae
1401 1246 1647 1323 damnationis;
1676 1247 1765 1308 unde
1788 1247 1902 1308 lormido

286 1342 515 1416 correctionis,
540 1341 708 1403 inclinans
723 1359 759 1403 se
781 1341 823 1402 ad
841 1341 1009 1403 subditum
1025 1341 1082 1413 ita,
1139 1343 1235 1421 quasi
1251 1345 1388 1422 laqueus
1402 1344 1484 1404 mihi
1496 1344 1687 1421 imponitur.
1706 1346 1824 1405 Sumus
1837 1346 1902 1405 enin

286 1439 374 1516 quod
386 1438 541 1500 videatur
553 1439 679 1502 veritas
699 1439 878 1500 inclinari:
894 1442 927 1501 θῖ
946 1441 1011 1499 Oza
1029 1453 1086 1498 ro-
1139 1457 1254 1503 omnes
1269 1442 1364 1519 quasi
1380 1441 1438 1503 bos
1454 1442 1576 1518 ligatus
1595 1442 1637 1503 ad
1661 1442 1843 1511 macellum,
1859 1457 1903 1502 ex·

286 1536 403 1599 bustus
419 1537 585 1599 detractor
596 1536 745 1598 extendit
760 1551 893 1596 manum
906 1535 1085 1613 repreben·
1140 1542 1277 1617 pectens
1292 1540 1435 1601 securim
1450 1539 1490 1600 ad
1507 1539 1659 1601 frontem.
1677 1540 1779 1600 Funis
1796 1541 1842 1599 esi
1853 1539 1903 1598 sih

287 1635 405 1706 sionis,
434 1636 471 1696 ut
493 1635 601 1696 elevet
620 1650 744 1695 arcam.
769 1634 832 1694 Sed
859 1633 938 1711 quia
954 1637 1086 1695 nonest
1140 1637 1283 1697 humana
1299 1659 1306 1697 ε
1323 1636 1460 1713 laqueus
1475 1636 1563 1697 lunis
1580 1638 1631 1699 est
1644 1653 1749 1712 mors3
1765 1639 1902 1712 etquanto

288 1730 473 1808 discipulus
486 1747 587 1809 super
602 1732 809 1807 magistrum,
826 1732 942 1792 timeat
954 1747 962 1804 ;
974 1746 1016 1791 ne
1027 1748 1086 1791 su·
1139 1736 1329 1797 extenditur
1343 1735 1444 1808 lunis,
1469 1737 1562 1796 tanto
1586 1735 1695 1811 magis
1717 1734 1846 1810 stringit
1862 1735 1902 1793 la·

287 1844 348 1907 per
360 1829 546 1891 tomeritate
561 1830 763 1906 corripiatur
784 1843 962 1906 percussus
984 1844 1004 1889 a
1019 1831 1085 1890 Ilo-
1139 1849 1253 1910 queus,
1272 1834 1320 1894 ita
1344 1834 1429 1910 quod
1445 1837 1568 1910 quanto
1583 1833 1774 1896 extenditur
1791 1833 1862 1902 sita,
1880 1833 1903 1892 et

189 1955 201 2014 s
288 1926 390 1988 mino.
1139 1932 1350 2009 processerit,
1369 1934 1459 1993 tanto
1470 1932 1569 1993 citior
1582 1934 1634 1993 est
1649 1947 1749 1992 mors.

1180 2029 1357 2107 Sequitur:
1384 2029 1479 2090 «Vir
1504 2030 1639 2105 sapiens
1657 2028 1903 2105 placabiteam.»

542 2098 682 2158 SERMO
707 2098 821 2157 XLIX·
1138 2127 1245 2188 Nabal
1259 2127 1319 2206 (5),
1339 2127 1396 2204 qui
1416 2127 1655 2202 interpretatur
1676 2126 1807 2195 stultus,
1827 2140 1904 2185 eras

289 2240 331 2297 De
346 2238 451 2312 duplici
464 2239 506 2296 ira
526 2240 588 2306 Dei,
604 2240 713 2297 scilicet
725 2253 779 2312 qua
800 2237 956 2311 allliglmur
970 2237 999 2294 iu
1013 2252 1082 2310 pre·
1138 2227 1233 2301 perat
1248 2224 1364 2296 David,
1381 2224 1513 2301 quaudo
1529 2224 1632 2286 mittit
1654 2223 1698 2283 ad
1723 2239 1797 2283 eum
1820 2223 1851 2282 in
1865 2220 1905 2280 die

323 2329 409 2397 senti,
425 2336 453 2385 et
468 2344 531 2401 quae
548 2334 635 2385 restat
649 2329 678 2385 in
690 2327 793 2385 tuturo.
809 2327 935 2397 Qualiter
949 2327 1083 2399 mitigare
1138 2322 1235 2394 bona,
1253 2325 1288 2383 ut
1302 2321 1344 2383 ab
1356 2337 1396 2382 eo
1411 2322 1555 2397 accipiat
1569 2321 1841 2382 benedictionem.
1853 2321 1904 2377 ie-

324 2415 471 2474 debemus.
1138 2435 1195 2481 rus
1221 2420 1310 2481 enim
1336 2419 1452 2491 David,
1478 2418 1630 2479 Christus
1651 2418 1790 2491 scilicet,
1815 2417 1846 2477 in
1864 2415 1906 2474 die

1137 2518 1235 2590 bona,
1250 2517 1337 2579 idest
1348 2518 1497 2593 tempore
1520 2516 1638 2593 gratiae
1658 2517 1811 2593 expectat
1831 2527 1905 2574 ano-

1137 2614 1190 2676 bis
1218 2613 1483 2676 benedictionem
1510 2612 1673 2694 bonorum
1700 2628 1843 2689 operum,
1861 2608 1904 2669 sed

1140 2712 1260 2773 stultus
1274 2714 1378 2772 Deum
1393 2714 1582 2787 exasperat,
1600 2712 1634 2772 et
1647 2710 1764 2771 incitat
1774 2709 1815 2770 ad
1829 2709 1905 2768 iram.

289 2561 458 2625 (lucratam
484 2564 540 2622 tra
558 2564 596 2622 iu
610 2560 847 2636 circumlatione
859 2561 945 2631 ejus,
962 2558 1084 2620 etoile

330 2660 365 2718 tu
378 2659 553 2719 voluntate
568 2662 653 2730 ejus.
671 2657 775 2736 (Psal.
787 2659 838 2729 29,
854 2654 904 2735 6.)

329 2808 368 2866 In
392 2810 449 2868 tra
472 2808 523 2869 est
546 2808 711 2883 vindicta;
732 2808 767 2867 in
783 2808 856 2867 otta
872 2806 943 2878 Dei,
960 2806 1029 2866 rita
1051 2808 1084 2866 et
1140 2807 1202 2870 Sed
1214 2808 1345 2884 Abigail
1360 2809 1494 2884 sapiens
1508 2808 1618 2884 placat
1632 2822 1719 2878 eum,
1736 2823 1809 2867 cum
1826 2805 1852 2866 ei
1866 2801 1905 2864 ol·

291 2903 385 2964 salus
402 2907 539 2965 aeterna.
560 2905 866 2980 patriarchatum,
882 2903 917 2963 in
933 2905 1081 2963 Prorer-
1138 2906 1201 2968 lert
1214 2906 1340 2977 vinum,
1361 2906 1447 2982 quod
1471 2905 1618 2966 laetidcat
1633 2920 1702 2978 cor,
1718 2903 1803 2965 idest
1827 2914 1907 2977 opera

291 2999 590 3081 biis(16,ltet15)
608 3000 973 3077 :eludignatioregia
990 3014 1081 3059 nun·
1138 3003 1323 3076 charitatis,
1356 3018 1430 3081 quse
1464 3002 1656 3064 exhilarent
1687 3005 1801 3063 Deum.
1835 2997 1907 3060 Unde

291 3099 364 3160 cius
410 3097 458 3179 (1)
503 3100 634 3173 mortis3
678 3100 732 3161 vir
760 3099 896 3175 sapiens
937 3095 1084 3174 placabit
1138 3100 1830 3179 nenesubjungitur:mmtaritatevuitus
1850 3100 1904 3172 ejus

292 3212 368 3259 eum
385 3196 432 3277 (2)
448 3215 455 3259 :
469 3200 506 3258 ln
522 3198 693 3259 hilaritate
707 3197 819 3259 vultus
832 3199 904 3273 ejus
912 3196 972 3275 (3),
989 3195 1056 3257 vita
1072 3217 1080 3256 ε
1138 3197 1224 3270 vita;
1246 3196 1341 3273 quasi
1357 3195 1447 3258 dicat
1463 3217 1470 3256 ε
1497 3195 1581 3277 Quia
1605 3194 1807 3256 exhilaravit
1825 3188 1906 3254 baril

289 3296 325 3355 et
347 3295 524 3358 clementia
554 3299 627 3373 eJus
651 3294 747 3372 quasi
758 3293 864 3354 imber
874 3293 1084 3355 serotinus.»
1139 3293 1235 3354 donis
1249 3293 1331 3365 suis,
1347 3295 1502 3355 assecuta
1517 3294 1569 3355 est
1581 3293 1696 3353 vitam.
1709 3291 1830 3352 Detulit
1838 3289 1907 3350 enim

289 3392 480 3469 Indignatio
494 3394 595 3469 regie,
607 3393 694 3454 idest
706 3392 777 3462 Dei,
801 3391 945 3453 nuncius
965 3390 1083 3451 mortis
1138 3407 1259 3453 massae
1272 3390 1415 3462 caricas,
1430 3390 1517 3452 idest
1530 3390 1613 3451 licus
1637 3390 1754 3460 siccas,
1766 3404 1837 3465 quae
1849 3383 1908 3445 dul·

289 3490 359 3563 est;
388 3490 473 3568 quod
501 3490 585 3551 bene
613 3491 780 3552 testantur
801 3489 913 3551 omnia
935 3487 1083 3548 membra
1139 3504 1194 3549 ces
1219 3489 1306 3560 sunt,
1335 3489 1368 3550 et
1389 3487 1464 3549 ideo
1490 3485 1667 3573 designant
1682 3501 1781 3563 opera
1797 3480 1908 3545 miseri·

288 3588 416 3660 nostra,
440 3590 473 3648 et
487 3588 623 3665 propria
637 3587 826 3659 infirmitas,
845 3601 919 3664 quae
940 3586 1083 3646 mortem
1139 3585 1273 3656 cordiae,
1289 3586 1322 3646 et
1337 3585 1482 3662 pietatis
1499 3585 1614 3662 quaein
1631 3583 1831 3646 conscientia
1846 3577 1908 3639 dul·

288 3684 439 3746 nunciat.
471 3686 541 3746 Hoc
578 3686 713 3761 propter
747 3684 930 3744 uindictam
962 3680 1082 3741 inobe·
1139 3682 1290 3743 cedinem
1306 3683 1388 3758 spei,
1410 3683 1443 3744 et
1463 3682 1593 3759 praemii
1608 3681 1779 3757 generant.
1795 3677 1907 3740 Etbene

288 3780 424 3842 dientiae
443 3782 626 3858 primorum
651 3783 836 3858 parentum.
864 3779 959 3842 Unde
982 3781 1082 3840 Jere-
1139 3779 1273 3848 dicitur,
1294 3794 1426 3851 massae,
1443 3779 1521 3856 quia
1545 3778 1711 3841 charitate
1733 3788 1907 3854 compressu

289 3877 366 3938 miae
382 3875 428 3956 (2,
454 3877 506 3956 19)
524 3900 531 3937 :
548 3895 567 3937 e
582 3880 706 3952 urguet
734 3879 766 3940 te
794 3876 924 3938 malitia
952 3878 1024 3948 tua,
1051 3875 1085 3935 et
1139 3876 1291 3949 luerunt;
1311 3877 1389 3954 quia
1402 3876 1488 3954 quod
1504 3890 1734 3952 compressum
1748 3878 1806 3945 est,
1818 3872 1907 3934 minus

295 3974 428 4035 aversio
446 3975 503 4036 tua
517 3974 704 4051 increpabit
716 3978 758 4037 te.
776 3993 794 4034 a
809 3974 948 4036 aversio
970 3975 1039 4044 tua,
1064 3987 1083 4031 a
1138 3974 1282 4046 ridetur,
1300 3990 1361 4035 nec
1375 3973 1711 4036 ventointervolante
1726 3973 1855 4049 rapitur.
1869 3970 1907 4027 lta

289 4072 357 4132 Deo
382 4070 522 4143 scilicet,
540 4072 692 4147 increpat
717 4075 750 4133 te
775 4072 833 4142 ita,
856 4069 942 4148 quod
970 4067 1082 4130 omnia
1139 4087 1241 4148 opera
1256 4074 1370 4133 nostra
1386 4070 1909 4147 compressavideantur‚etparu

288 4168 378 4229 mala
419 4166 702 4240 adversariorum,
732 4170 765 4230 et
789 4168 1021 4237 tentationum,
1051 4168 1083 4226 et
1139 4170 1306 4246 putentur,
1330 4183 1372 4229 ne
1393 4170 1492 4230 vento
1517 4168 1630 4229 inanis
1649 4168 1767 4245 gloriae
1780 4167 1910 4227 interuo-

290 4266 419 4339 mortis
448 4268 481 4328 et
509 4266 733 4327 damnationis
760 4265 821 4328 tibi
850 4265 975 4325 insunt.
991 4262 1085 4325 Unde
1139 4263 1826 4343 lauterapiantur.1isexhilaraturhavid,
1840 4256 1912 4320 etel-

289 4362 486 4440 subjungit:
503 4365 635 4436 «Scite,
653 4366 686 4425 et
700 4362 787 4435 vide,
804 4362 883 4439 quia
899 4360 1035 4431 malum,
1052 4361 1086 4420 et
1139 4362 1267 4439 fugitur
1281 4377 1381 4435 mors,
1398 4363 1533 4440 vitaque
1546 4362 1753 4424 conceditur.

289 4473 440 4520 amarum
462 4461 523 4533 est,
552 4460 729 4539 reliquisse
743 4463 777 4522 te
792 4459 967 4520 Dominum
980 4460 1084 4518 Deum
1180 4460 1365 4538 Sequitur:
1396 4458 1579 4521 Clementia
1606 4462 1680 4536 ejus
1707 4457 1798 4537 quasi
1818 4452 1913 4516 imber

289 4557 394 4624 tuum,
411 4560 444 4619 et
458 4574 525 4619 non
539 4573 613 4618 esse
627 4558 714 4634 apud
726 4560 759 4619 te
774 4557 926 4619 timorem
937 4555 1015 4628 mei,
1029 4554 1083 4614 di·
1139 4557 1318 4619 serotinus.
1335 4557 1433 4628 Nota,
1447 4556 1533 4634 quod
1552 4558 1644 4619 terra
1666 4554 1844 4617 Palaestina
1860 4549 1913 4609 du-

289 4652 336 4715 cit
357 4654 517 4714 Dominus
543 4657 631 4715 Deus
656 4654 994 4716 exercituum.»Non
1009 4667 1084 4713 esse
1141 4655 1221 4731 plici
1259 4653 1366 4716 imbre
1389 4653 1653 4730 compluebatur.
1684 4648 1914 4730 ingrediebatur

288 4749 377 4826 apud
392 4751 425 4811 te
440 4751 594 4812 timorem
616 4753 697 4828 mei;
714 4752 810 4829 quasi
826 4750 915 4812 dicat
931 4771 939 4809 ε
956 4748 1083 4810 indicta
1139 4751 1247 4813 imber
1268 4752 1451 4813 matutinus
1476 4751 1512 4812 iu
1540 4751 1680 4822 semiue,
1703 4749 1862 4811 serotinus
1885 4742 1915 4802 in

292 4847 345 4909 est
356 4848 449 4909 tanta
462 4863 571 4924 poena,
593 4849 705 4911 ettam
721 4847 906 4923 multiplex.
928 4846 1023 4909 Unde
1049 4845 1084 4905 in
1139 4863 1258 4920 messe,
1273 4848 1473 4910 Matutinum
1488 4846 1627 4909 imbrem
1643 4847 1769 4909 conlert
1780 4844 1839 4905 Dei
1855 4840 1913 4901 cle·

288 4946 430 5009 Tbrenis
442 4945 486 5025 (3,
501 4946 533 5026 1)
551 4968 559 5008 :
575 4964 594 5007 ε
609 4950 678 5024 Ego
692 4947 746 5007 vir
759 4945 877 5006 videns
905 4948 1086 5020 pauperta-
1139 4946 1264 5007 mentia
1279 4960 1354 5006 cum
1368 4946 1476 5021 gratia
1487 4945 1658 5021 operante,
1671 4946 1705 5007 et
1714 4940 1912 5019 cooperante:

290 5045 357 5106 tem
373 5059 480 5104 meam
507 5045 542 5104 in
569 5044 666 5119 virga
687 5041 931 5117 indignationis
956 5043 1084 5117 ejus3»
1140 5042 1269 5103 confert
1284 5042 1469 5103 serotinum
1482 5058 1557 5102 cum
1577 5043 1689 5118 gratia
1703 5039 1912 5103 confirmante-

290 5141 386 5218 quasi
399 5141 489 5202 dicat
505 5161 512 5200 :
530 5140 565 5201 Si
579 5141 680 5202 tantae
702 5138 906 5216 paupertatis
923 5155 1027 5215 usque
1050 5137 1085 5198 in
1139 5142 1186 5202 De
1201 5140 1265 5201 bac
1279 5140 1455 5201 clementia
1471 5138 1613 5200 babetur
1628 5138 1663 5200 iu
1676 5139 1789 5200 Esther
1805 5134 1849 5213 (4,
1860 5132 1913 5207 li).

289 5237 442 5299 ultimum
458 5237 626 5298 hominem
642 5237 775 5298 extenta
792 5237 843 5298 θεῖ
855 5236 950 5312 virga
966 5235 1087 5296 adcor·
1139 5238 1226 5316 quod
1239 5252 1337 5298 nemo
1352 5236 1602 5312 ingrediebatur
1614 5237 1737 5298 atrium
1750 5235 1861 5295 domus
1873 5244 1915 5289 re

289 5334 473 5397 rectionem
504 5356 511 5395 ε
543 5334 617 5412 quis
657 5333 865 5396 damnandus
908 5332 1086 5395 sustinebit
1139 5335 1203 5410 giae
1219 5349 1286 5396 non
1296 5335 1445 5406 vocatus,
1465 5333 1531 5395 nisi
1546 5334 1581 5395 in
1596 5334 1730 5411 signum
1743 5326 1912 5394 clementia

342 5490 370 5563 Ι)
390 5493 477 5566 vmg‘
490 5493 596 5551 Πυθώ·
1176 5494 1217 5565 (l)
1230 5493 1316 5566 vulg.
1327 5489 1401 5550 lacta
1416 5499 1460 5548 est
1475 5490 1565 5581 nobjs.

327 5562 575 5705 (ξῖξῗιῖξῖἓὲἶθ
1177 5561 1548 5637 lurnesianus..
