3950 6200
65 358 108 422 (09
552 335 660 398 PARS
682 330 849 404 QUINTA.
865 354 905 370 -
920 321 1165 393 COLLOQUIA.

68 514 104 575 sed
113 507 213 570 suldeit
222 505 294 564 milri
314 451 556 573 intemporalia,
572 492 648 567 qued
663 491 765 549 iratres
778 486 836 544 mei

68 598 200 662 tustediaut
213 610 246 653 se
257 609 275 651 a
287 591 413 667 peccatis
425 584 612 645 mortalibus»
629 582 681 652 (l).

268 765 499 836 caccabulum
522 762 626 820 xvltt.

70 892 163 967 sptem
172 891 270 946 teneo
280 883 406 951 mentiri,
419 881 467 951 qai
481 879 520 934 eci
537 875 708 945 Relipienctn
721 868 841 927 sinislra

303 969 455 1028 intentione
466 964 581 1023 accedit.

93 1094 231 1153 Eeinitate
253 1090 369 1146 Lucana
395 1082 509 1155 juvenis
537 1078 667 1151 quidam,
694 1076 842 1145 parentum

74 1184 147 1245 nutri
165 1181 301 1255 prosapia
318 1175 422 1240 clarus,
444 1169 495 1227 sed
512 1168 598 1225 nimia
616 1163 731 1221 levitate
749 1167 779 1217 et
798 1160 840 1215 iu-

76 1272 205 1333 constantia
222 1267 372 1332 obseurus,
388 1260 423 1318 ad
443 1260 584 1331 lacrymas
599 1266 685 1326 quam
708 1248 743 1307 ad
755 1248 842 1305 deve·

75 1367 155 1422 lienem
190 1354 360 1432 promptior,
385 1346 519 1406 humanis
549 1340 718 1415 quibusdam
750 1336 845 1394 causis

74 1444 295 1511 condescendens,
316 1454 373 1497 uon
395 1437 448 1496 Dei
467 1434 567 1508 spiritu
583 1432 716 1504 agitatus,
738 1425 774 1483 ad
788 1422 844 1481 ira·

74 1552 112 1599 ros
125 1535 254 1602 accessit,
264 1543 351 1602 seque
362 1528 474 1585 illorum
488 1512 845 1594 catalogoadseribimaxi·

73 1640 169 1701 mopere
190 1622 264 1681 velie
280 1616 463 1692 significavit.
486 1613 577 1682 Quem
591 1616 622 1667 ut
636 1606 672 1665 ad
686 1608 717 1663 li.
735 1605 847 1661 Patrem

72 1718 238 1781 adduxeruut,
249 1709 346 1768 multis
360 1704 482 1780 prolusis
497 1699 641 1774 lacrymis,
657 1703 685 1752 et
702 1692 769 1750 fleto
782 1704 848 1748 cum

72 1805 163 1863 lactere
188 1800 224 1859 ad
255 1812 338 1856 suum
371 1792 480 1852 admitti
502 1787 678 1848 consortium
706 1779 849 1839 humililer

74 1896 149 1953 innuo
167 1888 290 1963 rogavit.
312 1886 366 1954 Qui
385 1889 511 1939 externae
524 1876 647 1937 tintinnis
663 1872 806 1937 conscius,
822 1874 851 1925 et

74 1985 173 2040 uerae
194 1975 350 2050 tepiditatis
368 1986 425 2028 non
450 1970 580 2043 ignarus,
602 1968 745 2022 commoto
760 1958 850 2024 vultu,

75 2080 92 2129 tt
99 2070 185 2127 tarbis
193 2062 393 2137 increpatoriis
406 2060 446 2117 ait
461 2076 468 2115 :
483 2080 494 2108 ι
507 2057 604 2123 Miser,
616 2061 700 2123 atque
717 2047 851 2114 carnalis,

76 2152 264 2231 relictui),
277 2150 388 2223 spiritui
397 2153 497 2205 sancte
504 2143 643 2209 mentiris,
655 2146 684 2197 et
694 2151 740 2194 me
755 2133 852 2192 lallare

77 2246 158 2321 cupis?
166 2242 325 2305 carnaliter
334 2237 458 2311 plangis,
466 2241 495 2291 et
511 2233 628 2307 spiritus
641 2235 707 2286 tuus
719 2224 854 2283 cumben

77 2352 119 2393 ton
132 2340 182 2392 est.
193 2329 284 2397 Vade,
302 2325 337 2385 ad
347 2323 478 2383 carnales
485 2327 641 2386 revertere,
661 2310 855 2389 spiritualibus

77 2440 121 2482 non
151 2437 181 2480 es
207 2419 326 2493 diguus,
344 2413 480 2487 quoniam
504 2409 575 2467 nihil
596 2403 782 2491 spiritualiter
806 2413 853 2457 sa·

80 2515 138 2587 tis»
153 2510 164 2583 l
180 2508 204 2582 l·

142 2589 146 2594 ’
290 2624 522 2696 notaequtuu
546 2621 627 2679 xcx.

83 2749 253 2809 luciliesdea
275 2750 301 2803 ei
323 2745 422 2814 sanem
442 2734 646 2811 prosequendos
665 2732 712 2790 etti
730 2725 860 2786 instituti

386 2830 534 2886 zelatores.

111 2955 171 3013 Cam
188 2949 304 3008 cuidam
329 2942 480 3011 sacerdoti,
499 2941 529 2998 in
543 2937 689 3009 theologia
706 2931 858 3006 magistro,

85 3042 244 3117 misisset
261 3036 365 3093 beatus
381 3034 473 3099 Pater,
487 3028 588 3085 iratres
603 3040 619 3082 a
634 3023 731 3081 stricta
745 3017 862 3091 Regula

85 3130 248 3188 obseruantia
261 3125 397 3199 paulatim
408 3119 609 3184 declinaturos,
619 3111 699 3186 petiit
709 3111 758 3166 ille
773 3106 863 3165 avire

86 3221 127 3277 bei
135 3218 276 3276 licentiam
285 3214 387 3270 tutiora
400 3216 428 3266 et
440 3206 619 3279 religiosiora
632 3202 693 3257 loca
703 3194 863 3269 Religionis

86 3306 194 3380 petendi,
209 3305 234 3363 si
245 3297 409 3374 bujusmedi
423 3293 617 3353 relaxatiosua
633 3295 717 3346 aetate
731 3286 863 3342 oriretur.

87 3395 269 3467 luibanignus
283 3392 377 3447 Pater.
387 3382 513 3454 «Quodn
525 3377 716 3453 mepestulns,
731 3372 866 3432 adhriste

89 3486 149 3542 seins
161 3483 210 3541 tibi
225 3494 291 3538 esse
303 3488 483 3541 eoncessum,
499 3482 674 3539 manumque
686 3479 771 3536 super
783 3466 867 3534 caput

89 3573 139 3645 eius
159 3573 312 3644 imponens
342 3564 381 3621 ait
406 3579 413 3620 :
437 3562 479 3618 ‘lu
504 3573 536 3616 es
558 3553 697 3615 Sacerdos
724 3552 754 3608 in
783 3556 865 3606 aeter·

91 3676 146 3717 num
172 3657 263 3730 (Psoi.
280 3669 337 3723 ctx,
352 3650 382 3722 9)
393 3646 540 3707 secundun
563 3643 693 3702 ordinem
717 3636 866 3698 Melchise-

93 3747 171 3806 nen»
188 3746 241 3822 (a).

325 3854 630 3929 ccuneeutuuxx.

96 3995 242 4065 illinierat
260 3992 381 4048 ieateim
400 3975 790 4053 mneintopereennsolaacios,
810 3987 870 4028 nte·

122 4082 423 4154 enumqnesartelarunt
435 4087 492 4129 esne
501 4069 668 4141 prefectum,
675 4060 874 4122 initiationibus

123 4170 234 4228 ementi.

124 4287 162 4344 ad
176 4285 314 4357 majorem
325 4279 491 4336 meritorum
501 4272 646 4330 eumulum
658 4266 788 4341 permisit
799 4266 876 4320 bens

99 4373 198 4432 mnium
228 4373 346 4429 fratrem
372 4364 530 4438 lligerium,
559 4375 595 4416 cx
624 4354 773 4428 discipulis
798 4351 876 4408 beati

100 4463 177 4520 Patris
198 4474 300 4528 unum,
315 4458 391 4514 inter
413 4451 508 4508 varias
529 4456 557 4505 et
578 4444 688 4503 validas
706 4442 878 4500 tentationes

100 4551 230 4608 murman
240 4548 389 4609 fluctuare,
404 4541 444 4597 ita
456 4546 487 4597 ut
502 4536 651 4608 aliquoties
672 4528 879 4603 desperationis

101 4639 241 4710 pedalum
251 4634 369 4694 subiret.
383 4632 454 4688 Cum
464 4641 532 4683 vero
541 4624 631 4682 semel
642 4621 759 4687 diutius,
774 4625 803 4674 et
817 4617 880 4689 plus

101 4727 173 4783 selite
187 4725 348 4783 firmissime
364 4723 542 4791 quateretur,
563 4725 661 4770 seeum
678 4710 716 4765 iia
731 4704 879 4778 cogitavit,

103 4813 190 4872 dicens
199 4831 206 4869 :
215 4816 346 4884 Surgam,
355 4813 381 4864 el
394 4806 437 4862 ibe
447 4805 484 4860 ad
496 4804 610 4859 Patrem
621 4811 713 4854 menen
723 4796 880 4868 (Leeae,uv,

105 4902 142 4974 ii)
157 4918 164 4957 ε
179 4902 224 4974 qui
243 4901 269 4958 si
284 4894 461 4956 familiariter
480 4898 508 4948 et
527 4890 653 4946 humane
674 4900 721 4942 me
732 4882 881 4953 receperit,

105 4989 185 5046 ileum
199 4987 267 5046 mibi
280 4986 340 5043 lere
355 4982 509 5057 propitium
524 4974 662 5050 sperab03
677 4974 722 5030 siu
734 4972 823 5039 aliter,
836 4983 883 5025 me

105 5079 217 5134 nubat
250 5073 437 5144 dereliquisse
470 5065 614 5141 judicabo.
650 5061 757 5130 Quibus
784 5057 882 5125 dietis,

107 5163 154 5221 iter
174 5181 190 5223 a
207 5163 331 5223 llarcbia
349 5159 527 5218 anconitana
547 5151 688 5211 assisium
706 5162 816 5215 versus,
837 5144 885 5202 ubi

107 5249 200 5310 beatus
210 5255 290 5312 Pater
305 5251 336 5306 iu
354 5247 436 5307 Curia
452 5241 606 5317 episcopali
623 5252 730 5312 magno
745 5243 774 5293 et
786 5234 886 5292 ultime

135 5403 180 5474 (ἱ)
194 5404 294 5470 Pisae,
310 5398 360 5456 lib.
378 5399 414 5465 ll,
425 5395 506 5464 Gens.
518 5392 570 5450 iet
584 5391 611 5448 6.

145 5474 185 5540 li)
198 5475 298 5538 Pisae„
314 5470 363 5527 lib.
378 5469 406 5534 2,
421 5466 501 5536 Gens.
515 5465 541 5520 6.

146 5544 185 5611 (3)
200 5544 300 5610 Pisan,
313 5538 441 5666 premere
454 5536 565 5592 citatus.

118 5681 123 5689 ι
147 5613 186 5680 lb)
204 5613 305 5680 Pisum,
326 5610 363 5667 ib.
374 5623 395 5674 r,
403 5608 485 5676 Gens.
494 5607 521 5674 8,
532 5605 562 5659 iu
576 5602 641 5657 Vile
651 5596 888 5667 Fratritiiiperii,

118 5695 145 5735 tu
162 5689 237 5739 tract.
253 5685 291 5739 lJe
307 5676 459 5738 Provincia
468 5674 603 5736 llarcltt'e
611 5690 622 5741 ;
637 5672 707 5730 Bon.
725 5685 750 5727 c.
768 5668 811 5735 ll,
827 5674 891 5739 post

1622 312 1682 375 tto

890 481 991 541 morbo
1002 494 1157 555 oppressus
1166 474 1334 544 decubabat,
1346 474 1398 531 iter
1409 470 1585 548 aggreditur.
1598 472 1686 547 Cuius

892 572 1076 629 fluctuantem
1106 568 1245 635 animum,
1267 564 1367 633 verba,
1386 570 1416 621 et
1438 563 1548 621 itineris
1567 578 1685 621 eausam

892 661 960 719 dum
980 660 1045 732 pius
1064 661 1146 716 Pater
1167 656 1277 713 coelitus
1289 655 1417 728 agnovit,
1440 652 1513 710 dues
1532 667 1567 709 ex
1586 653 1683 722 sociis,

893 752 1045 808 blassaeum
1060 754 1089 804 et
1104 747 1238 812 Leonem,
1251 745 1280 800 in
1299 757 1449 800 occursum
1462 742 1524 814 ejus
1538 742 1625 811 misit,
1637 742 1687 813 qui

894 853 960 897 eum
972 837 1098 909 benigne
1113 835 1281 906 reciperent.
1296 854 1307 882 ι
1325 834 1375 901 lte,
1387 831 1488 903 inquit,
1504 830 1617 887 obviam
1628 829 1684 887 ira·

895 929 930 986 tri
954 925 1081 999 lligerie,
1103 923 1151 995 qui
1167 920 1225 977 hue
1245 935 1291 978 me
1313 921 1405 977 visum
1426 920 1504 976 venit
1522 927 1551 976 ei
1567 936 1602 976 ex
1621 934 1685 976 mea

897 1022 976 1089 parte
991 1014 1069 1072 illum
1085 1011 1289 1084 amplexantes,
1305 1009 1424 1066 dulciter
1438 1009 1595 1066 salutantes
1605 1016 1633 1065 et
1644 1023 1689 1067 es·

897 1103 1035 1170 calantes,
1051 1099 1137 1157 dieite
1149 1098 1199 1166 illi,
1216 1095 1291 1169 qued
1306 1096 1398 1167 ipsum
1414 1110 1472 1168 prae
1486 1095 1619 1153 omnibus
1629 1093 1685 1153 ira·

898 1191 997 1260 tribus,
1013 1189 1061 1262 qui
1073 1188 1181 1260 degunt
1197 1186 1226 1242 in
1237 1186 1372 1242 universe
1385 1183 1501 1253 mundo,
1518 1185 1583 1240 tetis
1595 1185 1687 1242 visce-

899 1280 976 1337 ribus
989 1278 1088 1350 diiige.
1105 1298 1116 1326 s
1131 1274 1211 1345 Quod
1226 1281 1256 1331 ut
1267 1288 1334 1331 nere
1348 1272 1514 1329 obedientes
1524 1273 1688 1346 compleve-

900 1376 975 1438 runt,
1001 1366 1147 1424 titubantis
1162 1364 1276 1420 animus
1295 1362 1423 1418 omnimo
1442 1360 1612 1419 firmaturiu
1624 1360 1690 1433 lide,

901 1466 929 1516 et
944 1465 1018 1514 totus
1037 1453 1123 1511 home
1151 1452 1245 1510 subite
1265 1458 1309 1508 est
1325 1449 1494 1523 liquefactus
1515 1466 1550 1507 ex
1573 1450 1691 1523 gaudie.

902 1549 961 1604 Dee
976 1559 1046 1617 erge
1059 1544 1168 1617 gratias
1179 1543 1248 1613 agit,
1258 1540 1333 1613 quod
1345 1555 1513 1612 prosperum
1528 1538 1626 1596 lecerit
1640 1540 1695 1597 iter

902 1648 985 1692 suum
1005 1631 1040 1689 ad
1056 1632 1151 1688 lecum
1172 1629 1221 1686 ubi
1246 1629 1375 1686 infirmus
1396 1636 1424 1686 et
1438 1627 1592 1702 languidus
1611 1631 1696 1686 Pater

901 1722 1023 1798 jacebat.
1034 1720 1086 1789 Qui
1096 1719 1318 1791 accessitmagis
1335 1716 1445 1774 latuere
1455 1717 1583 1775 caritatis
1594 1718 1693 1775 iucen-

903 1828 963 1880 sus,
979 1824 1064 1883 quam
1077 1809 1204 1881 corperis
1217 1807 1376 1864 autvirium
1395 1805 1648 1883 reberetflrmatus,
1664 1806 1695 1863 iu

904 1913 1054 1959 occursum
1068 1896 1132 1970 ejus
1141 1895 1239 1965 exiliit,
1253 1902 1281 1953 et
1291 1894 1327 1953 ad
1340 1896 1444 1952 cellum
1454 1897 1518 1969 ejus
1532 1895 1695 1968 procidens,

905 1997 1026 2064 paterne
1049 1986 1153 2044 ellectu
1175 1986 1235 2042 ait:
1254 2006 1266 2036 ι
1288 1984 1442 2043 carissime
1476 1984 1574 2057 lligeri
1594 2001 1601 2040 :
1624 1984 1699 2041 inter

906 2093 1008 2136 omues
1025 2075 1137 2145 iratres,
1152 2075 1200 2147 qui
1215 2080 1281 2131 suut
1293 2074 1322 2130 iu
1336 2080 1394 2130 tete
1409 2072 1525 2142 munde,
1542 2079 1570 2129 te
1589 2088 1624 2130 ex
1640 2078 1700 2130 tete

907 2167 994 2225 eorde
1012 2167 1112 2222 intime
1134 2162 1232 2236 dilige,
1257 2165 1294 2220 Et
1312 2160 1396 2219 fronti
1413 2162 1475 2234 eius
1496 2162 1700 2236 erucisimpri·

908 2270 990 2314 meus
1004 2255 1131 2328 signum,
1147 2261 1176 2309 et
1190 2252 1287 2309 oscula
1305 2250 1406 2307 eodem
1418 2251 1482 2308 lece
1499 2249 1623 2323 inligans
1637 2250 1677 2307 ait
1692 2266 1699 2307 :

909 2344 1063 2404 (latissime
1078 2340 1128 2411 lili,
1139 2340 1202 2397 baee
1221 2340 1340 2397 tentatie
1362 2338 1428 2396 data
1443 2339 1548 2396 esttibi
1560 2338 1596 2396 ad
1611 2340 1701 2396 maxi·

910 2447 990 2491 mum
1009 2438 1090 2488 tuum
1116 2427 1284 2501 proiectum.
1311 2425 1366 2484 Sed
1397 2428 1421 2483 si
1441 2442 1499 2484 nen
1517 2427 1561 2484 vis
1581 2428 1705 2501 amplius

911 2517 1075 2595 hujusmodi
1093 2518 1214 2586 lucrum,
1231 2516 1307 2573 nulla
1325 2515 1373 2573 tibi
1394 2516 1423 2572 iu
1442 2522 1587 2588 posterum
1602 2531 1703 2589 super·

912 2609 1009 2667 veniet
1023 2598 1332 2665 tentatioautaliiictie.
1351 2603 1501 2662 »Mirabile
1513 2604 1591 2662 dictu
1606 2621 1613 2662 :
1630 2620 1705 2678 prae·

913 2713 980 2756 sens
995 2696 1090 2754 statim
1107 2694 1224 2752 evanuit
1243 2693 1372 2762 tentatie,
1389 2707 1444 2751 nee
1458 2693 1514 2751 ulla
1528 2701 1626 2767 pastea
1639 2709 1705 2753 suc·

914 2787 1001 2846 cessit
1016 2783 1132 2842 afflietio
1146 2782 1199 2856 (l).

1145 2944 1377 3014 concentuum
1397 2942 1475 3002 XXI.

917 3073 1051 3145 Magnam
1078 3069 1313 3128 determinaret
1332 3067 1363 3125 in
1386 3067 1513 3126 advent
1532 3067 1712 3139 patientiam.

953 3193 1082 3266 Quodam
1098 3209 1133 3251 ex
1143 3192 1229 3250 seclis
1241 3198 1396 3264 querente,
1408 3206 1473 3263 quae
1482 3192 1610 3264 etqualia
1625 3193 1715 3252 ilino

919 3284 999 3343 ribus
1016 3283 1073 3341 sint
1087 3278 1221 3353 patienda
1236 3286 1285 3336 aut
1303 3278 1462 3346 toleranda,
1484 3287 1512 3337 et
1526 3279 1641 3337 beatum
1656 3280 1711 3337 Pa·

920 3378 993 3427 trem
1003 3366 1177 3441 inpatientia
1192 3363 1425 3437 probatissimum
1433 3364 1555 3434 dicente,
1568 3366 1616 3421 ait.
1629 3366 1714 3423 ‹Non

922 3472 968 3515 me
978 3456 1137 3531 judicarem
1153 3453 1278 3521 lratrem,
1293 3453 1347 3509 nisi
1366 3452 1394 3509 in
1407 3460 1492 3522 statu,
1505 3467 1590 3524 quem
1604 3454 1653 3510 tibi
1663 3451 1713 3510 de·

923 3547 1050 3620 pinxere.
1064 3547 1139 3601 Eece
1153 3558 1204 3614 pro
1220 3544 1276 3598 mei
1290 3539 1376 3598 efficii
1397 3541 1517 3610 ratione,
1531 3549 1559 3597 et
1570 3549 1601 3597 ut
1612 3541 1715 3612 praela·

923 3643 1016 3696 terum
1027 3629 1719 3703 mesest,vadeadcapitulum,cenneuieiratrea

924 3722 1029 3781 ibidem
1056 3726 1260 3794 congregatos,
1288 3734 1416 3793 propone
1446 3720 1490 3776 eis
1515 3720 1566 3776 bei
1586 3719 1716 3789 verbum,

925 3823 1095 3869 commoneo
1122 3808 1159 3866 de
1184 3807 1340 3865 delentibus
1363 3807 1597 3881 quibuscumque.
1612 3808 1720 3877 Quibus

926 3900 1046 3973 expletis
1064 3899 1217 3970 insurgunt
1239 3904 1338 3954 centra
1358 3911 1405 3954 me
1428 3894 1539 3967 fratres,
1563 3903 1592 3955 et
1608 3896 1719 3955 dicuat:

927 3990 991 4046 Nea
1006 3986 1143 4044 convenis
1162 3984 1254 4053 nobis,
1274 3999 1328 4043 uec
1345 3986 1416 4042 satis
1430 4000 1462 4042 es
1475 3984 1614 4043 ideoueus
1628 4000 1718 4058 geue-

928 4076 996 4134 relis
1011 4083 1059 4134 aut
1070 4075 1229 4148 Superioris
1241 4072 1336 4131 elficio
1351 4091 1358 4131 :
1375 4072 1536 4146 quld'enim
1552 4074 1633 4131 nobis
1645 4080 1723 4131 reete

930 4166 1095 4241 precipere,
1104 4161 1246 4236 quomode
1256 4160 1329 4219 bene
1343 4162 1506 4236 gubernare
1520 4164 1622 4236 peterit
1635 4161 1724 4219 bema

931 4252 1104 4320 illitteratus,
1120 4252 1255 4324 elinguis,
1265 4251 1364 4320 idiota,
1381 4259 1409 4308 et
1423 4252 1568 4324 simplex?
1587 4249 1667 4309 Unde
1686 4250 1738 4307 de·

931 4351 1027 4400 cetero
1039 4356 1096 4398 uon
1111 4354 1269 4414 presumas
1281 4347 1309 4396 te
1320 4346 1447 4396 nestrum
1456 4339 1605 4396 nominare
1619 4338 1721 4411 prela·

932 4438 1002 4489 nrm.
1022 4428 1150 4487 Tandem
1173 4427 1271 4500 ejiciet
1290 4442 1355 4484 eum
1381 4426 1541 4499 opprobrio,
1564 4428 1673 4496 irrisus,
1695 4434 1725 4485 et

932 4521 1088 4591 vilipensus
1104 4516 1139 4574 ab
1149 4515 1290 4573 omuibus.
1305 4515 1443 4584 biennia,
1456 4515 1513 4571 uisi
1525 4515 1723 4585 eedemvullu,

934 4608 1035 4666 eadem
1050 4605 1155 4662 menis
1169 4605 1276 4672 laetitia,
1288 4611 1316 4661 et
1330 4603 1432 4666 eedem
1447 4605 1606 4663 sanctitatis
1621 4620 1730 4678 prope·-

935 4697 990 4754 site
1004 4694 1067 4752 baec
1085 4692 1171 4750 verba
1187 4690 1314 4764 audiere,
1335 4707 1370 4750 ac
1389 4693 1443 4751 alia
1463 4707 1650 4770 qaaecumque
1663 4694 1725 4767 pla·

935 4783 1104 4852 cannanei
1124 4797 1188 4854 quse
1209 4781 1238 4837 in
1260 4780 1397 4838 bonorem
1420 4797 1515 4840 meum
1538 4783 1727 4855 preleruutur,

937 4889 983 4932 me
1004 4873 1120 4930 lratrem
1139 4871 1279 4929 blinerem
1300 4884 1480 4942 nequaquam
1496 4871 1639 4943 judicabo.
1655 4872 1728 4928 Nam

937 4964 962 5020 si
985 4960 1099 5036 gaudeo
1128 4967 1156 5017 et
1179 4961 1273 5017 exulte
1290 4974 1355 5017 eum
1383 4974 1429 5016 me
1453 4959 1594 5018 honorant
1615 4965 1730 5032 propter

939 5050 1110 5126 proiectum,
1139 5049 1288 5117 virtulem,
1316 5055 1345 5104 et
1373 5046 1554 5104 devotionem
1585 5050 1729 5119 ipsorum,

938 5140 987 5198 ubi
1010 5147 1107 5197 tamen
1135 5138 1239 5194 animae
1265 5150 1336 5193 meae
1365 5135 1521 5207 periculum
1544 5149 1608 5192 esse
1624 5141 1729 5207 petest,

940 5230 1029 5287 multo
1044 5227 1138 5300 magis
1150 5224 1240 5282 debeo
1257 5221 1408 5297 jucundari
1424 5231 1452 5280 et
1469 5222 1601 5280 delectari
1614 5222 1649 5279 de
1664 5238 1729 5296 pre·

942 5375 1235 5462 med31ledul.,l.p,in
1247 5374 1312 5431 Vtro
1320 5373 1550 5444 liiperiimniett.
1561 5374 1683 5432 Florenti.
1692 5378 1732 5433 lli

943 5451 1109 5533 pariliter,
1123 5453 1165 5504 ttl.
1182 5446 1226 5513 23,
1243 5459 1268 5500 0·
1282 5443 1505 5570 2‚}33Vi¹¹⁰⁰sst
1519 5445 1643 5514 130¹V³⁰·2
1658 5447 1732 5518 llp.,

943 5525 1029 5588 tht„
1050 5519 1068 5575 l.
1090 5519 1139 5585 31,
1164 5530 1189 5572 c.
1216 5515 1287 5584 ¹0⁰3
1333 5515 1423 5584 poeni.
1449 5516 1564 5583 Frena,
1587 5513 1634 5573 iel.
1661 5516 1732 5574 lb9·

945 5587 1183 5660 ttoretumnao.
1314 5601 1320 5610 '
1723 5559 1732 5587 ³
