3950 6200
226 319 263 380 91
663 319 718 378 ΑΙ)
740 318 878 380 OPERA
900 319 933 379 S.
957 319 1179 381 FRANOESCI
1200 321 1427 384 ASSISIATIS
1816 334 1850 397 90)

224 494 322 540 suum
346 494 413 542 non
435 492 564 554 parere.
586 477 727 553 Propter
747 477 834 555 quod
855 478 1017 540 0001001·
1071 479 1187 555 patris,
1204 479 1277 562 ,boc
1302 482 1535 557 cognoscentis
1555 482 1589 544 in
1610 484 1743 560 spirito,
1768 491 1850 568 rigor

226 576 334 649 haria,
347 575 500 637 sanitatis
513 577 671 652 tempore,
685 574 743 638 vix
759 575 964 648 admittebat,
982 579 1016 638 et
1071 576 1231 652 pristinus
1253 579 1363 642 cordis
1385 580 1418 641 et
1438 580 1588 656 corporis
1612 582 1679 648 sihi
1700 583 1761 647 suit
1783 589 1848 663 ple-

225 689 318 748 rarc;
335 670 479 734 admissa
495 686 586 746 vero,
605 671 873 736 autcondciebat
888 673 1013 741 cinere,
1071 674 1167 734 narie
1182 676 1365 738 restitutus.

224 769 1016 846 auteondimentisaporemadmixtioneaquaeut
1112 772 1253 847 Rigidns
1277 772 1310 833 iu
1345 773 1522 851 disciplina
1550 791 1652 852 super
1679 781 1849 843 custodiam

224 868 403 945 plurimum
413 866 573 928 reddebat
583 866 922 944 insipidumhepotu
936 867 1015 946 qnid
1070 883 1165 930 suam
1193 869 1316 942 stabat,
1341 887 1456 932 curam
1480 874 1720 948 permaximam
1742 891 1848 951 gerens

223 963 852 1041 dicamlcumetdeaqnafrigida,dum
866 966 1016 1028 sitisses·
1070 965 1111 1026 de
1133 966 1306 1045 utriusque
1327 968 1471 1030 hominis
1496 970 1642 1045 puritate
1663 975 1819 1036 0011011111
1841 998 1848 1036 :

222 1064 332 1128 tnaret
345 1061 476 1131 ardore,
492 1061 550 1123 vix
568 1060 609 1122 ad
625 1061 860 1124 sufficientiam
874 1062 1013 1125 biberet
1069 1067 1273 1141 quapropter
1295 1066 1385 1130 circa
1415 1068 1645 1136 conversionis
1668 1070 1847 1145 primordia,

222 1159 336 1221 Modus
358 1156 592 1220 adinveniebat
617 1158 827 1222 abstinentiae
854 1161 1013 1237 potiores,
1069 1163 1217 1238 tempore
1235 1162 1383 1238 hiemali,
1401 1165 1435 1226 in
1451 1163 1580 1230 ioveam
1602 1166 1733 1241 plenam
1754 1167 1849 1241 glacie

219 1259 254 1320 et
268 1255 415 1334 qnotidie
427 1256 669 1318 exercitatione
678 1257 1015 1336 crescebatelicetque
1070 1258 1216 1336 seipsum
1229 1260 1423 1337 plerumque
1437 1262 1618 1337 mergebat,
1634 1266 1671 1323 ut
1683 1265 1719 1324 et
1731 1264 1850 1326 domes-

216 1352 1014 1433 jamperiectionisculmenattingeret,tanquam
1069 1354 1171 1416 ticum
1191 1356 1258 1418 sihi
1281 1357 1414 1422 hostem
1443 1358 1588 1435 perlecto
1612 1358 1802 1436 subiiceret,
1822 1365 1850 1424 et

216 1452 382 1528 incipiens
400 1465 529 1527 semper
544 1450 669 1529 aliquid
684 1452 878 1524 innovabat,
905 1452 1014 1515 afflic·
1068 1452 1245 1514 candidum
1258 1455 1491 1517 vestimentum
1503 1456 1671 1533 pudorisa
1682 1458 1848 1535 voluptatis

217 1548 364 1614 tionibus
380 1547 491 1609 carnis
509 1548 678 1626 puniendo
699 1549 884 1611 libidinem.
908 1553 1014 1627 11310-
1067 1549 1224 1614 incendio
1235 1557 1467 1628 precesserat
1475 1554 1697 1618 Tolerabilius
1708 1557 1776 1618 viro
1790 1557 1850 1633 spi-

178 1663 180 1666 ’
219 1646 896 1725 dienstamenexterius,propterverbum
909 1651 1014 1710 Evau-
1067 1649 1182 1710 rituali
1197 1649 1268 1711 1010
1283 1650 1592 1727 incomparabiliter
1605 1653 1849 1718 memoras

216 1744 310 1822 gelii,
327 1743 555 1810 conformabat
569 1760 605 1806 se
625 1745 886 1822 suscipientibus
900 1747 1012 1823 ipsum
1030 1795 1034 1812 .
1066 1759 1168 1822 gnum
1191 1745 1357 1808 sustinere
1371 1747 1477 1823 frigus
1493 1748 1528 1810 in
1544 1764 1658 1823 carne,
1680 1765 1775 1825 qnam
1795 1766 1848 1812 aro

217 1940 314 2020 uiora
330 1955 502 2016 regressus
521 1938 671 2004 districte
695 1943 846 2002 servaret
866 1940 1012 2017 rigidam
1066 1939 1131 1998 tire
1147 1939 1181 2000 in
1195 1941 1316 2002 mente.
1333 1944 1413 2002 cum
1426 1945 1537 2004 autem
1552 1944 1640 2019 apud
1658 1958 1800 2006 eremum
1812 1944 1847 2008 do

217 2029 428 2108 abstinentiae
465 2038 691 2114 parcitatem„
713 2038 833 2115 sicque
865 2038 1011 2115 seipsum
1067 2036 1248 2100 sarthiano
1261 2041 1357 2100 nocte
1369 2039 1510 2116 quadam
1523 2040 1669 2104 orationi
1681 2041 1847 2104 vacaretis

217 2137 388 2216 austerum
400 2133 477 2205 sibi,
490 2134 672 2198 humanum
686 2134 850 2211 proximo,
877 2133 1013 2212 0011100-
1067 2133 1198 2206 aalma,
1216 2135 1349 2197 vocavit
1360 2151 1437 2196 enm
1452 2135 1558 2202 1100110
1579 2137 1747 2214 antiquas,
1760 2138 1847 2200 101110

216 2232 286 2294 tum
300 2230 480 2306 Evangelio
500 2230 623 2291 Christi
643 2230 835 2310 peremnia
856 2231 1010 2305 reddens,
1065 2229 1392 2304 diconszaraucisce,
1402 2232 1592 2306 1110101000,
1603 2233 1847 2296 1110001000011

215 2344 284 2392 non
301 2327 407 2392 solum
422 2327 629 2399 abstinendo,
639 2327 857 2390 verumetiam
870 2328 1013 2391 mandn-
1065 2342 1140 2390 enm
1162 2327 1241 2403 quid
1256 2331 1421 2406 quareret
1441 2329 1681 2406 respondisset,
1695 2329 1847 2392 fallaciter

216 2425 322 2490 cando
347 2423 515 2504 praebebat
534 2425 769 2490 aedificationis
807 2427 1009 2504 exemplum
1066 2424 1124 2488 ille
1138 2423 1334 2500 subjunxit:
1351 2425 1472 2488 Nullus
1486 2426 1585 2487 estin
1606 2427 1731 2490 mundo
1746 2440 1847 2503 pecca·

215 2523 314 2588 Nuda
329 2524 471 2595 humus,
500 2523 538 2585 ut
560 2522 778 2599 frequentius,
806 2523 913 2585 lectus
936 2525 1012 2598 erat
1065 2522 1129 2593 tor,
1142 2520 1209 2592 cui,
1224 2520 1255 2582 si
1269 2537 1451 2586 conversus
1466 2521 1576 2594 suerit,
1595 2539 1664 2596 non
1687 2522 1845 2598 indulgeat

159 2612 161 2616 ’
214 2620 341 2684 lassato
356 2620 624 2696 corpuscu103et
639 2620 762 2697 saepius
772 2620 903 2693 sedens,
916 2620 1011 2697 ligno
1062 2618 1170 2690 Datis3
1190 2617 1247 2680 sed
1261 2619 1459 2696 quicumque
1471 2619 1686 2695 semetipsum
1700 2619 1846 2696 poeniten

215 2718 269 2780 vel
280 2715 389 2795 lapide
398 2717 441 2777 ad
457 2719 556 2794 capnt
567 2717 686 2796 posito,
702 2716 898 2790 dormiebat,
911 2719 1011 2780 unica
1065 2715 1111 2778 tia
1122 2714 1206 2778 dura
1219 2717 1400 2788 necaverit,
1414 2716 1679 2780 misericordiam
1692 2717 1845 2778 noninve·

214 2830 361 2892 paupere
393 2815 562 2876 contectus
598 2811 760 2886 tunicula,
789 2814 824 2875 in
861 2814 1011 2877 1110111010
1064 2811 1135 2874 niet
1149 2813 1367 2878 inaeternum.
1383 2814 1500 2878 Statim
1515 2814 1639 2878 virbei
1654 2813 1845 2890 pei-revela·

214 2912 358 2976 Domino
385 2910 551 2973 serviebat
569 2911 602 2973 et
623 2911 759 2988 frigore.
782 2913 1010 2987 Interrogatus
1064 2909 1188 2990 11011011
1204 2911 1360 2988 cognovit
1373 2910 1480 2974 hostis
1494 2910 1675 2983 fallaciam,
1691 2911 1844 2989 quomodo

215 3008 396 3086 aliqnando
419 3007 582 3086 quomodo
608 3007 731 3070 vestitu
759 3010 826 3069 tam
852 3008 944 3070 tenui
974 3024 1010 3072 se
1064 3006 1164 3067 nixus
1179 3006 1368 3069 fueritonm
1383 3007 1426 3070 ad
1440 3007 1553 3084 tepida
1577 3023 1747 3084 revocare.
1769 3009 1844 3069 Nan

215 3105 385 3184 posset-ab
400 3106 554 3167 hiemalis
569 3106 693 3183 algoris
708 3107 889 3185 asperitaie
908 3107 1007 3172 tueri,
1064 3102 1127 3167 hoo
1164 3121 1307 3182 sequens
1334 3105 1496 3179 iudicavit
1519 3108 1669 3175 eventus.
1692 3107 1842 3169 Continuo

212 3204 252 3272 in
273 3204 411 3286 spiritus
432 3202 561 3265 fervore
584 3203 780 3279 respondit:
801 3203 836 3264 Si
855 3219 1009 3280 superna
1064 3194 1843 3281 enimposthocsdinsuidationenbrionnae

213 3302 333 3379 patriae
353 3301 488 3365 flamma
508 3316 568 3381 per
587 3299 790 3381 desiderium
812 3303 1009 3377 contegere·
1062 3299 1189 3361 halitus
1198 3315 1335 3376 prunos
1354 3303 1481 3363 nruiere
1497 3298 1596 3380 secu,
1610 3302 1727 3378 gravis
1744 3300 1842 3378 ipsum

214 3413 291 3461 mur
320 3398 471 3471 interius,
495 3398 600 3475 frigus
625 3397 712 3459 istud
734 3398 886 3461 exterius
909 3396 1008 3461 facile
1063 3396 1175 3459 carnis
1200 3397 1338 3459 10010110
1363 3396 1596 3473 apprehendit.

213 3498 435 3579 portaremps.
1103 3495 1206 3565 Quam
1222 3497 1258 3554 ut
1271 3494 1447 3570 praesensit
1458 3495 1621 3556 castitatis
1638 3498 1775 3567 amator,
1790 3494 1844 3555 de·

139 3665 144 3675 ¹
254 3594 362 3654 Vestis
386 3594 545 3655 horrebat
571 3593 762 3665 mollitiem,
792 3595 1007 3673 asperitatem
1063 3590 1170 3667 posita
1184 3592 1287 3663 veste,
1302 3590 1428 3652 chorda
1443 3592 1543 3668 coepit
1553 3607 1589 3653 se
1604 3593 1779 3655 verberare
1790 3591 1846 3651 loo

213 3690 356 3763 amabat,
389 3706 543 3752 asserens
579 3693 716 3767 propter
754 3691 818 3752 hoo
844 3694 1007 3756 ioannem
1061 3688 1189 3749 tissime
1204 3710 1211 3747 :
1228 3688 1278 3758 ni,
1295 3688 1461 3765 inquiens,
1489 3687 1594 3751 irater
1619 3692 1726 3763 asine,
1754 3689 1800 3749 sic
1816 3689 1844 3748 te

213 3791 396 3865 Baptistam
424 3803 482 3848 ore
495 3786 607 3847 divino
631 3787 734 3848 inisse
758 3787 939 3850 laudatum.
971 3789 1006 3851 Si
1062 3785 1312 3856 decetmanere,
1326 3784 1375 3846 sic
1393 3784 1507 3849 subire
1529 3786 1711 3864 flagellum.
1728 3784 1842 3849 Tunica

213 3886 345 3964 quando
370 3899 450 3946 vero
468 3884 504 3944 in
530 3883 608 3945 data
623 3883 687 3944 sihi
705 3885 819 3946 tunica
834 3886 1006 3947 lenitatem
1060 3881 1216 3958 religioni
1241 3881 1399 3954 deservit,
1433 3882 1841 3961 sanctitatisxsignaculun

213 3982 363 4051 sentiret,
386 3980 555 4042 chordulis
581 3996 654 4041 eam
690 3981 889 4044 contexebat
917 3983 1007 4044 inte-
1061 3978 1213 4055 praefert:
1229 3979 1335 4040 iurari
1348 3994 1421 4040 eam
1433 3979 1611 4043 libidinoso
1622 3998 1691 4043 non
1704 3980 1782 4042 iicet
1796 3975 1841 4037 :si

212 4078 295 4150 rius,
312 4079 470 4156 quianon
490 4078 526 4139 in
546 4078 668 4140 casulis
683 4094 876 4155 pauperum,
894 4079 950 4157 sed
971 4079 1005 4139 in
1061 4091 1125 4153 quo
1140 4076 1191 4136 vis
1204 4091 1355 4153 pergere,
1373 4091 1483 4153 perge.
1501 4079 1644 4154 Insuper
1656 4081 1690 4145 et
1701 4073 1841 4141 mirando

213 4176 348 4257 palatiis
358 4175 663 4253 principum,jnxta
675 4176 833 4237 Veritatis
855 4175 1003 4248 verbum,
1060 4171 1339 4249 servorespiritus
1354 4173 1533 4246 animatus,
1546 4177 1663 4251 aperta
1687 4174 1779 4239 cella,
1797 4170 1843 4231 io·

212 4274 487 4335 vestimentorum
513 4272 643 4334 dicebat
668 4271 902 4351 requirendam
931 4287 1006 4334 esse
1059 4284 1117 4336 ras
1138 4270 1243 4331 exivit
1266 4270 1301 4331 in
1325 4270 1470 4341 bortum,
1494 4273 1527 4332 et
1558 4272 1593 4332 in
1615 4287 1766 4348 magnam
1786 4268 1840 4328 do·

213 4370 397 4433 mollitiem.
421 4370 633 4448 Experientia
655 4371 744 4430 enim
765 4369 857 4430 certa
878 4368 1007 4433 didiae·
1059 4382 1212 4442 mergens
1227 4368 1338 4431 nivem
1351 4367 1586 4445 corpusculum
1592 4372 1663 4448 jam
1677 4368 1837 4434 nudatum,

196 4470 276 4540 ‘rat
296 4469 463 4530 daemones
487 4467 668 4545 asperitate
686 4467 818 4539 terreri,
835 4466 1003 4529 deliciosis
1059 4466 1185 4541 septem
1207 4480 1249 4525 ex
1276 4480 1317 4527 ea
1337 4464 1446 4543 plenis
1470 4465 1623 4526 manibus
1641 4467 1741 4544 coepit
1759 4477 1842 4525 00111·

213 4566 323 4627 autem
335 4566 368 4628 et
377 4565 531 4626 mollibus
542 4565 585 4627 ad
596 4565 790 4631 tentandum
802 4564 920 4627 lortius
932 4565 1005 4627 ani·
1059 4563 1197 4639 pingere
1218 4577 1359 4635 massas.
1383 4578 1466 4641 quas
1484 4562 1550 4625 sibi
1570 4578 1766 4641 proponens,
1786 4572 1840 4620 suo

212 4662 309 4727 mari.
326 4662 420 4725 Unde
435 4678 508 4724 oum
520 4664 615 4723 nocte
631 4661 776 4739 quadam
798 4664 931 4739 propter
944 4662 1003 4725 in-
1059 4659 1108 4720 sic
1119 4658 1279 4723 exteriori
1294 4659 1422 4723 homini
1436 4660 1655 4737 loquebatur:
1672 4663 1765 4731 Eam,
1784 4657 1837 4718 in·

211 4761 401 4823 firmitatem
417 4760 535 4838 capitis
548 4762 580 4822 at
598 4760 782 4831 oculorum,
803 4762 925 4837 praeter
949 4775 1006 4821 so-
1059 4757 1140 4839 quit,
1155 4757 1226 4818 haeo
1238 4760 1345 4835 major
1359 4772 1445 4818 uxor
1458 4757 1515 4819 tua
1530 4760 1593 4831 set,
1609 4760 1750 4836 quatuor
1763 4755 1837 4822 istac,

211 4858 307 4921 litum
322 4873 467 4929 ³morem,
496 4855 641 4919 cervical
663 4856 704 4917 de
724 4855 836 4933 pluma
861 4857 1004 4933 positum
1059 4853 1124 4917 duo
1144 4853 1217 4926 lilii,
1236 4854 1357 4915 etduas
1382 4854 1474 4925 tiliae,
1496 4855 1634 4937 reliquas
1648 4855 1720 4925 dna
1735 4863 1840 4915 servus

213 4954 352 5033 haberet
362 4954 406 5015 ad
422 4951 669 5031 caput,daemon
682 4950 808 5013 laillnd
818 4952 1003 5031 ingressus,
1059 4953 1092 5013 et
1119 4951 1256 5018 ancilla,
1289 4964 1373 5028 quos
1405 4951 1447 5013 ad
1482 4952 1694 5017 serviendum
1727 4948 1840 5010 hahere

210 5053 319 5130 ipsum
332 5066 435 5128 usque
446 5049 487 5117 ad
498 5049 615 5111 boram
626 5050 855 5113 matutinalem
866 5049 1004 5127 inquie—
1059 5051 1199 5131 oportet.
1216 5049 1351 5111 Festina
1365 5048 1469 5125 igitur
1481 5064 1598 5111 omnes
1612 5049 1759 5118 induere,
1770 5058 1839 5121 quo·

209 5152 314 5212 tatum
330 5145 550 5235 multimodae
565 5147 690 5208 sanctae
714 5146 875 5209 orationis
891 5146 1001 5207 studio
1059 5146 1149 5213 niam
1159 5145 1284 5222 frigore
1299 5146 1497 5213 moriuntur.
1507 5146 1542 5207 Si
1554 5161 1634 5208 vero
1645 5160 1756 5208 eorum
1767 5138 1839 5203 mul·

210 5245 433 5325 perturbavit3
456 5244 572 5317 donee,
589 5245 706 5306 vocato
723 5243 829 5316 socio,
848 5243 1005 5321 pulvinar
1058 5243 1163 5320 tiplex
1199 5241 1393 5325 sollicitudo
1417 5242 1581 5314 molestat,
1620 5244 1677 5304 uni
1710 5238 1837 5303 Domim

211 5360 286 5415 cum
298 5343 462 5406 daemonio
475 5340 554 5407 10011
577 5343 673 5407 extra
694 5341 849 5405 cellulam
870 5340 1003 5419 longius
1058 5340 1201 5405 sollicite
1229 5339 1329 5401 servi.
1354 5338 1448 5401 illico
1474 5341 1620 5415 10110101
1646 5340 1751 5403 victus
1771 5334 1840 5395 nbs·

210 5440 391 5519 exportari.
418 5441 580 5515 Egressus
607 5439 718 5501 autem
737 5454 811 5501 oum
835 5438 1004 5515 pulvinari
1058 5431 1836 5517 0000100111111100001111100100000

211 5537 314 5600 irater
327 5537 367 5597 de
390 5536 486 5608 oolla,
511 5535 733 5599 membrorum
748 5535 897 5597 omnium
913 5535 1003 5596 vires
1059 5534 1180 5595 rediit:
1197 5534 1280 5606 Quia
1296 5533 1373 5594 dum
1387 5533 1471 5595 bene
1495 5535 1670 5610 poenaliter
1691 5532 1771 5594 arsit
1786 5528 1835 5587 10-

211 5634 323 5696 amisit
341 5635 373 5694 et
391 5648 498 5703 usum,
517 5647 686 5710 quousque
704 5632 745 5693 ad
761 5648 876 5693 vocem
895 5631 1001 5694 sancti
1058 5630 1116 5702 ris,
1135 5631 1287 5693 ardorem
1305 5629 1445 5693 interius
1470 5632 1518 5721 sic
1534 5632 1675 5715 extinxit
1688 5624 1833 5705 libidinis,
