3950 6200
112 304 192 370 tola

112 466 258 530 thronus
270 464 348 526 Filii
363 463 434 526 Dei.
443 462 700 528 Thronussedes
708 461 833 541 iudicis
846 461 909 537 est,

111 561 211 640 etqui
225 562 319 625 sedet
330 562 367 622 in
380 561 512 634 throno,
529 577 565 623 se
578 561 734 624 humiliat
748 576 767 621 a
780 562 909 622 statura

110 676 194 721 sua:
222 659 272 721 sio
306 659 458 724 Christus
486 674 522 720 se
548 658 739 720 humiliavit
757 660 910 733 sormam

110 760 209 820 servi
232 760 405 832 occipiens
434 755 571 835 (Philip.
594 758 625 827 2,
641 755 688 834 7),
705 755 741 816 in
756 771 822 833 qua
837 754 910 831 ipse

492 305 600 374 PARS
631 304 777 366 PRIMA.
792 303 1068 366 -EXPOSITIO
1099 303 1144 366 IN
1175 303 1378 365 PSALMOS.

1658 304 1755 388 (roll

964 463 1036 525 est:
1053 461 1109 524 hic
1119 463 1170 524 est
1181 461 1364 533 coloured,
1379 460 1634 538 quinnomtous
1646 462 1697 523 est
1709 462 1761 523 te·

963 574 1053 621 cum.
1069 559 1272 635 Sanguinem
1290 558 1436 634 stringit,
1454 558 1533 636 quia
1554 557 1628 635 ipsa
1650 557 1759 620 male-

964 655 1157 727 dictionem,
1183 672 1256 734 quae
1282 657 1398 734 primae
1424 655 1557 716 mulieri
1581 654 1670 717 iacta
1694 657 1756 727 est,

964 753 1112 826 abstulit,
1130 756 1164 816 et
1176 754 1335 816 immunis
1358 753 1400 815 ab
1422 770 1462 815 ea
1481 752 1560 828 iuit;
1577 752 1663 830 quod
1687 752 1758 816 iac-

110 853 284 917 exercebit
307 854 526 932 judiciariam
546 854 754 931 potestatem.
780 855 826 913 De
844 852 910 913 hoc
962 851 1034 914 tum
1049 852 1254 929 estimando
1267 851 1452 914 dictumest
1465 852 1496 913 ei
1509 850 1760 913 :benetatato

109 951 235 1014 throno
258 951 340 1015 dicit
353 952 517 1013 ieremias
538 949 603 1031 (14,
617 950 693 1029 21):
710 950 820 1012 ‹Sclii
831 949 908 1025 glo-

110 1045 172 1107 riae
182 1047 250 1106 tuae
265 1045 456 1117 recordare,
475 1045 509 1105 et
523 1061 564 1105 ne
579 1045 712 1107 irritum
727 1043 832 1105 facias
847 1042 911 1105 foo-

110 1142 173 1203 dns
186 1145 282 1204 tuum
298 1142 481 1204 nobiscum.
500 1142 581 1203 Solii
597 1141 803 1219 gloriaetuae,
823 1139 911 1203 idest

109 1239 294 1301 Genitriois
320 1241 399 1314 tuae,
415 1256 489 1316 quae
509 1238 574 1301 iuit
599 1238 719 1300 solium
734 1242 838 1310 tuum,
853 1253 910 1300 re-

110 1336 274 1400 cordare:
291 1354 310 1397 a
322 1339 360 1398 Et
372 1353 415 1400 ne
432 1337 564 1400 irritum
578 1336 684 1397 iacias
698 1335 805 1398 foedus
815 1337 909 1400 tuum

110 1433 334 1503 nobiseum»
371 1450 413 1495 ne
437 1434 545 1496 foedus
569 1434 808 1497 misericordias
829 1436 907 1506 tuae,

111 1532 198 1610 quud
224 1532 398 1594 uobiscum
413 1532 569 1609 pepigisti
589 1531 790 1593 assumendo
806 1532 908 1596 natu·

110 1646 183 1692 ram
197 1631 359 1703 nostram,
383 1631 566 1692 evacuetur
582 1650 590 1691 ε
607 1630 665 1690 sed
679 1645 739 1706 per
750 1629 910 1690 recorda-

22 1731 26 1742 ·
110 1728 241 1789 tionem
268 1728 449 1789 Genitricis
482 1729 549 1790 tuae
578 1727 675 1788 nobis
703 1727 907 1790 miserearis.

111 1824 209 1886 Unde
220 1825 377 1887 ieremias
394 1824 459 1904 (lt,
476 1826 515 1886 12
528 1827 561 1886 et
575 1822 628 1904 13)
644 1846 651 1884 ε
668 1824 824 1888 «Solium
835 1825 911 1900 glo-

110 1922 171 1984 riae
196 1922 386 1984 altitudinis
411 1938 431 1983 a
453 1921 629 1998 principio,
646 1922 740 1984 locus
764 1922 910 1984 sanctiti-

111 2018 260 2081 cationis
286 2021 421 2092 nostrae,
448 2019 637 2098 expectatio
662 2018 811 2081 Israel.»
834 2022 908 2096 Ipsa

108 2115 209 2178 beata
225 2117 329 2193 Virgo
344 2118 394 2178 est
409 2117 530 2179 solium
546 2117 732 2178 altitudinis
748 2132 767 2177 a
782 2117 911 2194 princi-

108 2214 187 2290 [νος
204 2214 312 2275 Filius
339 2230 357 2274 a
373 2216 483 2286 Patre,
499 2217 594 2292 cuius
610 2214 730 2275 solium
746 2216 797 2275 est
812 2213 909 2276 beata

106 2312 227 2385 Virgo.
242 2314 317 2389 ipsa
329 2313 380 2373 est
390 2311 907 2384 locussanctificationisnostrae,

109 2423 150 2470 eo
167 2409 295 2486 quiain
323 2409 395 2485 ipsa
410 2408 567 2472 inchoata
590 2409 652 2470 luit
672 2411 787 2472 nostra
799 2410 906 2485 salus;

109 2508 323 2581 Empeototto
336 2511 464 2579 [crach
480 2506 569 2568 hano
583 2507 673 2569 enim
688 2507 911 2585 expectabant

110 2604 232 2666 Sancti
255 2620 382 2666 ornnes.
408 2604 592 2668 Ezechielis
621 2604 666 2683 (1,
678 2603 733 2683 26)
751 2626 758 2665 :
774 2608 910 2681 «Super

107 2701 370 2774 armamentum,
398 2703 484 2779 quod
512 2704 585 2766 erat
612 2702 791 2766 imminens
807 2703 909 2780 capiti

106 2815 242 2872 eorum,
258 2801 354 2878 quasi
369 2802 523 2878 aspectus
542 2800 664 2878 lapidis
681 2801 840 2879 sapphyri
856 2801 908 2862 si-

107 2897 269 2958 militudo
292 2898 407 2962 throni
435 2919 443 2960 z
471 2899 504 2960 et
529 2913 631 2974 super
654 2898 909 2960 similitudinem

107 2994 239 3066 throni,
251 2995 436 3058 similitudo
451 2995 547 3072 quasi
562 2997 716 3073 aspectus
731 2996 909 3057 hominis.»

107 3094 177 3155 Per
190 3092 435 3157 firmamentum
447 3094 593 3170 Angelos
602 3093 833 3170 intelligimus.
852 3096 909 3155 Su-

107 3206 171 3268 per
201 3190 293 3253 istud
317 3191 562 3253 firmamentum
590 3193 642 3253 est
670 3191 766 3254 beata
792 3192 906 3268 Virgo,

108 3291 289 3365 propterea
304 3288 395 3350 enim
421 3290 568 3351 exaltata
591 3293 642 3351 est
661 3304 763 3365 super
788 3288 908 3350 choros

108 3385 409 3462 angelorumque
418 3386 806 3464 comparatursapphyro
814 3402 910 3463 prop

106 3486 161 3545 ter
186 3483 264 3545 tria.
282 3484 488 3561 sapphyrae,
505 3500 580 3546 cum
594 3484 804 3562 inspicitura
824 3483 907 3555 sole,

106 3581 244 3645 stellam
258 3581 413 3653 ostendit,
429 3585 463 3643 el
477 3596 630 3643 serenum
643 3581 908 3651 habetcolorem,

107 3679 243 3742 scilicet
267 3695 390 3741 ereum
408 3701 416 3740 ε
433 3680 572 3756 stringit
594 3680 792 3756 sanguinem
808 3700 815 3739 ε
833 3695 907 3740 me-

108 3777 270 3839 dicinalis
286 3766 440 3853 ostonis
456 3777 619 3848 morbum,
634 3777 690 3855 qui
708 3777 810 3853 uulgo
825 3776 911 3838 dici·

107 3874 166 3937 tur
177 3874 342 3950 superbus
356 3872 416 3952 (1),
433 3874 582 3951 expellit.
600 3874 736 3936 Stellam
752 3874 907 3945 ostendit,

108 3972 199 4050 quod
215 3970 301 4032 bene
325 3972 482 4048 competit
496 3971 603 4034 beatae
618 3973 761 4047 Virgini,
778 3988 851 4048 quae
867 3971 909 4033 ab

106 4069 241 4145 angelo
252 4069 375 4130 dicitur
388 4072 510 4131 Gratia
523 4075 636 4145 plena.
654 4070 771 4131 Sereni
786 4069 909 4131 coloris

144 4218 186 4291 (l)
207 4217 261 4285 Qui
286 4216 374 4289 vulgo
389 4215 490 4275 dicitur
506 4217 655 4290 superbus,
671 4225 726 4275 etc.
746 4216 836 4275 Morbi
855 4233 906 4291 gc·

108 4304 177 4355 nus,
203 4288 249 4343 vel
268 4293 345 4343 certe
372 4288 540 4344 vocabulum
563 4287 681 4344 liediois
696 4302 812 4360 prorsus
827 4290 908 4361 igno·

105 4367 182 4416 tum.
194 4357 343 4430 Ejusmodi
362 4359 583 4429 appellationem
594 4366 661 4416 tuno
674 4358 747 4416 lorte
759 4365 910 4431 acceperat

107 4443 123 4485 a
137 4429 267 4501 quodam
276 4430 423 4485 oculorum
439 4429 578 4498 musculo,
595 4430 654 4502 qui,
669 4430 778 4487 Thema
791 4430 908 4487 Bartho-

105 4500 169 4556 lino
184 4498 234 4556 lib.
249 4501 301 4567 lli,
325 4514 389 4571 cap.
405 4500 687 4569 tenemusne«
706 4499 807 4556 dicitur
828 4501 909 4557 attol-

106 4571 185 4637 lens,
207 4578 238 4627 et
261 4569 436 4641 superbus.»
465 4571 629 4643 sapphyrus
653 4578 758 4638 autem,
775 4577 806 4627 ut
826 4570 911 4627 docet

106 4642 235 4699 Michael
260 4641 445 4698 littmullerua
459 4641 488 4697 in
502 4656 555 4698 suo
572 4641 647 4699 colle
671 4640 698 4698 io
715 4640 907 4698 Pharmaoeu·

106 4712 168 4769 tico
196 4712 226 4768 in
250 4710 457 4768 schroederum
484 4726 547 4783 cap.
568 4712 595 4779 t,
616 4656 675 4785 (ξ,
698 4710 909 4782 ophthalmicus

106 4784 199 4840 etiam
213 4780 351 4851 babetur3
367 4781 444 4838 undo
458 4782 520 4864 ejus
535 4797 604 4839 usus
620 4782 789 4854 quibusdam
805 4783 910 4839 multus

107 4854 185 4911 solet
202 4866 269 4909 osse
281 4853 342 4909 ino
363 4852 520 4920 hthalnuia,
535 4860 564 4909 et
579 4853 667 4909 nimia
692 4853 840 4910 oculorum
855 4854 906 4935 lip-

107 4922 242 5052 ssitudine
254 4868 376 5005 „node
387 4923 545 4981 remedium
558 4923 708 4997 egregium
722 4930 766 5006 est
778 4924 806 4979 iu
818 4937 909 4981 uarro

128 5011 156 5059 s,
166 5001 195 5050 et
205 4992 354 5054 morbidis,
372 4992 407 5048 ed
422 4993 640 5062 preservantes
654 4994 689 5050 ab
707 4993 751 5050 lus
763 4995 871 5051 oculos.

146 5064 280 5137 tilvulg.
294 5078 301 5118 :
315 5065 393 5121 Fecit
406 5078 520 5146 quoque
543 5079 593 5120 rex
619 5064 722 5121 solium
748 5064 906 5121 eburneum

106 5134 233 5209 grande,
264 5141 293 5190 et
317 5135 433 5193 vestivit
461 5134 528 5192 ittud
556 5149 626 5192 auro
640 5134 839 5192 mundissimo.
854 5136 910 5192 Sex

107 5219 241 5333 qooquge
278 5203 483 5332 effisrffius
510 5203 717 5262 ascendebatur
738 5205 907 5274 adsedem,

107 5292 125 5334 e
159 5292 907 5473 :2scoofflttaoffoureonctrtnmut.illustrantes:

109 5440 121 5470 ι
187 5423 268 5473 orate
293 5416 449 5475 scabellum
465 5415 568 5488 pedum
585 5417 656 5490 ejus,
674 5418 810 5489 quoniam
822 5431 907 5474 sanc·

107 5498 171 5547 tum
188 5493 245 5555 eat,
256 5485 293 5543 de
308 5486 410 5545 Christi
426 5488 539 5545 bonini
558 5502 677 5560 corpore
690 5488 911 5560 interpretantur

108 5561 139 5618 S
156 5559 360 5639 Hieronymus,
376 5557 437 5613 sire
447 5559 721 5617 auctorComment.
736 5559 765 5614 in
782 5560 911 5615 Psalmus

107 5630 185 5687 inter
199 5630 228 5687 S.
240 5629 407 5700 Hieronymi
421 5630 514 5699 Opera
526 5644 533 5682 :
546 5629 641 5687 Mulie
655 5628 691 5687 de
710 5629 835 5687 scabello
845 5629 906 5701 opi·

963 953 1227 1024 tormidiertbum
1237 952 1276 1011 Et
1288 949 1337 1011 sic
1350 949 1505 1011 restricta
1521 948 1599 1010 sunt
1609 948 1757 1025 peccata.

963 1046 1176 1108 Mediciualis
1197 1049 1260 1115 est,
1285 1048 1371 1123 quod
1390 1046 1578 1108 ostenditur
1599 1060 1660 1122 per
1677 1044 1754 1110 hoc.

964 1145 1050 1222 quod
1067 1145 1239 1223 sequitur:
1255 1145 1300 1206 Et
1314 1144 1508 1206 benedictos
1522 1143 1658 1216 structus
1678 1157 1759 1204 oent-

965 1243 1032 1304 trts
1046 1243 1109 1316 tut,
1125 1229 1202 1319 quia
1216 1257 1276 1318 per
1290 1241 1511 1302 humilitatem
1532 1255 1626 1300 suam
1641 1253 1761 1316 super-

964 1338 1054 1402 biam
1069 1340 1198 1401 stravit.
1227 1341 1273 1399 De
1296 1338 1361 1401 hoc
1376 1337 1496 1399 throno
1520 1336 1682 1398 habemus
1706 1350 1762 1396 se-

965 1437 1073 1500 cundo
1089 1436 1371 1512 Paralipomenon
1396 1432 1440 1513 (9,
1458 1435 1496 1496 17
1517 1435 1551 1495 et
1575 1432 1628 1511 18)
1643 1454 1651 1494 z
1665 1433 1761 1495 Fecit

963 1531 1760 1612 stotsotomontalorauoemturonumueeoore,

964 1632 999 1693 et
1023 1631 1162 1692 vestivit
1185 1646 1265 1692 eum
1290 1644 1379 1690 orere
1408 1631 1611 1702 purissimo,
1640 1629 1678 1687 io
1696 1638 1762 1699 quo

963 1729 1067 1790 erosit
1080 1742 1145 1790 scm
1167 1731 1310 1804 prodeo,
1336 1730 1373 1788 to
1392 1741 1458 1801 orto
1486 1726 1564 1788 erat
1581 1728 1763 1787 scobedtmt

963 1841 1123 1888 aureum.
1140 1825 1231 1886 Ebur
1243 1825 1295 1885 est
1318 1841 1355 1886 os
1370 1822 1571 1901 elephantie,
1589 1822 1646 1899 qui
1660 1819 1762 1883 habet

964 1923 1159 1985 inimicitias
1184 1939 1258 1985 curu
1278 1922 1434 1984 dracone.
1456 1924 1522 1982 Per
1548 1919 1762 1998 elephantem

964 2020 1062 2083 beata
1072 2022 1174 2097 Virgo
1189 2019 1399 2096 intelligitur,
1414 2035 1488 2097 quae
1501 2017 1601 2088 habet
1615 2016 1764 2078 inimici-

964 2119 1030 2181 tias
1045 2134 1120 2180 cum
1145 2118 1295 2191 diabolo;
1322 2117 1411 2178 unde
1430 2118 1465 2176 in
1488 2116 1610 2178 Genesi
1623 2115 1668 2194 (3,
1682 2112 1759 2192 15);

964 2220 1119 2278 «Ponam
1132 2215 1472 2286 inimicitiasinterte,
1482 2217 1515 2275 et
1523 2212 1696 2273 mulierem
1709 2228 1716 2271 :
1729 2211 1763 2272 et

964 2313 1039 2391 ipsa
1053 2314 1202 2376 conteret
1211 2315 1309 2390 caput
1321 2312 1425 2374 tunm.
1443 2329 1462 2373 a
1483 2314 1559 2388 Ipsa
1574 2310 1693 2372 vestita
1709 2309 1762 2370 est

964 2427 1047 2473 auro
1060 2410 1251 2488 purissimo,
1261 2411 1296 2470 in
1306 2409 1489 2487 quoierror
1499 2406 1761 2469 caritatisboatae

963 2509 1114 2584 Virginis
1127 2508 1325 2570 ostenditur.
1342 2511 1407 2569 Per
1421 2522 1481 2568 ses
1499 2506 1621 2583 gradus
1637 2519 1761 2565 ascen-

964 2607 1055 2668 ditur
1080 2605 1198 2667 adhoc
1215 2603 1347 2666 solirun.
1364 2605 1407 2665 ili
1418 2605 1505 2675 sunt,
1526 2604 1602 2664 Voti
1617 2602 1762 2675 nouitas,

964 2703 1170 2765 Matrimonii
1185 2703 1357 2770 sanctitas,
1378 2701 1546 2763 Parienlis
1569 2699 1760 2775 integritas,

965 2801 1142 2863 Plenitudo
1171 2800 1412 2862 charismatum
1436 2821 1443 2860 :
1467 2799 1531 2862 hoc
1544 2799 1605 2869 est,
1622 2797 1711 2874 quod
1721 2795 1763 2856 de

965 2915 1005 2960 ea
1021 2899 1189 2962 diciturin
1205 2898 1351 2959 canticis
1367 2897 1411 2976 (7,
1428 2895 1461 2975 2)
1479 2920 1486 2957 ι
1509 2898 1668 2957 «Venter
1684 2896 1770 2980 tuus⁸

965 2998 1053 3058 sicut
1067 3012 1207 3058 acervus
1221 2995 1337 3068 tritici,
1355 2995 1501 3056 vallatus
1514 2994 1607 3053 liliis.
1623 2995 1688 3053 Per
1699 2991 1764 3052 tri-

964 3096 1069 3158 ticum
1083 3096 1260 3172 signantur
1267 3094 1444 3171 Martyres,
1463 3093 1541 3170 quia
1554 3089 1714 3161 triturati,
1729 3089 1764 3151 et

965 3194 1057 3270 passi
1073 3197 1151 3253 sunt
1176 3209 1235 3269 pro
1249 3192 1381 3252 Christo
1399 3212 1406 3251 ε
1429 3191 1464 3251 in
1479 3190 1560 3250 liliis
1574 3188 1710 3256 candor,
1727 3188 1762 3247 et

964 3291 1170 3358 innocentia,
1199 3291 1232 3350 et
1256 3289 1419 3350 munditia
1445 3286 1700 3356 confessorum,
1728 3284 1762 3345 et

964 3388 1154 3463 virginum.
1170 3386 1256 3447 Lilia
1271 3386 1458 3461 Virginum,
1470 3384 1577 3445 violas
1589 3382 1762 3444 contesso-

964 3502 1039 3546 rum
1049 3500 1164 3546 omnes
1179 3485 1252 3560 ipsa
1268 3482 1405 3545 excellit
1418 3483 1453 3543 in
1465 3480 1664 3551 humilitate,
1679 3480 1712 3540 et
1725 3479 1761 3539 in
1860 3496 1861 3501 ¹
1949 3508 1954 3525 ι

965 3583 1061 3647 donis
1076 3582 1272 3658 gratiarum.
1290 3580 1431 3652 Quintus
1444 3579 1568 3656 gradus
1581 3579 1632 3638 est
1644 3576 1763 3637 Humi-

964 3681 1043 3741 litas
1058 3678 1300 3740 inexcellentia
1313 3678 1519 3740 meritorum.
1530 3676 1664 3746 Sextus,
1675 3677 1763 3735 Prae-

963 3778 1118 3854 rogativa
1144 3777 1371 3854 praemiorum.
1408 3773 1597 3836 scabellum
1623 3787 1762 3832 aureum

965 3876 1118 3937 Christus
1133 3876 1183 3936 est
1195 3871 1255 3953 (3),
1272 3876 1308 3936 ut
1329 3873 1525 3943 ostendatur
1534 3869 1763 3932 honoriticen-

965 3974 1023 4043 tia,
1044 3988 1142 4050 quam
1169 3971 1271 4035 habet
1289 3971 1441 4031 Christus
1461 3969 1502 4030 ad
1527 3971 1679 4030 Matrem.
1706 3968 1763 4027 Est

965 4070 1117 4131 Christus
1146 4071 1233 4130 Deus
1263 4074 1376 4131 noster
1397 4066 1590 4138 scabellum,
1611 4065 1685 4125 dico
1700 4079 1763 4123 au-

964 4218 1067 4275 nioues
1080 4224 1157 4284 sunt,
1170 4216 1222 4273 sed
1239 4216 1286 4274 bic
1300 4213 1440 4288 Propheta
1464 4228 1568 4286 eorpus
1582 4211 1761 4269 homininum

964 4289 1043 4357 dicit,
1056 4290 1084 4344 iu
1108 4303 1164 4360 quo
1189 4287 1326 4375 majestas
1342 4286 1503 4343 Divinitetis
1522 4292 1658 4365 tauquam
1675 4296 1762 4351 super

965 4359 1120 4416 scabellum
1137 4364 1202 4415 stat.
1229 4364 1363 4415 sanctum
1374 4358 1450 4412 enim
1461 4368 1527 4410 enm
1545 4353 1600 4409 dici
1616 4366 1692 4423 sepe
1707 4352 1759 4408 do·

965 4430 1087 4487 enimus.
1104 4431 1133 4485 S.
1147 4429 1270 4500 August.
1283 4430 1413 4483 Enarret.
1428 4422 1684 4482 ineumdemPsal.
1695 4424 1759 4480 nit.

965 4501 1098 4557 Panium
1124 4499 1196 4555 mihi
1223 4498 1312 4554 dicit:
1328 4498 1455 4553 Adorote
1487 4495 1639 4553 scabellum
1662 4495 1763 4575 pedum

963 4572 1025 4699 ffers
1040 4586 1049 4625 .·
1065 4572 1177 4641 Quem,
1194 4568 1270 4640 quod
1288 4569 1325 4624 sit
1339 4566 1495 4624 scabellum
1520 4564 1623 4638 pedum
1643 4580 1723 4638 ejus3
1735 4572 1764 4621 et

953 4656 956 4663 ·
985 4642 1032 4699 icit
1046 4640 1117 4697 mihi
1130 4639 1273 4710 Scriptura
1290 4655 1297 4695 :
1314 4640 1401 4695 Terra
1416 4637 1567 4695 scabellum
1575 4637 1676 4706 pedum
1687 4651 1760 4692 meo·

963 4728 1041 4769 ram.
1067 4711 1222 4769 Fluctuans
1249 4716 1386 4766 converto
1407 4724 1454 4765 me
1473 4707 1508 4765 ed
1523 4707 1676 4789 Christum,
1695 4706 1761 4789 quio

964 4785 1057 4855 ipsum
1074 4796 1170 4854 quaero
1190 4780 1255 4852 hic;
1274 4787 1303 4837 et
1323 4781 1449 4849 invenio,
1466 4777 1609 4851 quomodo
1624 4790 1687 4833 sme
1708 4791 1760 4831 rm-

964 4856 1069 4927 pietate
1093 4852 1227 4909 adoretur
1255 4859 1347 4921 terra,
1370 4852 1432 4907 siue
1456 4850 1603 4922 impietate
1628 4845 1763 4903 adoretur

963 4921 1119 4982 scabellum
1145 4921 1248 5006 pedum
1273 4922 1346 4994 eius.
1372 4922 1503 4992 Suscepit
1528 4921 1604 4975 enim
1627 4916 1663 4973 de
1685 4922 1760 4999 terra

963 5004 1088 5052 terram:
1105 5009 1170 5066 quia
1186 5008 1254 5050 caro
1264 4992 1300 5049 de
1315 5001 1388 5049 tarra
1403 4999 1455 5059 est,
1465 4996 1495 5047 et
1509 4987 1545 5045 de
1557 5002 1644 5045 carne
1663 4988 1761 5044 blarrae

963 5079 1080 5123 curnem
1094 5065 1215 5137 accepit.
1235 5064 1348 5134 Etonia
1362 5062 1390 5118 in
1406 5062 1467 5133 ipsa
1491 5073 1578 5116 cerne
1597 5058 1644 5115 hie
1659 5059 1758 5113 ambu-

963 5137 1197 5207 invitationem
1221 5148 1337 5191 carnem
1371 5133 1453 5188 nobis
1473 5127 1704 5187 utenducandam
1724 5127 1760 5187 ad

964 5209 1085 5265 salutem
1096 5204 1187 5275 dedit3
1204 5218 1290 5260 nemo
1305 5211 1400 5259 autem
1416 5203 1491 5258 illam
1507 5215 1622 5258 carnem
1636 5197 1758 5256 mandu-

963 5285 1020 5345 cat,
1035 5278 1090 5333 nisi
1113 5278 1190 5348 prius
1210 5275 1372 5331 adoraverit
1388 5289 1394 5328 :
1412 5274 1558 5329 inventum
1567 5278 1612 5327 est
1623 5268 1761 5352 quemad·

965 5347 1081 5405 modum
1095 5347 1227 5404 odoretur
1241 5345 1295 5401 tale
1305 5343 1460 5401 scabellum
1471 5341 1576 5413 pedum
1591 5341 1718 5407 Domini,
1730 5346 1760 5397 et

964 5420 1119 5475 nonsolum
1131 5432 1188 5473 non
1204 5429 1356 5488 peccemus
1366 5413 1521 5482 adorando,
1537 5411 1589 5470 sed
1640 5425 1759 5468 ccernus

964 5504 1022 5545 non
1037 5487 1193 5545 adorando.
1209 5489 1244 5544 Et
1265 5485 1451 5544 Cassiodorus
1477 5484 1505 5540 iu
1526 5498 1593 5542 eum
1615 5497 1661 5540 em
1684 5482 1761 5541 Psal-

965 5574 1043 5617 mum
1059 5573 1133 5614 vers.
1150 5558 1177 5627 6,
1187 5556 1287 5615 iisdem
1297 5554 1386 5614 ferme
1401 5554 1506 5613 verbis.
