3950 6200
104 298 150 363 lli
585 362 587 371 ,
647 300 971 370 Pnounoomdda.
993 334 1034 353 -
1054 305 1162 367 vira.
1653 311 1724 374 *leo

100 458 172 521 etin
194 457 389 533 exemplum
412 458 487 520 aliis
512 458 750 533 demonstrata,
778 463 871 525 tanta
927 462 1012 525 dixit
1032 464 1072 526 ad
1094 481 1168 526 eum
1195 487 1202 525 :
1230 468 1359 535 Frater,
1385 483 1445 528 ora
1471 468 1658 541 Dominum,
1684 468 1723 531 ut

99 553 284 618 certitudinis
312 555 469 617 claritate
497 558 642 620 ostendit
669 559 873 635 evangelicae
927 560 1040 621 mitius
1054 563 1162 625 tecum
1177 565 1272 638 agat3
1290 565 1631 626 manumenimsuam
1647 565 1723 642 plus

100 651 290 730 punctionis
305 653 437 728 apicem
454 656 487 715 te
498 654 643 716 finaliter
655 657 870 728 conclusisse,
927 657 1037 721 debito
1061 674 1161 735 super
1184 663 1216 721 te
1237 675 1380 736 gravare
1402 661 1544 723 ridetur,
1570 664 1641 732 Quo
1660 679 1742 748 aug

98 750 126 810 ut
142 747 453 809 demonstrationem
480 750 567 811 banc
590 750 784 814 christiana
811 768 872 813 sa-
926 755 1006 826 dito,
1033 757 1242 818 uir'sanctus
1262 773 1336 819 cum
1365 758 1492 834 ejulatu
1515 759 1720 831 exclamans,

96 844 326 922 pientinintuae
338 846 873 924 carnispulucreexaratam,nul-
926 853 974 915 ait
988 872 996 912 ε
1012 853 1086 913 Nisi
1111 869 1283 916 noscerem
1305 855 1340 915 in
1365 856 1397 916 te
1421 856 1605 931 simplicem
1620 856 1720 933 puri·

95 943 214 1002 insuere
225 941 372 1004 deuotus
388 943 535 1021 ainciat,
547 945 659 1019 nullus
674 961 753 1008 vere
763 946 871 1009 tidelis
925 950 1038 1020 tatem,
1065 953 1158 1013 tuum
1182 953 1325 1013 extunc
1348 953 1562 1015 abhorrerem
1578 968 1729 1014 consor-·

94 1039 253 1115 impugnet,
268 1040 386 1100 nullus
396 1055 477 1102 vere
491 1041 628 1103 bumilis
640 1043 869 1120 parvipendat,
925 1047 1019 1118 tium
1037 1049 1094 1125 qui
1107 1065 1209 1111 ausus
1224 1048 1327 1112 tueris
1342 1050 1432 1113 circa
1453 1065 1506 1113 me
1534 1050 1647 1112 divina
1657 1052 1720 1127 ju-

94 1152 152 1197 cun
171 1135 213 1197 sit
230 1151 312 1197 uere
337 1136 502 1199 divinitus
526 1154 698 1216 expressa,
721 1142 755 1203 et
780 1140 871 1202 omni
926 1144 1302 1223 diciareprebensibilia
1312 1147 1474 1224 judicare.
1491 1148 1619 1211 Etlicet
1631 1149 1721 1210 totus

95 1233 263 1308 acceptione
278 1234 461 1312 condigna.
925 1243 1015 1303 esset
1037 1242 1171 1306 attritus
1197 1243 1310 1318 gravis
1332 1238 1524 1321 prolixitate
1536 1244 1719 1320 languoris,

926 1338 1106 1415 projiciens
1132 1354 1168 1400 se
1189 1339 1225 1401 in
1242 1342 1378 1412 terram,
1395 1356 1473 1403 ossa
1493 1340 1616 1402 debilia
1637 1340 1721 1402 duro

342 1476 481 1538 CAPUT
508 1478 583 1538 XIV
926 1451 1008 1498 casu
1029 1437 1163 1499 collisit.
1185 1439 1225 1499 Et
1242 1437 1440 1501 deosculans
1456 1439 1591 1499 bunum
1607 1459 1615 1497 ε
1631 1434 1722 1499 Gra-³·

586 1520 594 1536 ’
925 1529 1002 1603 tias,
1019 1531 1140 1608 inquit,
1156 1530 1216 1594 tibi
1230 1547 1305 1607 ago,
1322 1532 1461 1595 Domine
1476 1534 1575 1604 Deus,
1591 1532 1633 1594 de
1648 1547 1722 1594 om·

113 1641 464 1718 mmmmm,
481 1645 515 1706 32
537 1646 691 1708 mmm
705 1646 841 1707 mortis,
925 1626 1023 1687 nibus
1050 1627 1102 1688 bis
1126 1628 1297 1693 doloribus
1321 1630 1417 1702 meis,
1443 1631 1552 1706 teque,
1580 1629 1625 1689 mi
1654 1631 1723 1691 Do·

925 1725 1025 1796 mine,
1043 1740 1135 1801 rogo,
1150 1727 1187 1789 ut
1198 1726 1401 1802 centuplum,
1425 1727 1455 1788 si
1468 1726 1529 1788 tibi
1544 1726 1718 1803 placuerit,

124 1817 238 1879 christo
249 1821 326 1897 jam
337 1820 444 1895 igitur
453 1821 704 1886 cruciconiixus
719 1825 872 1885 Francis-
924 1820 1030 1884 addae
1045 1843 1054 1896 3
1071 1822 1150 1898 quia
1174 1822 1237 1885 hoc
1251 1825 1316 1886 erit
1339 1822 1422 1885 mibi
1437 1823 1717 1900 acceptissimum,
1773 1876 1775 1879 .

95 1931 139 1974 cus
156 1916 217 1977 mm
239 1931 362 1990 carne,
389 1936 489 1997 quam
512 1921 645 1997 spiritu,
674 1937 741 1983 non
761 1922 869 1985 solum
924 1920 961 1980 nt
975 1918 1129 1995 affligens
1144 1935 1197 1981 me
1212 1920 1326 1985 dolore
1340 1936 1406 1982 non
1421 1936 1552 1998 parcas,
1569 1920 1719 1982 cumtuae

96 2012 245 2089 serapblco
269 2031 393 2078 amore
409 2017 548 2080 ardebat
568 2019 603 2079 in
622 2021 736 2091 Deum,
753 2035 869 2081 uerum
924 2015 1048 2078 sanctae
1063 2017 1244 2079 voluntatis
1259 2017 1451 2095 adimpletio
1469 2020 1513 2079 sit
1535 2017 1617 2079 milui
1637 2032 1722 2079 con-

96 2109 174 2171 etiam
182 2111 318 2175 sitiebat
333 2128 411 2175 cum
426 2114 557 2177 Christo
569 2116 730 2179 crucifixo
750 2117 868 2181 multi·
923 2114 1044 2176 solatio
1058 2116 1268 2192 superplena.
1278 2116 1460 2178 Videbatur
1470 2116 1644 2192 propterea
1656 2114 1721 2177 ira.-

96 2205 217 2269 mdinem
242 2210 498 2273 salvandorum.
528 2213 686 2275 Faciebat
716 2214 866 2290 proinde,
923 2209 1042 2282 tribus,
1055 2211 1245 2288 quodquasi
1260 2211 1473 2274 alterumtob
1486 2212 1648 2282 viderent,
1663 2212 1719 2272 cui

97 2305 225 2378 qnoniam
248 2309 393 2384 propter
416 2312 647 2372 excrescentes
667 2311 702 2371 in
730 2310 868 2388 pedibus
924 2322 999 2370 cum
1010 2308 1153 2383 languor
1164 2308 1329 2370 cresceret
1341 2308 1464 2381 carnis,
1476 2308 1647 2370 crescebat
1664 2309 1717 2369 si·

96 2398 184 2461 datos
193 2403 372 2467 ambulare
384 2421 451 2467 non
463 2407 603 2482 poterat,
620 2422 740 2484 corpus
755 2422 868 2469 emor·
923 2405 991 2465 mul
1000 2404 1137 2481 etuigor
1146 2404 1275 2467 mentis.
1284 2406 1358 2481 Ipse
1366 2406 1476 2466 autem
1485 2404 1611 2466 obitum
1620 2421 1717 2466 sunm

97 2494 166 2558 tuum
178 2514 234 2576 per
248 2502 409 2564 civitates
423 2504 457 2565 et
476 2505 587 2566 castra
604 2505 818 2572 circumvehi,
832 2508 870 2568 ut
923 2502 1021 2578 longe
1045 2504 1122 2564 ante
1144 2502 1322 2579 praescivit,
1339 2502 1458 2580 dieque
1475 2503 1638 2564 transitus
1652 2503 1718 2565 im-

96 2592 252 2658 adcmcem
266 2598 398 2662 Christi
408 2597 579 2662 ferendam
588 2603 727 2665 ceteros
738 2602 869 2663 anima-
923 2600 1080 2671 minente,
1096 2599 1181 2661 dixit
1200 2600 1358 2662 iratribus
1373 2599 1425 2660 sni
1439 2600 1589 2677 corporis
1603 2599 1718 2661 taber-

96 2692 141 2750 ret
154 2694 322 2756 Fratribus
338 2712 471 2774 quoque
486 2698 617 2760 dicebat
630 2720 638 2758 ε
652 2699 865 2776 Incipiamus,
923 2697 1077 2757 naculum
1107 2697 1337 2773 deponendum
1361 2697 1397 2758 in
1416 2697 1580 2774 proximo,
1597 2712 1716 2773 quem-

97 2782 199 2860 lratres,
221 2794 357 2854 servire
380 2795 520 2856 Domino
544 2797 612 2857 Deo
638 2797 764 2869 nostro,
789 2798 867 2874 quia
923 2794 1099 2855 admodum
1118 2794 1181 2855 sibi
1201 2796 1311 2858 tuerat
1326 2795 1511 2856 revelatum
1530 2809 1549 2854 a
1570 2795 1713 2857 Christo.

98 2897 276 2960 usqnenunc
290 2906 415 2966 parum
430 2891 642 2968 proiecimus.
923 2892 1003 2951 Cum
1023 2892 1135 2969 itaque
1155 2907 1216 2969 per
1236 2892 1407 2954 biennium
1429 2892 1471 2953 ab
1493 2892 1715 2968 impressione

124 2982 285 3057 bmrauat
326 2987 428 3049 etlam
464 2988 632 3052 desiderio
670 3005 792 3066 magno
824 2991 867 3051 ad
923 2986 1126 3062 stigmatum,
1142 3003 1231 3049 auno
1258 2987 1415 3049 uidelicet
1440 3003 1460 3048 a
1488 3002 1549 3048 sua
1569 3003 1714 3050 conver·

95 3074 263 3147 humilitatis
291 3084 411 3147 redire
439 3086 632 3163 primordia,
661 3090 699 3150 ut
725 3088 867 3165 leprosis
923 3082 1017 3146 sione
1041 3084 1214 3160 vigesimo,
1240 3085 1352 3147 multis
1375 3084 1493 3147 luisset
1516 3084 1716 3161 augustian-

95 3174 161 3239 sicut
182 3195 198 3239 a
225 3181 399 3260 principio
425 3185 641 3258 ministraret,
667 3201 865 3264 corpusque,
921 3181 1005 3242 tium
1035 3181 1266 3244 infirmitatum
1300 3181 1482 3258 probativis
1504 3181 1716 3244 tunsionibus

93 3271 146 3344 1³1ss
166 3292 227 3351 pra
251 3279 374 3341 labore
398 3280 593 3357 collapsum,
622 3284 796 3345 revocaret
823 3284 865 3345 ad
922 3279 1179 3355 conquadratus,
1200 3281 1359 3357 tanquam
1386 3279 1472 3356 lapis
1495 3280 1530 3340 in
1558 3294 1717 3355 supernae

96 3369 240 3440 prisbnam
262 3377 475 3442 servitutem.
501 3380 712 3456 Proponebat
735 3380 866 3442 Christo
921 3374 1108 3438 Jerusalem
1121 3376 1263 3440 aedificio
1276 3376 1499 3448 collocandus,
1514 3377 1714 3453 ettanquam

96 3463 158 3530 duce
178 3487 210 3534 se
229 3473 403 3536 iacturum
415 3476 576 3551 ingentia,
590 3479 623 3540 et
635 3477 866 3542 fatiscentibus
922 3473 1045 3534 ductile
1069 3489 1153 3550 opus
1176 3473 1237 3534 sub
1265 3473 1458 3550 multiplicis
1486 3471 1714 3536 tribulationis

96 3566 235 3642 membris,
248 3572 375 3649 spiritu
388 3572 484 3636 tortis
493 3574 868 3653 atteruidusnorospe·
921 3571 1042 3633 malleo
1055 3571 1096 3634 ad
1108 3571 1345 3648 perlectionem
1359 3571 1538 3645 adductum
1551 3571 1593 3631 ad
1609 3574 1716 3633 Sanc·

98 3660 737 3749 rabatcertaminedebostetriumpbum.
749 3675 865 3752 Neque
920 3670 989 3731 tam
1004 3669 1144 3730 Mariam
1161 3668 1201 3729 de
1216 3669 1432 3731 Portiuncula
1457 3684 1494 3729 se
1509 3669 1634 3745 portari
1650 3684 1714 3746 po-

98 3759 165 3822 enin
181 3764 324 3842 languor
336 3768 390 3830 uel
406 3769 534 3830 desidia
556 3770 666 3832 locum
680 3769 791 3844 habet,
808 3771 864 3834 ubi
920 3766 1037 3843 poscit,
1061 3767 1235 3844 quatenus,
1259 3766 1315 3828 ubi
1348 3769 1523 3843 acceperat
1563 3766 1716 3844 spiritum

99 3861 197 3922 amoris
210 3865 369 3928 stimulus
387 3881 519 3944 semper
538 3866 579 3928 ad
596 3870 723 3944 majora
741 3885 864 3945 perur—
921 3865 1050 3940 gratiaa,
1067 3864 1114 3926 ibi
1129 3864 1282 3926 redderet
1296 3865 1449 3941 spiritum
1462 3866 1630 3937 ritae.Quo
1641 3879 1717 3925 cum

100 3955 147 4025 lit
159 3960 255 4026 lune
271 3962 387 4026 autem
400 3963 434 4024 in
456 3978 496 4025 eo
511 3964 623 4026 carnis
644 3964 686 4026 ad
711 3968 866 4042 spiritum
920 3962 1039 4025 fuisset
1053 3962 1231 4040 perductus
1240 3963 1276 4024 ut
1283 3963 1433 4025 veritatis
1443 3963 1597 4039 exemplo
1608 3977 1717 4024 mons·

99 4053 153 4113 cul
163 4060 350 4132 concordia,
372 4061 464 4123 muta
491 4060 688 4124 obedientiae
709 4064 867 4140 prompti·
920 4061 1036 4132 traret,
1053 4060 1140 4137 quod
1168 4060 1252 4121 nibil
1278 4062 1352 4122 erat
1373 4060 1425 4121 illi
1447 4073 1717 4122 commonacum

99 4147 167 4220 tudo,
188 4158 270 4232 quod
295 4173 371 4220 cum
398 4158 455 4219 ille
478 4159 642 4221 niteretur
664 4160 705 4221 ad
733 4177 865 4224 ornnem
922 4158 1055 4230 mundo,
1072 4158 1108 4218 in
1129 4158 1189 4219 illa
1209 4158 1405 4220 infirmitate
1427 4159 1496 4219 tam
1518 4156 1625 4233 graui,
1642 4171 1716 4232 quae

101 4251 279 4318 sanctitatem
293 4256 494 4332 pertingere,
505 4258 577 4333 ipsa
594 4273 661 4318 non
676 4258 783 4320 solum
798 4275 865 4321 non
921 4256 1011 4316 omni
1034 4255 1189 4331 languori
1207 4256 1381 4325 conclusit,
1397 4270 1499 4330 super
1513 4253 1636 4315 nudam
1651 4252 1718 4313 bu-

101 4353 283 4425 lilussnaret
310 4353 370 4415 sed
399 4355 434 4415 et
456 4369 662 4430 praecurrere
688 4356 864 4419 niteretur.
921 4369 1010 4414 mum
1038 4369 1075 4414 se
1103 4355 1210 4414 toturn
1230 4353 1265 4414 in
1288 4353 1425 4428 spiritus
1454 4351 1586 4412 terrore
1611 4350 1718 4411 nuda-

104 4437 235 4512 Ulautem
257 4450 335 4511 uiro
353 4450 413 4512 Dei
427 4451 580 4512 cumulus
595 4452 789 4514 meritorum
808 4470 867 4516 ac·
920 4454 989 4512 tum
1002 4451 1194 4527 prostravit,
1209 4451 1370 4528 quatenus
1381 4449 1464 4510 hora
1476 4449 1536 4510 illa
1553 4452 1716 4522 extrema,

102 4547 452 4624 cemelenensis
464 4563 543 4610 vere
558 4549 593 4610 in
608 4549 769 4625 patientia
785 4567 866 4614 cou-
920 4547 956 4608 in
977 4562 1042 4624 qua
1066 4549 1198 4624 poterat
1216 4547 1324 4608 adbuc
1348 4546 1454 4609 bostis
1477 4546 1592 4618 irasci,
1608 4546 1718 4608 nudus

103 4646 289 4716 summantur,
313 4645 414 4721 coepit
438 4645 688 4709 infirmitatibus
710 4647 865 4711 laborare
921 4647 1104 4706 luctaretur
1116 4661 1190 4706 cum
1201 4644 1301 4706 nudo.

103 4730 307 4812 cupienter,
325 4744 362 4803 ut
371 4743 429 4804 uix
436 4743 472 4804 in
485 4759 524 4805 eo
535 4744 720 4806 membrum
730 4746 865 4823 aliquod
960 4742 1133 4804 Decubans
1148 4743 1197 4804 sic
1216 4741 1366 4813 interra,
1387 4742 1523 4803 saccina
1544 4743 1637 4804 ueste
1651 4739 1715 4803 de·

102 4840 259 4900 unaueret
270 4839 399 4917 absque
410 4841 538 4917 ingenti
554 4842 721 4918 passionis
738 4843 863 4906 dolore.
920 4841 1040 4918 posita,
1051 4840 1171 4902 faciem
1182 4838 1279 4914 solito
1293 4854 1385 4902 more
1400 4840 1526 4902 levavit
1537 4841 1571 4901 in
1582 4839 1714 4908 coelum,

104 4925 139 4984 ld
156 4928 208 4994 boc
228 4936 361 4998 tandem
379 4954 438 5014 per
457 4940 570 5000 varias
586 4939 619 5001 et
633 4939 809 5003 diuturnas
826 4957 866 5004 ac
920 4940 953 5000 et
964 4925 1139 5000 intendens
1153 4937 1202 4998 illi
1214 4939 1331 5014 gloriae
1344 4938 1445 5008 totus,
1461 4953 1563 4998 manu
1575 4935 1715 4997 sinistra

105 5026 245 5093 coumuas
256 5034 473 5110 egritudines
484 5036 645 5098 deductus
658 5040 720 5109 est,
734 5040 780 5109 ut,
790 5055 866 5101 con·
920 5036 1030 5099 dextri
1044 5036 1159 5097 lateris
1169 5036 1302 5106 uulnus,
1318 5051 1361 5096 ne
1378 5034 1559 5105 rideretur,
1574 5033 1714 5104 obtexit,

106 5127 214 5200 sumptis
224 5133 290 5207 jam
302 5133 471 5205 carnibus,
485 5135 580 5210 quasi
592 5134 663 5195 sola
677 5136 762 5197 cutis
778 5137 866 5197 ossi·
921 5134 954 5195 et
965 5134 1013 5196 ait
1026 5133 1067 5194 ad
1084 5133 1224 5193 tratres:
1240 5135 1308 5206 Ego
1326 5132 1412 5209 qnod
1433 5146 1542 5190 meum
1557 5131 1617 5201 est,
1630 5129 1712 5204 ieci3

106 5211 150 5278 bus
161 5224 340 5290 cobaereret.
358 5229 506 5307 Cumque
519 5230 613 5291 duris
635 5233 784 5309 corporis
800 5249 865 5294 an·
920 5232 1006 5309 quod
1018 5235 1166 5293 vestrum
1180 5232 1240 5302 est,
1253 5229 1404 5290 Christus
1417 5228 1563 5289 edoceat.
1577 5226 1717 5305 illacry-

106 5319 209 5384 teretur
223 5324 403 5397 doloribus,
426 5326 503 5387 illas
519 5344 597 5389 suas
612 5330 785 5404 angustias
797 5347 865 5392 non
898 5379 902 5386 .
920 5329 1088 5391 mantibus
1101 5332 1212 5390 autem
1226 5327 1326 5388 sociis
1346 5326 1463 5392 sancti,
1480 5324 1535 5401 qui
1549 5323 1633 5385 miro
1648 5324 1717 5385 sne·

107 5422 243 5482 lanarum
265 5422 425 5484 censebat
450 5425 597 5495 nomine,
614 5426 671 5488 sed
699 5443 862 5489 sororum.
920 5428 998 5489 rant
1020 5425 1261 5505 compassionis
1286 5422 1353 5484 telo
1381 5422 1648 5499 percussionne
1674 5438 1717 5484 ex

137 5510 312 5581 Cumautem
328 5521 431 5582 semel
446 5523 585 5598 gravius
598 5524 697 5585 solito
712 5524 865 5588 dolorum
920 5526 981 5597 eis,
999 5541 1096 5602 quem
1119 5524 1172 5594 vir
1197 5522 1257 5583 Dei
1278 5519 1500 5596 guardianum
1523 5535 1622 5580 suum
1642 5535 1717 5581 esse

109 5615 247 5680 illteretur
265 5618 405 5690 aculeis,
436 5620 570 5697 quidam
594 5620 699 5685 irater
722 5622 864 5701 simplex
921 5622 1062 5690 dicebat,
1088 5621 1199 5682 votum
1225 5618 1332 5695 ipsius
1352 5617 1466 5679 diuina
1489 5615 1719 5693 inspiratione
