3950 6200
751 273 981 336 EHSTOLAE.
1004 272 1082 332 ΗΒ.
1105 273 1146 333 X.
1709 268 1768 329 llo

971 430 1138 493 honorum
1161 427 1331 492 affluentia
1352 427 1618 502 circumdederit,
1644 429 1768 491 utnon

973 528 1135 605 oporteat,
1160 526 1247 605 quod
1269 542 1329 604 pro
1346 526 1475 588 modica
1500 524 1653 604 pecunia,
1669 539 1769 603 qnam

974 625 1009 685 in
1024 624 1272 702 comparatione
1288 624 1424 685 honoris
1439 624 1486 684 tui
1507 639 1547 685 ac
1559 622 1656 685 famae
1670 621 1769 684 debes

974 721 1071 798 quasi
1112 712 1357 798 sterquilinium
1391 722 1563 797 reputare,
1604 719 1769 781 maculam

973 819 1011 879 in
1034 818 1141 894 gloria
1165 820 1223 879 tua
1250 833 1366 894 ponas.
1395 818 1450 879 Sic
1473 832 1553 893 ergo
1567 817 1769 879 monitiones

975 918 1107 977 nostras
1122 914 1284 976 exaudias
1300 915 1334 975 in
1351 915 1414 976 hac
1441 914 1545 991 parte,
1564 914 1649 991 qnod
1665 913 1725 974 alii
1736 916 1770 975 te

976 1013 1114 1074 docente
1135 1014 1346 1088 cognoscant,
1373 1014 1531 1088 quantana
1555 1011 1770 1072 deferendum

477 440 573 532 clx

239 605 289 665 Ad
314 605 549 674 Moericum,
577 605 812 665 Romanorum

397 700 655 774 imperatorem.

426 836 525 911 Djllllli
539 836 617 896 fflti.

282 968 425 1036 [llelrlenb.
436 968 556 1028 Urhcud,
572 970 591 1028 l,
603 969 659 1029 319,
668 984 693 1019 n.
708 968 775 1034 aaa]

137 1106 199 1163 mn
223 1109 306 1177 rogat
332 1111 365 1160 et
387 1102 515 1161 hortator
540 1110 570 1161 ut
597 1103 739 1177 mntem,
754 1102 790 1159 de
804 1101 918 1160 Zwerin

167 1191 352 1263 compellatut
372 1192 557 1251 waldemaro
582 1192 644 1264 regi
667 1191 761 1249 Dacia
792 1191 923 1248 restituat

167 1279 271 1338 obsides
284 1288 313 1338 et
328 1282 494 1354 pecuniam,
504 1294 589 1352 mum
604 1279 640 1337 ab
651 1279 713 1352 ipso
729 1294 779 1352 pro
794 1279 922 1337 hhertnle

143 1408 147 1415 -
166 1371 295 1443 receperit
310 1385 367 1428 nec
384 1384 451 1428 eum
470 1383 557 1441 super
575 1368 716 1425 solutione
731 1366 836 1431 residui
859 1382 920 1425 mo·

168 1457 249 1516 lestct.

976 1110 1020 1170 sit
1046 1110 1148 1184 regiae
1171 1109 1336 1184 dignitati,
1361 1110 1394 1170 et
1421 1110 1488 1170 tam
1514 1109 1631 1171 illicita
1656 1107 1771 1184 praeda

976 1208 1089 1283 erepta
1103 1218 1163 1283 per
1173 1209 1207 1267 te
1217 1207 1258 1267 de
1270 1205 1421 1267 satiemus
1436 1206 1567 1268 comitis
1583 1205 1766 1283 saepedicti,

976 1303 1140 1365 attentare
1166 1303 1291 1364 similia
1307 1303 1552 1380 pertimescant,
1572 1306 1608 1364 et
1626 1303 1696 1379 ipse
1709 1316 1772 1363 res

977 1400 1040 1461 hoc
1056 1399 1217 1461 benetlcio
1232 1402 1430 1476 provocatus
1447 1399 1509 1462 tibi
1530 1402 1697 1477 perpetuae
1712 1399 1773 1460 de—

976 1498 1120 1559 votionis
1134 1497 1269 1558 vinculo
1287 1496 1503 1573 astringatur,
1525 1513 1651 1573 nosque
1666 1498 1774 1573 impe-

168 1593 343 1667 Honorius,
365 1595 431 1656 etc.
975 1594 1072 1655 rialis
1088 1594 1298 1657 celsitudinis
1317 1595 1559 1673 providentiam
1581 1594 1698 1656 merito
1711 1594 1773 1655 de-

167 1692 239 1753 'lnia
248 1693 339 1763 sunt,
351 1708 431 1769 quae
440 1690 584 1753 debeam
593 1689 922 1766 circumspectionem
977 1692 1114 1753 beamus
1142 1692 1176 1752 ln
1203 1693 1343 1753 Domino
1368 1692 1620 1764 commendare,
1649 1691 1769 1762 sciens,

137 1787 280 1850 inducere
306 1790 350 1850 ad
374 1789 524 1850 favorem
547 1788 722 1849 carissimo
743 1787 777 1848 in
792 1786 922 1847 Christo
974 1790 1075 1867 quod,
1099 1790 1164 1850 uisi
1186 1790 1310 1851 nostris
1332 1790 1481 1851 honestis
1496 1790 1649 1866 precibus
1664 1791 1697 1851 ei
1710 1804 1774 1850 en-

135 1883 534 1962 dlionostroillnstriregi
549 1883 921 1961 Daciaeimpendendnm
977 1886 1222 1950 hortationibus
1237 1887 1446 1964 acquieveris
1462 1888 1496 1947 iu
1510 1888 1572 1948 hac
1587 1897 1692 1963 parte.
1710 1902 1771 1949 nos

32 2008 34 2017 v
135 1982 187 2043 sub
198 1983 278 2044 duro
291 1998 391 2056 casu,
408 1984 444 2044 in
458 1996 556 2060 quem
570 1998 629 2060 per
642 1981 778 2044 Henrici
791 1981 922 2043 comilis
976 1984 1093 2046 deesse
1116 2000 1182 2045 non
1205 1985 1385 2060 poterimus
1398 1983 1484 2045 dicto
1500 1985 1653 2060 regitans
1668 1999 1771 2059 aper·

135 2080 262 2150 bomin,
272 2081 419 2142 vassalli
434 2081 499 2151 sui,
515 2080 690 2157 perfidiam
704 2079 853 2140 noscitur
864 2078 921 2138 in·
976 2081 1044 2143 tam
1070 2082 1230 2158 injuriam
1248 2083 1399 2158 patienti,
1424 2098 1491 2143 non
1506 2081 1630 2159 absque
1652 2097 1771 2157 magno

135 2175 250 2238 cidisse.
272 2179 429 2239 Primum
454 2179 516 2250 est,
538 2176 625 2254 quod
644 2178 717 2252 ipse
730 2192 793 2237 ren
805 2175 866 2238 tibi
880 2175 944 2236 ad⁴
977 2179 1149 2257 dispendio
1165 2179 1305 2240 subsidii
1327 2180 1440 2240 Terrae
1461 2180 1602 2250 Sanctae,
1619 2178 1660 2240 ad
1684 2178 1771 2256 quod

133 2273 392 2337 exhortationem
436 2274 635 2351 apostolica
671 2274 766 2335 sedis
800 2273 920 2344 astitit,
976 2276 1152 2352 magnifice
1180 2276 1434 2351 impendendum
1470 2279 1548 2339 ante
1582 2277 1771 2353 captionem

135 2371 320 2445 manusb,
351 2374 502 2449 tempore
516 2372 700 2449 opportuno
722 2374 755 2433 et
775 2370 922 2431 studiose
943 2398 944 2401 ¹
977 2388 1072 2433 snam
1088 2373 1246 2434 solemnis
1277 2374 1509 2449 promissionis
1522 2374 1657 2435 vinculo
1673 2389 1708 2434 se
1720 2390 1772 2435 as·

135 2467 170 2529 ad
180 2470 269 2531 mum
283 2470 455 2531 honorem
468 2473 503 2531 et
514 2468 752 2531 exaltationem
765 2466 919 2530 intendit.
976 2470 1105 2540 trinxit,
1113 2485 1175 2532 nec
1188 2469 1313 2547 absque
1320 2471 1519 2547 apostolicae
1534 2471 1629 2531 Sedis
1645 2471 1771 2548 injuria

136 2566 308 2628 Secundum
318 2567 387 2639 est,
401 2565 676 2644 qnodinterteac
689 2565 798 2642 ipsum
809 2580 922 2640 regem
976 2568 1010 2630 et
1021 2568 1220 2643 contemptu,
1237 2567 1292 2627 cui
1305 2583 1444 2643 regnum
1469 2571 1542 2645 ejus
1563 2568 1770 2643 dignoscitur

135 2663 305 2726 amicabilis
321 2662 923 2726 eonloederationisvinculuminter-
976 2663 1289 2725 cerasuntensium
1317 2664 1484 2737 Laterani,
1515 2667 1544 2725 V
1570 2665 1643 2725 idus
1668 2662 1768 2740 junii,

135 2762 230 2834 oessit
244 2763 341 2824 sicut
352 2762 389 2822 in
409 2761 478 2829 tuis
500 2760 691 2838 patentibus
704 2760 839 2831 litteris,
860 2776 922 2820 an-
975 2777 1065 2824 anno
1079 2760 1290 2838 pontificatus
1308 2760 1412 2824 nostri
1427 2760 1567 2824 decimo.

135 2872 182 2919 raa
198 2858 286 2921 hulla
299 2858 460 2931 munitis,
486 2859 715 2936 perspeximus
743 2857 919 2918 contineri.

135 2956 265 3018 tellum
280 2957 349 3029 est,
361 2955 451 3033 qnod
470 2956 504 3017 et
518 2954 548 3017 si
560 2953 765 3031 generaliter
784 2953 840 3015 lex
853 2970 919 3015 na-

32 3050 35 3057 ’
134 3051 205 3116 tna
218 3054 391 3132 deposcat,
411 3052 560 3115 uthomo
581 3050 757 3115 subveniat
779 3050 918 3124 homiui,

134 3150 259 3226 quodam
272 3155 394 3214 tamen
404 3150 543 3229 speciali
558 3149 667 3214 debito
680 3150 814 3214 tenetur
824 3150 920 3212 miles

133 3245 217 3309 nibli
236 3248 337 3310 iau-re
349 3247 515 3310 auxilinm
533 3248 569 3309 et
593 3247 754 3323 terrosi,
776 3247 823 3319 ut,
846 3262 920 3323 qua

134 3342 226 3420 ipsum
244 3345 363 3407 reddit
386 3345 465 3406 aliis
477 3343 721 3416 honorabilem,
744 3344 817 3421 ipse
836 3358 921 3421 quo·

134 3456 187 3518 que
198 3442 344 3505 honoret
358 3444 395 3503 in
409 3441 544 3518 regibus
556 3441 683 3517 regiam
697 3441 918 3520 majestatem.

135 3540 292 3617 cumergo
303 3539 461 3616 praeiatns
472 3554 581 3600 comes
603 3539 724 3601 adicio
736 3554 827 3615 rege,
843 3539 919 3599 dnm

136 3639 250 3713 captum
281 3637 414 3699 teneret
436 3634 604 3708 eumdem,
627 3636 806 3699 extorserit
819 3638 919 3713 jnra-

135 3735 268 3797 menlnm
280 3733 326 3796 de
336 3732 617 3795 dandissinltlliis
627 3733 700 3822 suis
715 3732 918 3806 subsidibus,

1316 3050 1433 3143 CLXI

995 3209 1046 3269 Ad
1068 3208 1271 3278 Henrictuit,
1293 3208 1454 3269 comitem
1473 3210 1746 3271 Zwerteeasem.

1143 3403 1151 3424 ,
1270 3343 1370 3418 illunli
1386 3345 1465 3405 litt.

1068 3469 1251 3535 [Melleuburg.
1267 3469 1443 3529 Urknudeub,
1457 3471 1476 3530 l,
1487 3471 1543 3530 als,
1556 3487 1584 3522 o.
1599 3473 1667 3538 325]

1194 3598 1234 3654 De
1249 3595 1350 3654 eodem
1362 3605 1544 3670 argumento.

1016 3731 1197 3806 Honorius,
1210 3735 1285 3806 etc,
1302 3733 1417 3795 comiti
1430 3732 1646 3803 zuerinensi,
1661 3735 1723 3796 etc.
1846 3798 1850 3803 ,

136 3831 163 3890 et
177 3830 213 3892 de
225 3832 392 3894 solvenda
407 3830 472 3891 sibi
487 3829 629 3907 quisdam
643 3829 794 3905 pecunias
809 3846 918 3906 quan·
1016 3832 1103 3893 Olim
1119 3831 1332 3902 credidimus,
1355 3831 1441 3908 qitod
1457 3829 1615 3906 grandem
1639 3833 1672 3892 et
1690 3849 1770 3908 gra-

136 3926 226 4003 itate,
246 3928 467 3990 serenitatem
487 3929 579 3989 tuam
599 3927 723 3988 aliems
738 3927 918 4002 rogandam
973 3945 1048 3992 vem
1064 3930 1239 4002 maculam,
1250 3946 1350 4007 qnam
1366 3930 1400 3989 in
1416 3931 1471 3990 tua
1484 3929 1572 3990 lama
1585 3929 1769 4006 improvide

137 4022 279 4088 duximus
292 4026 327 4087 et
340 4024 549 4097 hortandam,
564 4025 727 4101 quatenus
740 4023 921 4101 prudenter
975 4027 1127 4105 posuisti,
1142 4028 1353 4088 carissimum
1368 4028 1403 4087 in
1419 4027 1550 4088 Christo
1567 4025 1672 4088 fllium
1684 4043 1767 4089 nos-

136 4122 298 4185 attendens
319 4121 493 4194 malitiam,
510 4135 609 4198 quam
631 4117 739 4182 dictus
760 4122 919 4184 comesln
974 4125 1063 4186 trum
1093 4125 1258 4188 illustrem
1294 4139 1405 4200 regem
1443 4124 1564 4195 Daciae,
1599 4123 1768 4185 domiuum

137 4216 228 4294 ipsum
244 4236 360 4296 regem
380 4219 540 4290 exercuit,
563 4233 639 4279 esse
662 4233 728 4279 non
741 4218 848 4280 solnm
863 4235 920 4280 ra·
973 4224 1077 4294 tunm,
1099 4225 1196 4298 rupto
1219 4222 1387 4283 fidelitatis
1408 4221 1540 4292 loedere,
1558 4221 1767 4298 captivando,

137 4315 212 4380 hone
227 4318 324 4386 lacti,
346 4316 404 4377 sed
418 4316 520 4377 etiam
532 4316 665 4377 ratione
677 4316 821 4393 exempli
836 4331 917 4393 gra-
973 4320 1138 4381 excitatus
1164 4318 1449 4394 increpationibus
1484 4317 1682 4394 apostolicis
1708 4335 1769 4381 rea

137 4419 242 4479 temet
267 4414 467 4477 omnimodis
479 4413 716 4485 detestmdam,
731 4428 771 4474 ac
785 4430 845 4490 per
856 4415 919 4476 hoc
973 4431 1204 4493 cognosceres,
1218 4419 1262 4487 et,
1280 4416 1388 4492 ipsum
1409 4429 1520 4491 regem
1529 4416 1627 4492 Juxta
1644 4418 1770 4479 exhor·

138 4524 188 4573 uec
204 4514 335 4581 decere,
350 4525 414 4573 nec
434 4511 604 4588 expedire,
624 4513 661 4572 nt
673 4511 761 4587 apud
773 4513 808 4573 te
820 4512 918 4573 lavo·
972 4512 1114 4574 tationes
1128 4513 1260 4572 nostras
1273 4509 1377 4571 libere
1390 4510 1596 4583 dimittendo,
1617 4514 1767 4575 eamdem

35 4637 36 4644 ,
138 4622 196 4671 rem
217 4610 369 4673 inveniat
389 4608 498 4670 dictus
524 4623 645 4680 comes,
676 4608 733 4685 qni
754 4610 918 4671 vassallos
973 4609 1138 4670 maculam
1154 4623 1213 4685 per
1234 4609 1309 4669 citae
1329 4607 1566 4670 satisfactionis
1583 4611 1768 4673 remedium

139 4711 238 4770 maha
260 4707 417 4769 dominos
442 4708 476 4767 et
501 4705 649 4782 privatos
676 4706 794 4767 contra
822 4722 918 4783 reges
972 4705 1488 4777 aboleres.Tuvero,cmafamae
1501 4708 1567 4768 tuae
1579 4708 1768 4784 posthabita

139 4806 276 4884 exemplo
303 4819 376 4866 suaa
399 4803 629 4880 perversitatis
656 4803 800 4864 armavit
825 4818 919 4865 enm·
973 4806 1007 4866 et
1031 4804 1255 4865 inculcatione
1285 4819 1419 4880 precum
1449 4819 1488 4866 ao
1525 4807 1767 4881 praeceptorum

35 4933 36 4950 i
139 4897 209 4974 dem,
224 4905 261 4964 nt
273 4901 341 4979 ipsi
353 4900 428 4976 regi
446 4900 602 4961 restituat
618 4899 750 4962 obsides
765 4901 798 4962 et
817 4915 919 4978 pecu-
973 4904 1161 4963 nostrorum
1190 4900 1321 4978 penitus
1347 4900 1516 4973 obaudite,
1537 4902 1578 4962 ah
1597 4902 1670 4978 ipso
1688 4918 1767 4979 rege

36 5021 37 5074 3
140 4997 225 5072 num,
249 5015 348 5077 qnam
360 5001 432 5075 jam
454 4996 497 5058 ab
520 4997 593 5073 ipso
608 4998 744 5074 recepit,
761 5013 823 5059 nec
842 5015 918 5059 eum
972 4997 1144 5061 extorsisti
1156 4997 1416 5074 pervioleniiam
1425 5000 1662 5075 juramentum,
1680 5000 1767 5076 quod

36 5125 37 5152 l
141 5107 224 5171 super
247 5095 416 5158 solutione
439 5092 566 5155 residui
591 5094 769 5156 molestare
785 5111 917 5171 praesu·
972 5098 1060 5158 illios
1084 5112 1162 5157 suos
1187 5095 1318 5156 obsides
1344 5095 1404 5157 tibi
1429 5095 1521 5156 daret
1541 5096 1573 5156 et
1592 5096 1768 5171 quiamdam

141 5195 204 5265 nat,
218 5194 341 5256 tradita
355 5191 418 5253 tihi
437 5191 567 5252 ctelitus
589 5192 751 5269 potestate
768 5193 918 5267 compel—
971 5194 1033 5256 tihi
1046 5193 1191 5254 solueret
1205 5193 1353 5268 pecuniae
1369 5192 1596 5270 quantitatem,
1612 5192 1718 5268 ipsum
1733 5194 1767 5256 in

140 5286 190 5362 las,
203 5290 390 5367 contempta
405 5290 500 5365 parte
521 5289 628 5365 ipsius
642 5290 802 5365 pecuniae,
819 5306 918 5367 qnam
973 5291 1027 5353 bis
1043 5293 1076 5353 et
1098 5291 1175 5352 aliis
1199 5289 1454 5351 intolerabiliter
1482 5290 1711 5363 aggravando,
1734 5291 1768 5354 ln

36 5451 37 5464 2
141 5384 223 5451 laiss
249 5390 411 5465 recipere,
446 5386 533 5447 sicut
556 5386 671 5460 lemur,
699 5403 774 5448 oum
795 5387 918 5449 divinae
973 5404 1076 5465 grase
1091 5388 1320 5465 praeJudicium
1342 5386 1482 5446 subsidii
1496 5387 1608 5448 'llerrae
1624 5389 1765 5462 Sanctae,

142 5482 289 5563 butum
300 5484 491 5560 benignitas
510 5485 561 5545 sic
585 5484 644 5545 tibi
659 5484 829 5562 aperuerit
843 5499 919 5546 ma·
973 5486 1014 5547 ad
1035 5486 1122 5563 quod
1136 5486 1311 5560 magnifice
1326 5484 1582 5560 impendendum
1596 5489 1672 5548 aule
1685 5489 1767 5564 c‘ap-

143 5597 192 5645 nus
205 5601 279 5648 suas
293 5585 394 5662 teque
402 5582 495 5645 muta
507 5581 699 5646 divitiarum
709 5579 917 5661 aliorumque
972 5585 1096 5647 tionem
1111 5599 1205 5644 suam
1219 5582 1376 5644 solemnis
1390 5581 1621 5659 promissionis
1635 5584 1768 5649 viuculo
