3950 6200
190 263 227 322 71
804 257 979 319 HONORII
1001 258 1046 318 111
1068 256 1216 319 OPERA.
1786 259 1826 318 72

186 422 263 498 jure
278 417 436 496 perpetuo
451 417 650 480 contulimus
663 415 911 493 possidendam
927 416 981 478 ri·

190 516 320 588 delicet,
337 516 422 592 quod
449 514 692 585 nullusbanus,
719 513 831 573 nullus
858 528 977 584 comes,

190 613 303 675 nullus
312 611 455 688 bajulus,
468 612 539 671 sive
552 610 690 687 quilibet
697 609 795 680 alins,
805 625 908 686 super
919 625 980 686 po·

190 709 315 785 pulum,
346 710 381 768 in
412 707 569 784 praedicta
595 707 685 767 terra
710 707 978 777 commorantem,

191 805 315 882 absque
327 805 462 865 licentia
477 806 510 866 et
523 803 692 866 voluntate
702 802 842 865 fratrum
854 802 981 878 Templi

191 903 370 978 praesumat
384 901 594 973 descendere,
610 901 662 962 vel
677 901 786 978 ipsum
801 916 902 976 super
916 915 979 960 ex·

190 1000 321 1060 actione
332 998 473 1075 alicujus
486 998 634 1059 collectae
647 1014 729 1059 casu
743 996 891 1074 quolibet
905 1012 979 1057 mo-

190 1094 328 1169 lestare;
345 1097 378 1156 et
401 1095 435 1154 in
451 1095 694 1171 possessiouem
715 1096 815 1156 terrae
835 1093 980 1169 praelatae

190 1192 310 1253 iratres
326 1193 441 1252 domus
451 1192 577 1268 Templi
593 1207 652 1267 per
662 1191 889 1267 Yobagionem
902 1206 982 1251 nos·

191 1289 290 1362 trum,
309 1289 564 1351 Duodomerium
579 1290 743 1359 comitem,
766 1287 903 1349 iacimus
923 1287 980 1347 in-

190 1386 332 1455 troduci,
352 1389 447 1463 cujus
461 1387 559 1447 terrae
575 1386 681 1462 prima
699 1386 786 1447 meta
798 1384 917 1461 incipit
920 1426 979 1444 .....

192 1484 236 1545 Ut
247 1484 357 1544 autem
377 1483 448 1545 haec
461 1499 481 1545 a
496 1483 591 1543 nobis
607 1485 675 1543 Deo
689 1484 722 1545 et
742 1498 846 1543 sacrae
870 1481 982 1543 domui

191 1581 318 1658 Templi
338 1581 426 1643 iacta
441 1581 574 1643 donatio
591 1581 692 1642 nullis
716 1597 861 1657 unquam
873 1580 983 1641 valeat

142 1696 145 1706 ·
190 1675 393 1754 temporibus
405 1679 591 1749 retractari,
609 1679 806 1755 praesentem
826 1677 982 1755 paginam

192 1774 287 1835 aurei
300 1775 403 1850 sigilli
415 1776 520 1836 nostri
536 1775 719 1836 munimine
734 1774 873 1836 fecimus
883 1773 984 1835 robo-

192 1870 273 1931 rari.
291 1873 410 1932 Datum
425 1886 485 1948 per
499 1887 617 1933 manus
633 1872 764 1948 Ugrini,
780 1871 866 1934 aulae
880 1871 982 1946 regiae

192 1967 397 2041 cancellarii,
415 1969 448 2030 et
469 1969 658 2030 colocensis
674 1968 877 2040 archielecti,
894 1982 981 2029 anno

193 2065 372 2126 Dominicae
391 2067 635 2127 incarnationis
650 2068 821 2127 mccxlii.
840 2068 983 2127 Venera-

192 2160 390 2223 biliJoanne
402 2163 624 2239 strigoniensi
633 2163 883 2241 archiepiscopo
892 2162 984 2224 exis-

192 2257 298 2334 tente;
325 2259 494 2320 Willelmo
532 2260 766 2336 Utrasylvano,
810 2259 982 2320 Desiderio

193 2355 401 2427 cenadiensi,
418 2356 561 2418 Roberto
576 2357 841 2435 Wesprimieusi,
857 2357 983 2418 Thoma

192 2452 358 2527 agriensi,
369 2454 612 2517 Bartholomaeo
626 2454 980 2532 Quinqueecclesiensi,

193 2550 361 2626 Stephano
388 2551 612 2626 Zagrabiensi,
642 2554 757 2612 cosma
784 2551 981 2619 (lauriensi,

193 2646 357 2723 episcopis
370 2648 527 2708 ecclesias
541 2649 600 2708 Dei
613 2648 754 2709 feliciter
762 2647 982 2724 gubernanti-

192 2741 269 2818 bus3
295 2743 434 2805 Nicolao
461 2744 614 2805 Palatino
636 2744 669 2805 et
688 2744 907 2820 supruniensi
925 2759 983 2805 co-

192 2840 284 2913 mite,
305 2841 423 2902 Neuha
445 2841 610 2904 woiwoda
634 2841 872 2917 existentibus3
895 2842 982 2903 Mica

191 2936 405 3009 Bithoriensi,
422 2938 589 2999 Demetrio
613 2939 728 2999 Ferret
751 2940 980 3011 1111118111-

191 3033 295 3110 ragdo
310 3035 518 3107 Posoniensi,
533 3037 626 3096 Batia
649 3036 859 3108 Musiniensi,
874 3037 981 3126 comi-

191 3131 280 3192 tibus
311 3133 487 3195 comitatus
514 3134 719 3206 tenentibus,
754 3135 848 3209 regni
877 3136 983 3196 nostri

192 3243 279 3290 anno
293 3232 388 3291 sexto
402 3230 540 3292 decimo.

232 3326 325 3386 Nulli
348 3343 440 3404 ergo,
476 3329 552 3401 eto,
583 3343 689 3402 usque
721 3328 981 3390 confirmationis

192 3423 325 3494 nostrae,
353 3425 415 3484 etc.
448 3423 483 3484 Si
515 3424 588 3500 quis
617 3426 739 3497 autem,
769 3426 830 3487 etc.
864 3427 982 3487 Datum

192 3520 360 3591 Laterani,
377 3522 421 3584 IV
442 3536 547 3582 nonas
566 3521 657 3596 maii,
674 3538 761 3583 anno
782 3522 921 3585 decimo.

462 3905 466 3910 .
494 3817 684 3904 CXXXIV

230 3971 282 4030 Ad
302 3970 471 4030 decanum
485 3968 519 4029 et
542 3969 729 4041 capitatum
742 3971 777 4030 S.
798 3970 943 4031 Victoris

442 4066 731 4140 Mogtlrttittcrtsts.

493 4205 508 4261 ⁷
524 4204 592 4260 maii
608 4204 687 4271 1226.

283 4337 370 4403 [Banu
385 4337 681 4398 HessischoUrknnden.,
692 4337 724 4400 11,
738 4337 778 4397 67,
794 4352 820 4389 n.
837 4337 890 4403 tta]

190 4473 247 4530 Eos
261 4486 327 4529 cnm
338 4472 470 4529 omnibus
482 4471 564 4529 bouis
577 4471 768 4545 protegendos
781 4473 909 4545 suscipit,
922 4488 985 4544 spe·

225 4559 334 4616 cialiter
348 4567 443 4616 autem
456 4560 600 4617 libertates
617 4567 646 4616 et
660 4561 864 4630 immunitates,
879 4575 896 4618 a
910 4563 982 4619 Wil-

225 4647 319 4720 legiso
333 4646 547 4720 archiepiscopo
572 4648 742 4720 btaguntino
755 4648 886 4718 donatas,
912 4665 981 4707 con·

226 4737 329 4793 llrmat.
352 4769 360 4782 ι

230 4870 398 4933 Honorius
408 4869 593 4946 episcopus.
606 4883 722 4932 servus
731 4884 902 4933 servorum
911 4873 982 4945 Dei,

191 4968 321 5029 dilectis
335 4968 414 5027 tiliis
428 4967 554 5028 decano
566 4969 599 5028 et
614 4968 759 5044 capitulo
785 4970 818 5028 S.
839 4970 983 5029 Victoris

191 5065 467 5141 Magantinensis,
481 5064 669 5126 salutemet
684 5064 911 5142 apostolicam
924 5064 984 5125 be·

191 5162 424 5224 nedictionem.

231 5261 423 5335 Eapropter‚
440 5259 552 5320 dilecti
565 5258 598 5318 in
618 5259 756 5319 Domino
776 5258 848 5330 tilii,
863 5259 984 5321 vestris

188 5354 288 5433 justis
317 5354 593 5430 postulationibus
626 5357 723 5430 grato
749 5357 984 5417 concurrentes

192 5466 342 5522 assensu,
368 5465 526 5527 personas
540 5453 670 5513 vestras
685 5451 852 5524 stlocum,
868 5453 984 5529 inquo

193 5549 306 5609 divino
321 5548 448 5610 vacatis
470 5548 639 5625 obsequie,
655 5565 731 5610 cum
750 5549 903 5611 omnibus
924 5549 985 5611 bo-

1035 417 1099 487 nis,
1138 431 1212 492 qnae
1237 415 1272 475 in
1300 414 1549 490 praesentiarum
1582 414 1828 478 rationabiliter

1035 513 1223 589 possidetis,
1247 514 1304 574 aut
1326 511 1520 573 infuturum
1530 513 1631 588 justis
1646 513 1753 574 modis
1766 528 1829 589 po·

1035 611 1143 671 teritis
1166 610 1318 685 adipisci,
1346 609 1406 670 sub
1431 610 1519 671 beati
1544 610 1634 671 Petri
1658 613 1691 672 et
1711 611 1827 671 nostra

1035 709 1238 784 protectione
1261 707 1472 783 suscipimus.
1501 707 1696 783 specialiter
1714 708 1826 769 autem

1035 805 1204 866 libertates
1216 805 1249 865 et
1268 805 1503 876 immunitates,
1518 806 1626 866 terras
1642 805 1674 865 et
1688 820 1825 881 posses-

1036 901 1158 971 siones,
1187 918 1269 978 quas
1300 901 1395 961 bonae
1427 903 1595 962 memoriae
1618 902 1824 976 willegisus,

1036 998 1305 1074 archiepiscopus
1318 999 1543 1073 maguntinus,
1565 1001 1598 1060 et
1616 1014 1827 1059 successores

1036 1095 1151 1171 ipsius,
1165 1096 1301 1172 capituli
1315 1096 1368 1155 sui
1382 1095 1559 1157 accedente
1572 1111 1747 1167 consensu,
1764 1110 1828 1157 ec-

1036 1192 1147 1253 clesiae
1162 1196 1281 1255 vestrae
1306 1193 1481 1263 donartmt,
1505 1209 1544 1254 ac
1564 1192 1630 1253 alia
1644 1192 1730 1253 hona
1746 1209 1827 1253 ves-

1035 1291 1097 1360 tra,
1116 1290 1202 1352 sicut
1214 1306 1254 1349 ea
1267 1291 1378 1351 omnia
1396 1292 1497 1367 juste,
1512 1291 1670 1350 canonice
1683 1305 1722 1350 ac
1734 1290 1828 1366 paci-

1036 1386 1097 1447 fice
1109 1386 1264 1462 possidet,
1274 1387 1368 1448 vohis
1381 1389 1414 1448 et
1424 1402 1549 1463 perros
1562 1386 1828 1447 eidemecclesiae

1037 1483 1233 1546 auctoritate
1242 1483 1432 1562 apostolica
1442 1484 1688 1555 confirmamus,
1698 1484 1731 1545 et
1745 1499 1830 1560 prae·

1038 1582 1141 1643 sentis
1158 1580 1273 1657 scripti
1287 1581 1471 1657 patrocinio
1494 1582 1746 1642 communimus.
1761 1583 1830 1640 Da·

1036 1680 1105 1740 tum
1120 1679 1286 1751 Laterani,
1301 1694 1406 1740 nonas
1418 1678 1508 1750 maii,
1520 1677 1730 1754 pontificatus
1744 1692 1829 1739 nos-

1036 1776 1081 1836 tri
1102 1791 1190 1837 anno
1201 1776 1340 1837 decimo.

1347 1990 1517 2076 CXXXV

1037 2142 1089 2200 Ad
1114 2143 1408 2215 arehiepiscopum
1432 2145 1686 2212 cassellensem,
1712 2141 1828 2200 Limi-

1122 2240 1293 2298 iicetwem
1305 2239 1339 2299 et
1351 2241 1550 2299 Clooeasem
1564 2240 1747 2310 episcopos.

1336 2368 1354 2425 9
1366 2367 1433 2424 maii
1447 2367 1527 2425 1226.

1158 2490 1284 2555 [rheinec
1296 2491 1362 2541 1111.
1379 2489 1554 2552 hibernorum,
1564 2490 1604 2550 25,
1618 2503 1644 2539 n.
1654 2489 1706 2554 db]

1037 2614 1086 2671 Eis
1103 2613 1230 2683 mandat,
1252 2614 1330 2671 utin
1354 2613 1519 2686 praedictum
1539 2612 1692 2672 Robertnm
1708 2615 1831 2671 Travers

1100 2703 1128 2758 in
1143 2702 1295 2760 Laoniensl
1310 2703 1431 2759 ccclesia
1445 2703 1585 2759 intrusum
1599 2701 1764 2774 procedant.

1077 2837 1245 2898 Honorius
1254 2837 1439 2913 episcopus,
1451 2836 1828 2913 servusservorumDei,

1037 2932 1283 2994 venerabilibus
1319 2932 1477 2995 iratribus
1480 2976 1540 2992 .....
1574 2933 1829 3009 archiepiscopo

1037 3030 1247 3103 cassellensi,
1272 3032 1341 3092 et...
1357 3030 1569 3092 Limiricensi
1588 3032 1656 3091 et...
1673 3030 1830 3090 dionensi

1037 3129 1211 3205 episcopis,
1229 3129 1380 3200 salutem,
1397 3129 1457 3189 etc
1517 3191 1519 3195 .

1077 3228 1126 3286 Ex
1146 3228 1239 3301 parte
1263 3225 1458 3286 dilectorum
1482 3224 1626 3285 illiorum
1646 3224 1831 3285 Laonensis

1037 3323 1174 3399 capituli
1209 3323 1331 3384 nostris
1360 3322 1422 3383 iuit
1457 3321 1594 3383 auribus
1627 3321 1829 3394 intimatum,

1037 3420 1136 3497 quod,
1152 3419 1247 3480 bonae
1273 3420 1442 3480 memoriae
1467 3419 1571 3479 David
1593 3417 1832 3478 archidiacono

1038 3516 1215 3578 Laoniensi
1230 3516 1335 3577 electo
1350 3516 1453 3576 abeis
1468 3516 1503 3576 in
1517 3515 1708 3591 episcopum
1722 3529 1831 3574 cano-

1037 3615 1111 3675 nice
1130 3629 1170 3674 ac
1185 3612 1403 3685 concorditer,
1425 3613 1503 3673 dum
1518 3613 1666 3688 ipsorum
1687 3611 1833 3673 ecclesia

1037 3714 1116 3773 tuno
1152 3712 1286 3787 pastore
1314 3709 1459 3780 vacaret,
1498 3708 1661 3771 Robertus
1687 3710 1832 3770 Travers

1037 3805 1219 3883 presbyter,
1252 3805 1309 3882 qui
1333 3820 1511 3881 perversus
1535 3820 1578 3865 ex
1607 3804 1677 3863 suis
1702 3803 1833 3865 actibus

1038 3903 1248 3980 praedicatur,
1262 3918 1328 3961 non
1340 3905 1476 3962 vocatus
1487 3917 1507 3962 a
1520 3901 1658 3960 Domino
1671 3902 1833 3976 tanquam

1037 4003 1160 4070 Aaron,
1186 3998 1243 4059 sed
1266 3998 1330 4058 sibi
1353 3999 1511 4059 honorem
1537 4012 1723 4068 assumens,
1748 3997 1833 4072 ipsis

1038 4095 1296 4158 reclamantibus
1312 4097 1345 4155 et
1365 4095 1490 4166 invitis,
1508 4109 1543 4154 se
1556 4094 1591 4153 in
1610 4092 1760 4153 eamdem
1775 4108 1835 4153 eo-

1039 4194 1173 4255 clesiam
1190 4208 1249 4269 pro
1264 4194 1396 4269 pastore
1410 4191 1516 4267 ipsius
1529 4205 1589 4266 per
1602 4188 1756 4250 laicalem
1768 4189 1836 4250 im-

1039 4291 1245 4367 pressionem
1276 4289 1466 4365 procurarit
1486 4286 1623 4355 intrudi,
1647 4287 1680 4346 et
1700 4287 1834 4347 demum

1038 4390 1073 4449 in
1100 4387 1288 4464 pontificem
1319 4384 1519 4447 consecrari.
1555 4387 1664 4456 Quare
1697 4383 1833 4444 decreto

1038 4484 1210 4546 electionis
1239 4484 1346 4559 ipsius
1379 4479 1617 4551 archidiaconi,
1646 4479 1835 4555 quoderat

1038 4581 1245 4658 singulorum
1260 4580 1301 4640 de
1316 4579 1462 4655 capitulo
1481 4575 1759 4652 suscriptionibus
1776 4592 1836 4637 ro-

1040 4679 1203 4750 boratum,
1225 4677 1321 4738 nobis
1345 4675 1505 4747 exhibito,
1530 4673 1715 4736 venerabili
1736 4673 1835 4734 fratri

1038 4778 1192 4837 nostro...
1221 4773 1399 4835 Tuamensi
1427 4771 1677 4846 archiepiscopo
1700 4770 1735 4830 et
1762 4770 1835 4830 col-

1038 4873 1122 4949 legis
1140 4872 1210 4931 suis
1228 4885 1289 4946 per
1310 4870 1439 4931 litteras
1457 4869 1589 4929 nostras
1611 4867 1831 4941 injunximus,

1037 4972 1085 5037 ut,
1102 4969 1131 5029 si
1146 4969 1209 5028 hoc
1228 4968 1275 5027 ita
1295 4982 1369 5028 esse
1394 4964 1570 5034 constaret,
1587 4962 1697 5023 amoto
1711 4976 1732 5021 a
1747 4962 1837 5021 Lao-

1037 5067 1147 5128 niensi
1181 5064 1322 5125 ecclesia
1357 5061 1501 5124 Roberto
1533 5057 1702 5135 praediot0‚
1738 5057 1834 5118 elec-

1038 5165 1162 5226 tionem
1188 5161 1419 5221 examinarent
1452 5156 1611 5224 eamdem,
1640 5154 1672 5213 et
1696 5153 1726 5213 si
1759 5170 1835 5216 eam

1038 5261 1224 5336 reperirent
1245 5257 1445 5319 celebratam
1467 5251 1627 5313 canonice
1646 5251 1679 5309 et
1700 5248 1741 5310 de
1756 5267 1836 5326 per-

1039 5373 1121 5419 sona
1146 5356 1276 5426 idonea,
1304 5349 1550 5419 confirmarent,
1577 5349 1831 5408 consecratores

1039 5453 1185 5531 ejusdem
1201 5450 1385 5529 presbyteri
1397 5460 1577 5523 suspensos
1592 5442 1633 5503 ad
1648 5445 1836 5505 Romanam

1039 5549 1220 5613 Ecclesiam
1248 5544 1516 5616 transmittend0;
1552 5540 1608 5617 qui
1639 5538 1836 5601 mandatum
