3950 6200
185 282 244 350 107

185 444 290 527 aliqui
318 450 487 514 noluerint
516 448 724 525 satisfacere,
762 453 844 530 ipsis
879 455 977 531 Juxta

185 545 324 610 sormam
349 551 506 614 Ecclesiae
534 550 732 612 beneficium
757 550 976 611 absolutionis

802 286 977 356 HONORII
1000 286 1047 357 ΙΙΙ
1068 286 1217 357 OPERA.

1758 292 1821 355 108

1033 453 1140 515 lentes
1151 454 1281 517 tantum
1306 457 1415 517 virum
1433 457 1556 534 exponi
1571 448 1692 532 gladiis
1705 450 1828 531 implo-

1031 565 1117 621 rum,
1131 552 1238 613 eidem
1260 552 1470 624 indulsimus,
1491 554 1712 614 utrooatusa
1735 564 1827 628 pre·

184 643 375 721 impendas3
389 652 508 710 etcum
527 647 672 718 clericis,
686 648 744 724 qui
757 644 869 707 taliter
883 646 976 707 cele·
1024 646 1119 708 dicto
1130 647 1391 724 archiepiscopo,
1420 649 1674 725 metropolitano
1694 663 1767 719 suo,
1785 647 1826 707 ad

183 743 334 816 brarnnt,
350 742 393 806 ad
408 744 599 807 mandatum
622 747 715 807 tuom
733 744 904 805 humiliter
917 758 976 805 rs-

185 842 372 909 deuntibus,
383 842 444 903 tibi
457 842 556 904 liceat
566 841 828 903 misericorditer
842 841 979 917 dispen-

185 954 278 1015 sare;
298 941 374 1002 illos
393 941 514 1012 autem,
545 940 601 1016 qui
627 938 848 1015 perdurarunt
860 939 978 998 contu-

183 1054 307 1110 maces,
323 1039 485 1099 canonica
496 1036 673 1113 disciplina
689 1034 845 1110 castiges.
859 1036 976 1095 Datum

182 1135 352 1207 Laterani,
370 1137 400 1196 ll
412 1150 519 1197 nonas
530 1132 631 1211 junii,
646 1131 858 1213 pontificatus
872 1128 978 1193 nostri

183 1233 423 1297 annodecimo.
850 1240 853 1247 ·

520 1480 639 1567 CLIX

182 1652 235 1716 au
263 1626 412 1723 musra
446 1651 595 1712 ecclesa
622 1648 693 1711 et...
722 1648 758 1708 s.
780 1646 906 1706 mame
931 1646 977 1704 au

221 1750 358 1808 Gradus
369 1734 574 1821 prepositos
582 1747 617 1808 ct
628 1748 795 1807 decertum
803 1745 837 1804 S.
850 1744 976 1803 Marica

219 1847 264 1906 od
279 1846 416 1907 Gradus
431 1846 651 1908 cotennensis

482 1993 500 2049 ὅ
510 1990 584 2065 jullii
595 1989 673 2049 1226.

315 2132 496 2199 [Wurdtmeim
508 2133 580 2183 Nora
593 2130 715 2192 subsidia,
725 2130 768 2189 lv,
781 2129 847 2192 lan]

181 2266 261 2338 Quod
282 2266 421 2324 indultum
443 2266 579 2338 episcopo
608 2263 806 2336 llerbipoleusl
826 2276 861 2321 ex
880 2262 975 2320 causis

215 2368 396 2423 concessum,
414 2368 451 2411 ne
470 2353 658 2427 personaliter
672 2351 710 2410 sd
725 2352 877 2409 concilium
890 2364 973 2409 occe·

214 2443 272 2512 det,
289 2444 419 2501 ecclesie
433 2442 611 2516 blsguntinm
627 2455 684 2498 non
696 2440 781 2499 cedat
794 2441 824 2497 in
839 2440 972 2513 praejudi-

215 2546 303 2590 crum.

219 2666 388 2729 Honorius
397 2666 584 2743 episcopus,
593 2680 708 2726 servus
718 2664 970 2734 servorumbei‚

180 2763 312 2824 dilectis
326 2763 405 2823 filiis
418 2763 556 2839 majoris
567 2762 718 2823 ecclesiae
727 2762 796 2822 et...
807 2764 840 2822 S.
857 2761 973 2821 Mariae

179 2862 221 2923 ad
237 2860 366 2921 Gradus
381 2860 569 2936 prepositis
582 2861 650 2920 et...
667 2858 793 2919 decano
809 2860 842 2918 S.
856 2858 972 2918 Mariae

181 2958 223 3019 ad
239 2957 369 3018 Gradns
379 2955 599 3029 coloniensis,
612 2955 753 3018 salutem
762 2957 796 3015 et
805 2954 975 3031 Apostoli·-

180 3070 252 3118 cam
266 3053 541 3115 benedictionem.

156 3139 159 3146 ’
221 3153 436 3228 significante
458 3153 537 3214 olim
560 3150 656 3213 nobis
669 3149 854 3213 venerabili
870 3149 973 3211 tratre

177 3252 330 3313 nostro...
348 3248 581 3326 Herbipolensi
609 3250 775 3326 episcopo,
796 3246 973 3325 quodcum

179 3347 313 3424 quidam
333 3347 398 3408 riri
423 3347 601 3422 sanguinei
619 3347 767 3422 regionis
789 3346 881 3406 illius
897 3359 972 3404 cum

179 3460 294 3507 sorum
305 3444 520 3520 complicibus
532 3444 628 3505 bonas
642 3444 811 3505 memoriae
827 3446 860 3503 C.
872 3444 972 3504 ante-

178 3558 345 3604 cessorem
359 3545 392 3603 et
402 3543 687 3618 consanguineum
703 3544 775 3618 ejus
787 3541 889 3617 impie
910 3557 971 3601 oc·-

178 3641 346 3711 oidissent,
363 3642 372 3700 i
378 3641 471 3716 psius
484 3629 558 3701 cum
567 3640 636 3701 tota
651 3640 854 3716 posteritate,
875 3641 974 3714 prout

179 3737 337 3813 exigebat
349 3738 539 3798 immanitas
559 3753 717 3799 excessus
733 3738 823 3812 juste
851 3735 969 3810 puniti,

178 3837 362 3896 nontamen
376 3835 575 3909 compuncti,
590 3834 648 3894 sed
670 3835 711 3893 ad
737 3833 972 3893 effundendum

178 3931 373 4007 sanguinem
398 3930 607 3991 innocentem
635 3929 820 3990 rabidiores
848 3928 970 4002 effecti,

178 4042 405 4089 successorem
431 4026 533 4087 occisi
557 4025 709 4101 praedicti
735 4026 883 4102 episcopi
906 4041 970 4101 pa-

177 4126 289 4187 truum
316 4124 468 4185 occidere
489 4123 704 4193 attentarunt,
735 4121 969 4198 propterquod

179 4225 313 4284 coactus
326 4222 388 4283 luit
402 4220 674 4297 Herpibolensem
689 4219 877 4296 relinquere
888 4218 973 4280 civi-

179 4323 281 4382 tatem
291 4321 324 4381 at
334 4321 468 4381 illorum
476 4318 572 4380 bonis
585 4317 627 4378 ad
637 4317 722 4378 alios
730 4317 896 4378 devolutis
906 4315 971 4392 ipsi

94 4389 107 4418 χ
179 4433 255 4478 curn
268 4432 383 4479 eorum
406 4417 497 4488 tiliis,
523 4415 741 4492 complicibus
756 4413 920 4476 staminis
936 4413 971 4472 in

177 4513 358 4576 vindictam
368 4512 800 4590 rerumamissarumipsius
809 4512 967 4588 episcopi,

178 4612 236 4688 qui
251 4610 487 4688 praedictorum
513 4611 744 4687 episcoporum
765 4611 972 4671 ostconsan-

178 4709 321 4784 guineus
332 4709 365 4769 et
375 4707 425 4768 eis
436 4707 470 4768 in
486 4722 588 4768 onere
602 4722 641 4767 ac
656 4706 783 4769 honore
798 4706 969 4777 successit,

180 4806 376 4883 sanguinem
404 4804 582 4876 sitiebant;
609 4819 711 4880 quare
728 4819 795 4864 non
820 4804 893 4863 erat
907 4801 970 4861 sibi

179 4920 332 4965 securum
341 4902 548 4964 secederead
557 4901 725 4963 civitatem
735 4901 787 4962 rel
801 4900 969 4960 dioecesim

64 5045 67 5050 -
180 5002 421 5077 Maguntinam,
436 5015 510 5061 cum
529 4999 608 5060 dicti
620 4998 850 5059 malefactores
861 4998 972 5057 essent

180 5099 220 5159 de
244 5099 380 5160 dioeccsi
405 5099 438 5159 et
467 5080 597 5157 'familia
626 5093 829 5156 venerabilis
858 5093 970 5154 fratris

181 5196 324 5257 nostri...
340 5193 583 5272 archiepiscopi
609 5190 812 5268 Maguntini3
834 5205 895 5252 nos
909 5207 973 5253 nor·

1032 744 1209 804 concilium
1224 745 1276 805 vel
1303 745 1344 805 ad
1372 745 1439 806 alia
1465 747 1581 807 venire
1603 744 1828 822 personaliter

1032 854 1098 900 non
1114 843 1261 915 cogatur,
1285 841 1342 902 sed
1363 843 1516 904 teneatur
1530 858 1566 903 se
1580 856 1641 919 per
1657 842 1826 902 solemnes

1032 938 1065 997 et
1087 936 1224 998 idoneos
1248 938 1382 999 nuntios
1409 941 1621 1015 prasentare,
1638 939 1827 1016 praesertim

1032 1047 1106 1093 cum
1121 1034 1185 1094 boc
1204 1034 1291 1094 idem
1314 1035 1553 1112 praedecessori
1576 1051 1637 1096 suo
1665 1035 1826 1097 tolsseta

1032 1129 1116 1190 Sede
1141 1132 1341 1206 apostolica,
1364 1134 1399 1192 ut
1420 1131 1633 1208 proponebat,
1646 1132 1824 1192 indultum.

1031 1228 1153 1287 Verum
1177 1227 1263 1288 idem
1289 1228 1559 1305 archiepiscopus
1580 1228 1614 1290 et
1641 1228 1826 1305 capitulum

1031 1323 1218 1398 Maguntini
1234 1324 1386 1401 querelas
1402 1325 1442 1385 sd
1461 1340 1522 1386 nos
1532 1325 1660 1386 litteras
1674 1325 1827 1387 destina·

1031 1420 1119 1489 runt,
1143 1419 1229 1496 quod
1255 1419 1362 1480 dictus
1388 1420 1562 1496 episcopus
1589 1419 1826 1481 occasionibus

1031 1516 1209 1587 nonnanis,
1227 1516 1284 1577 sed
1299 1515 1430 1577 frivolis
1453 1516 1660 1589 mendicatis,
1683 1532 1721 1578 se
1741 1516 1825 1578 snb-

1031 1610 1165 1672 trabere
1177 1613 1295 1674 nititur
1312 1612 1354 1673 ab
1369 1613 1558 1676 obedientia
1578 1614 1730 1675 ecclesiae
1744 1608 1824 1674 'bdu-¹

1029 1709 1258 1785 guntlnensis3
1293 1712 1414 1772 asserit
1440 1711 1541 1783 enim,
1578 1722 1746 1772 excusans
1774 1724 1823 1784 ss,

1031 1805 1117 1882 quod
1141 1806 1270 1867 nullum
1304 1808 1411 1883 ipsius
1440 1808 1586 1884 episcopi
1624 1809 1825 1885 sanguinem

1030 1903 1207 1975 sitientem,
1237 1904 1290 1965 vel
1318 1918 1428 1965 rernm
1455 1905 1510 1965 rel
1534 1906 1705 1966 conscium
1726 1905 1823 1965 necis

1029 2000 1283 2076 praedecessoris
1309 2002 1400 2062 illius
1426 2002 1582 2074 tenuerit,
1602 2003 1654 2063 sel
1664 2004 1778 2063 teneat
1787 2002 1825 2062 in

1030 2094 1127 2156 domo
1140 2117 1148 2170 ;
1163 2096 1285 2173 adjecit
1303 2098 1415 2168 etiam,
1430 2098 1515 2175 quod
1538 2098 1625 2159 idem
1643 2098 1822 2175 episcopus

1029 2193 1244 2266 Maguntinus
1269 2194 1506 2267 warmaciam,
1527 2195 1762 2256 Franckevore
1790 2196 1826 2256 et

1029 2291 1062 2351 et
1076 2290 1143 2350 alia
1156 2290 1268 2351 melna
1281 2291 1365 2364 loon,
1380 2306 1453 2367 que
1476 2291 1542 2353 sibi
1556 2290 1636 2353 dicit
1652 2306 1727 2352 esse
1741 2306 1824 2352 sns-

1030 2387 1135 2462 pecta,
1152 2388 1333 2464 saepeadiit
1354 2388 1427 2449 sine
1449 2392 1549 2460 metu,
1566 2388 1691 2448 babens
1719 2404 1823 2448 unum

1028 2482 1069 2543 de
1083 2484 1171 2559 ipius
1187 2484 1341 2565 episcopi·
1354 2484 1556 2546 occisoribus
1579 2484 1824 2546 ‘theodoricum

1028 2579 1069 2640 de
1089 2581 1198 2656 Mogo,
1212 2581 1340 2642 scilicet
1364 2581 1542 2658 specialem
1557 2582 1775 2643 secretarium
1788 2582 1824 2645 et

1028 2676 1181 2737 amicum.
1194 2680 1304 2749 Quare
1325 2677 1412 2738 ldem
1429 2676 1701 2755 archiepiscopus
1724 2677 1824 2740 nobis

1029 2773 1200 2833 humiliter
1210 2774 1423 2850 supplicavit,
1438 2774 1484 2845 ut,
1501 2772 1716 2836 licetduobus
1728 2790 1825 2851 praefi

1028 2869 1259 2931 decessoribus
1282 2871 1390 2947 lpsius
1413 2868 1560 2948 episcopi
1582 2871 1645 2932 boo
1669 2871 1824 2934 meriton

1028 2982 1130 3028 cansa
1145 2966 1257 3028 forsan
1267 2968 1443 3039 indultum,
1458 2983 1501 3029 ne
1513 2970 1625 3030 tamen
1638 2969 1821 3030 continua-

1026 3064 1073 3127 tio
1094 3064 1135 3126 ed
1167 3065 1437 3142 consequentiam
1460 3065 1683 3141 pertrabatur,
1703 3064 1821 3127 indul·

1027 3160 1174 3237 gentiam
1189 3177 1287 3239 quam
1308 3178 1345 3223 se
1364 3162 1542 3238 predictus
1565 3164 1741 3240 episcopus
1756 3179 1819 3239 per

1027 3258 1129 3319 falsas
1155 3259 1405 3320 adinventiones
1424 3258 1552 3320 anobis
1578 3261 1721 3322 extorsit
1740 3275 1823 3337 pro-

1027 3355 1102 3417 vide
1132 3358 1338 3427 revocantes,
1361 3371 1429 3416 non
1445 3358 1637 3431 pateremur
1650 3359 1822 3432 Maganti-

1027 3467 1103 3513 nam
1118 3452 1315 3513 eccclesiam
1343 3452 1502 3513 mutilari.
1519 3454 1570 3514 Ne
1593 3453 1697 3528 igitur
1720 3452 1822 3514 alteri

1027 3549 1365 3625 gratiaminalterius
1384 3548 1543 3624 injuriam
1564 3549 1674 3610 lacere
1698 3549 1821 3611 videa-

1027 3662 1112 3716 mur,
1154 3645 1347 3706 discretioni
1384 3647 1504 3706 vestrm
1542 3660 1602 3722 per
1627 3646 1821 3721 Apostolica

1027 3744 1150 3819 scripta
1178 3742 1386 3812 mandamus,
1416 3744 1579 3818 quatenus
1612 3742 1820 3819 inquirentes

1026 3855 1126 3916 super
1140 3838 1192 3898 his
1207 3837 1397 3913 diligentius
1409 3839 1595 3910 veritatem,
1608 3838 1636 3899 si
1652 3853 1822 3914 cognove-

1026 3936 1112 4006 ritis,
1128 3934 1215 4011 quod
1240 3933 1347 3995 dictus
1372 3934 1546 4010 episcopus
1574 3949 1690 3995 secure
1707 3935 1822 3997 valeat

1027 4032 1067 4090 ad
1081 4029 1257 4091 ecclesiam
1280 4030 1508 4106 Maguntinam
1526 4029 1698 4096 accedere,
1725 4046 1819 4105 pree-

1026 4128 1149 4188 dictam
1163 4126 1415 4201 indulgentiam,
1431 4125 1561 4187 sublato
1583 4125 1820 4202 appellationis

1027 4223 1209 4293 obstaculo,
1226 4224 1407 4284 revocetis:
1429 4222 1578 4299 alioquin
1597 4238 1673 4282 eum
1688 4223 1737 4283 uti
1757 4239 1821 4284 sua

1026 4320 1232 4396 indulgentia
1252 4319 1461 4395 permittatis
1473 4319 1519 4379 ita
1534 4309 1655 4390 tamen,
1673 4320 1759 4396 quod
1777 4319 1820 4382 ad

1026 4433 1105 4478 suos
1115 4432 1181 4477 non
1191 4419 1566 4479 transeatsuccessores.
1579 4417 1693 4478 Testes
1705 4418 1820 4478 autem

1026 4516 1082 4591 qui
1095 4515 1221 4575 tuerint
1235 4513 1406 4582 nominati,
1425 4514 1453 4572 si
1467 4527 1503 4574 se
1515 4513 1636 4588 gratia,
1662 4513 1739 4574 odio
1766 4513 1824 4574 rel

1025 4612 1143 4672 timore
1164 4610 1401 4680 subtraxerint,
1426 4624 1683 4685 percensuram
1709 4609 1824 4670 eccle-

1025 4708 1206 4778 siasticam,
1234 4707 1384 4767 cessante
1418 4705 1659 4780 appellatione,
1692 4706 1821 4781 cogatis

1025 4804 1158 4865 veritati
1167 4802 1392 4864 testimonium
1403 4801 1589 4877 perbibere.
1600 4800 1692 4872 Quod
1706 4802 1735 4860 si
1751 4817 1822 4863 non

1026 4916 1141 4961 omnes
1157 4900 1210 4961 bis
1222 4898 1443 4975 exsequendis
1455 4899 1617 4959 interesse
1630 4898 1819 4973 potueritis,

1026 4996 1090 5059 duo
1105 4997 1156 5057 vel
1172 4997 1257 5057 alter
1269 4997 1416 5056 restrum
1431 5009 1470 5055 ea
1486 4994 1703 5054 nibilominus
1718 5009 1821 5071 exse·-

1026 5094 1179 5170 quantur.
1195 5093 1312 5152 Datum
1327 5090 1492 5162 Laterani,
1507 5091 1605 5150 nonis
1617 5089 1714 5161 jirnii,
1732 5107 1820 5167 pon-

1025 5192 1170 5252 tificatus
1182 5189 1287 5251 nostri
1301 5204 1388 5249 anno
1412 5187 1550 5249 decimo.
