3950 6200
118 320 156 382 al
631 357 635 364 ι
677 309 1002 375 PROLEGOMENA.
1024 342 1075 382 -,
1085 313 1194 375 VITA.
1715 317 1755 378 82

123 478 175 558 qui
190 475 416 553 dispersiones
435 474 615 552 congregat
631 474 766 536 Israelis
779 471 902 552 (Psoi,

960 473 994 534 S.
1011 473 1158 544 Antonii,
1173 475 1251 534 ante
1262 473 1474 550 conspectum
1490 490 1586 536 suum
1599 475 1754 538 celeriter

124 569 904 652 omnpsuqueincitassetutabsqueuumana
954 570 1059 647 jussit
1080 569 1233 648 adduci).
1264 572 1410 648 Cumque
1433 571 1639 634 introductus
1666 576 1755 635 esset

123 672 419 739 vocadonemmnes
429 685 472 730 es
486 666 904 745 insperatopostmodicum

123 767 279 846 temporis,
289 769 390 841 juxta
405 768 479 843 ejus
491 765 814 827 desideriumdivina
825 779 906 840 ope-

121 869 210 929 rante
222 863 410 935 clementia,
423 880 493 926 non
508 864 580 926 sine
595 864 743 940 ipsorum
758 861 906 923 admira-

119 965 205 1027 tione
240 961 366 1038 pariter
402 961 630 1024 convenirent.
668 960 739 1020 Illis
775 973 905 1035 quoque

119 1059 238 1130 denus,
250 1058 395 1135 quatuor
409 1058 477 1119 sibi·
485 1055 732 1118 adhaerentibus
744 1056 828 1117 viris
843 1055 906 1115 ho-

118 1156 227 1228 nestis,
242 1156 283 1217 ad
298 1155 543 1220 duodenarium
557 1167 733 1216 numerum
744 1168 906 1216 excreve-

119 1255 204 1316 runt

155 1354 296 1412 Cernens
321 1351 432 1414 autem
444 1350 589 1412 famulus
608 1348 731 1411 Christi
744 1349 904 1426 paulatim

119 1463 304 1511 accrescere
313 1463 490 1510 numerum
500 1448 652 1519 fratrum,
660 1446 865 1522 scripsitsibi
873 1446 906 1508 et

120 1544 270 1607 fratribus
282 1545 357 1606 suis
377 1544 584 1621 simplicibus
599 1544 709 1606 verbis
728 1542 904 1604 formulam

119 1643 202 1714 vitae,
215 1644 251 1703 in
268 1658 348 1719 qua,
372 1643 479 1703 sancti
500 1642 673 1719 Evangelii
693 1641 905 1702 observantia

123 1755 177 1817 pro
185 1738 399 1801 ivandamento
406 1739 628 1801 indissolubili
639 1740 812 1810 collocata,
822 1753 906 1815 pau-

123 1853 157 1898 ca
170 1837 317 1914 quaedam
330 1837 398 1897 alia
411 1837 563 1908 inseruit,
575 1852 648 1913 quae
658 1836 698 1897 ad
709 1836 904 1897 uniformem

121 1934 242 1996 vivendi
250 1934 386 1996 modum
398 1935 588 1996 necessaria
598 1933 806 1996 videbantur.
816 1933 906 1994 Desi·

124 2031 232 2093 derans
244 2033 358 2094 autem
374 2048 433 2108 per
452 2035 621 2094 Summum
637 2027 830 2094 Pontificem
845 2047 906 2106 ap-

125 2129 252 2205 probari,
272 2145 348 2206 quae
363 2129 555 2205 scripserat,
575 2129 739 2205 disposuit
756 2145 830 2196 cum
846 2127 906 2188 illo

126 2225 906 2304 simpliciumcoetuapostolicaesedisadireprae·

126 2324 314 2396 sentiam,de
329 2324 402 2384 sola
417 2324 562 2388 confisus
575 2323 758 2386 directione
779 2323 902 2383 divina.

126 2419 904 2497 cujusdesideriumbeusexaltorespiciensso·

126 2518 238 2579 ciorum
252 2519 384 2580 animos
398 2517 621 2596 simplicitatis
636 2533 705 2579 suae
720 2517 906 2578 considera·

125 2615 203 2676 tione
220 2617 430 2693 perterritos,
448 2616 582 2677 ostensa
602 2615 675 2677 viro
694 2616 755 2676 Dei
774 2614 905 2676 visione

125 2712 300 2790 hujusmodi
315 2712 525 2775 confortavit.
541 2712 724 2776 Videbatur
739 2711 903 2790 siquidem

124 2810 247 2887 siquod
255 2827 319 2890 per
327 2811 505 2888 quamdam
517 2811 604 2872 viam
615 2809 797 2881 incederet,
807 2810 904 2886 Juxta

124 2922 205 2983 mam
220 2908 332 2970 stabat
347 2907 448 2970 arbor
463 2907 673 2970 celsitudinis
688 2922 817 2983 magnae
834 2923 842 2966 :
862 2905 903 2967 ad

123 3020 206 3080 quum
220 3022 297 3067 cum
307 3005 623 3082 appropinquasset,
638 3007 670 3067 et
683 3004 744 3065 sub
756 3019 796 3065 ea
812 3004 903 3066 stans

123 3103 319 3166 altudinem
335 3104 441 3179 ipsius
452 3103 641 3174 miraretur,
655 3102 763 3165 subito
776 3103 903 3164 tautum

123 3198 220 3262 divina
232 3201 360 3262 virtute
370 3200 545 3263 levabatur
558 3201 595 3265 in
615 3200 731 3271 altum,
749 3201 785 3261 ut
799 3215 903 3263 cacu-

122 3313 184 3359 men
211 3299 421 3374 contingeret
443 3297 585 3371 arboris,
608 3301 746 3375 ejusque
775 3311 904 3357 summa

121 3394 266 3457 facillime
283 3398 441 3457 curvaret
464 3395 505 3457 ad
528 3396 606 3459 ima.
633 3398 740 3471 Hujus
762 3394 903 3456 visionis

119 3495 447 3570 presagiumvirbeo
458 3493 575 3571 plenus
584 3492 775 3569 intelligens
784 3491 903 3553 referri

120 3590 154 3651 ad
174 3592 492 3655 condescensionem
506 3591 706 3667 Apostolicae
717 3589 900 3666 dignitatis,

45 3728 46 3737 .
119 3688 318 3751 exhilaratus
331 3690 382 3751 est
397 3688 527 3766 spiritu,
540 3687 764 3764 fratribusque
784 3687 855 3747 suis
868 3686 902 3747 in

118 3786 245 3847 Domino
260 3785 469 3857 confortatis,
480 3787 545 3848 iter
558 3785 694 3849 cumeis
708 3786 759 3847 est
772 3798 904 3861 aggres-

117 3885 272 3945 cuneum
288 3884 401 3945 autem
422 3883 465 3944 ad
480 3886 663 3945 Romanam
679 3883 806 3945 curiam
821 3898 902 3957 per·

116 3981 263 4053 venisset,
287 3983 322 4043 et
344 3981 565 4043 adduceretur
586 3983 664 4043 aute
688 3981 903 4057 conspectum

119 4080 227 4140 summi
242 4078 418 4140 Pontificis
435 4076 604 4157 (essetque
618 4078 741 4139 Christi
757 4077 902 4139 vicarius

119 4173 282 4251 inpalatio
304 4175 535 4246 Lateranensi,
549 4176 584 4235 in
604 4174 688 4246 loco,
703 4174 761 4251 qui
781 4174 903 4235 dicitur

120 4272 296 4348 Speculum,
309 4272 538 4344 deambulans,
551 4272 629 4334 altis
641 4273 821 4349 occupatus
837 4286 903 4333 me·

119 4368 904 4447 ditationibusChristifamulum‚tanquamigno·

121 4466 189 4539 tum,
202 4470 325 4546 repulit
337 4468 563 4544 indignanter.
581 4469 650 4539 Quo
666 4466 865 4528 humiliterf
886 4496 903 4511 ·

121 4577 167 4624 ras
176 4582 320 4641 egresso,
329 4565 482 4642 sequenti
492 4568 588 4626 nocte
601 4563 791 4642 hujusmodi
803 4580 902 4626 reve-

121 4658 189 4723 latio
202 4663 289 4727 facta
306 4665 357 4725 est
381 4678 401 4723 a
421 4665 490 4723 Deo
504 4662 567 4738 ipsi
582 4677 710 4723 summo
733 4662 899 4723 Pontifici.

960 669 1038 758 ante
1048 669 1259 744 conspectum
1273 670 1392 729 summi
1408 669 1756 747 Pontinusexposuit

960 781 1056 826 suum
1080 766 1296 842 propositum,
1318 769 1432 842 petens
1456 767 1627 829 humiliter
1646 770 1680 830 et
1700 768 1755 829 iu-

960 864 1087 923 stanter
1110 862 1333 938 supradictam
1357 863 1421 923 sibi
1450 864 1583 925 vivendi
1603 865 1753 939 regulam

959 959 1150 1036 approbari.

999 1056 1755 1129 Videnschristivicarius,domiuuslnnocen-
1802 1041 1805 1050 ⁴

942 1154 1755 1240 ,tius111,virutiquesapientiaclarusadmiran-

959 1252 1035 1313 dam
1050 1251 1171 1313 inviro
1187 1251 1246 1312 Dei
1262 1253 1423 1329 simplicis
1442 1253 1546 1313 animi
1564 1254 1751 1330 puritatem,

960 1349 1752 1428 propositiconstantiam,ingenitumquesanctm

959 1447 1139 1509 voluntatis
1152 1445 1459 1518 fervorem,Christi
1469 1463 1650 1525 pauperem
1665 1464 1754 1509 men·

959 1544 1752 1620 tisamorecomplectens,inclinatusestanimo,
1812 1585 1815 1592 ,

961 1642 1109 1718 utpium
1141 1643 1342 1718 supplicanti
1375 1642 1541 1720 praeberet
1567 1659 1751 1704 assensum.

960 1740 1095 1802 Distulit
1108 1741 1219 1801 tamen
1234 1740 1394 1816 perficere
1407 1740 1493 1817 quod
1509 1741 1632 1802 Christi
1645 1743 1755 1816 postu·

959 1837 1050 1898 labat
1073 1837 1305 1914 pauperculus,
1329 1854 1389 1914 pro
1413 1854 1452 1900 eo
1477 1837 1564 1915 quod
1586 1837 1754 1915 aliquibus

960 1933 1187 1995 cardinalibus
1200 1950 1320 1996 novum
1332 1935 1470 2012 aliquid,
1482 1938 1516 2000 et
1527 1950 1629 2011 supra
1639 1936 1755 1995 huma·

960 2047 1022 2093 nas
1036 2032 1125 2093 vires
1146 2032 1287 2093 arduum
1308 2032 1489 2095 videretur.
1505 2033 1629 2094 Aderat
1642 2033 1754 2093 autem

960 2130 1048 2190 inter
1081 2130 1270 2191 cardinales
1293 2131 1347 2191 vir
1369 2131 1578 2192 venerandus
1601 2129 1754 2192 dominus

959 2230 1105 2290 ioannes
1118 2227 1158 2288 de
1179 2228 1300 2292 Sancto
1318 2229 1435 2299 Paulo,
1456 2229 1631 2304 episcopus
1655 2226 1754 2288 Sabi·

960 2323 1084 2394 nensis,
1097 2324 1204 2384 omnis
1218 2325 1403 2386 sanctitatis
1418 2329 1557 2396 amator,
1574 2325 1607 2386 et
1620 2325 1754 2399 adjutor

960 2436 1143 2497 pauperum
1156 2422 1290 2482 Christi.
1299 2422 1360 2493 Qui
1372 2421 1483 2483 divino
1495 2422 1615 2498 spiritu
1624 2421 1753 2483 inflam-

960 2521 1080 2589 metue,
1098 2521 1233 2580 Summo
1249 2519 1403 2580 Pontifici
1425 2519 1519 2591 dixit,
1537 2520 1570 2580 et
1592 2518 1751 2580 fratribus

960 2616 1030 2676 suis
1040 2637 1048 2676 z
1059 2615 1094 2676 Si
1108 2616 1300 2692 petitionem
1316 2617 1472 2693 pauperis
1483 2615 1582 2692 hujus
1590 2616 1751 2694 tanquam

960 2712 1754 2790 nimisarduamnovamquerefellimus,cumpe·

959 2811 1007 2872 tat
1017 2809 1208 2872 confirmari
1218 2810 1280 2870 sibi
1289 2810 1428 2871 formam
1441 2810 1749 2887 Evangelicaevitae,

959 2907 1143 2968 cavendum
1154 2911 1204 2969 est
1218 2906 1325 2980 nobis,
1343 2924 1385 2969 ne
1400 2908 1436 2969 in
1456 2908 1578 2969 Christi
1599 2910 1752 2983 Evange-

958 3004 1041 3066 lium
1055 3004 1274 3066 offendamus.
1285 3006 1370 3066 Nam
1379 3007 1407 3065 si
1418 3006 1493 3082 quis
1504 3006 1753 3081 intraEvange-

959 3101 1033 3164 licea
1057 3102 1273 3181 perfectionis
1297 3102 1555 3188 observantiam,
1577 3106 1610 3165 et
1638 3083 1751 3166 vo'tum

958 3201 1076 3278 ipsius,
1100 3200 1190 3262 dicat
1213 3201 1377 3262 contineri
1397 3201 1524 3278 aliquid
1547 3216 1669 3262 novum
1695 3203 1754 3262 aut

958 3298 1201 3370 irrationabile,
1219 3301 1277 3361 aut
1291 3296 1498 3375 impossibile
1514 3298 1556 3359 ad
1570 3297 1754 3360 observan-

959 3396 1048 3467 dum,
1063 3395 1179 3456 contra
1199 3395 1366 3457 Christum
1386 3395 1558 3471 Evangelii
1582 3396 1752 3457 auctorem

957 3491 1753 3569 blasphemareconvincitur.Quibuspropositis,

958 3605 1132 3651 successor
1143 3590 1285 3666 apostoli
1301 3590 1392 3651 Petri
1416 3605 1597 3651 conversus
1612 3589 1654 3650 ad
1667 3604 1753 3666 pau-

958 3704 1071 3765 perem
1087 3686 1221 3759 Christi,
1236 3686 1321 3748 dixit
1332 3709 1340 3746 ε
1353 3689 1431 3756 Ora,
1447 3686 1506 3759 tili,
1519 3688 1560 3747 ad
1571 3686 1750 3759 Christum,

958 3786 996 3846 ut
1008 3798 1102 3845 suam
1119 3783 1213 3847 nobis
1229 3800 1289 3861 per
1300 3787 1332 3847 te
1352 3785 1555 3855 voluntatem
1581 3784 1750 3860 ostendat;

958 3898 1023 3959 qua
1054 3883 1178 3944 certius
1207 3882 1352 3958 cognita,
1376 3883 1443 3945 tuis
1474 3882 1538 3958 piis
1575 3881 1753 3944 desideriis

958 3980 1110 4041 securius
1139 3994 1342 4041 annuamus.
1372 3981 1614 4057 omnipotentis
1642 3982 1752 4041 autem

958 4078 1017 4139 Dei
1038 4078 1192 4149 famulus,
1209 4079 1363 4140 totumse
1384 4077 1560 4139 conferens
1582 4076 1623 4138 ad
1645 4091 1751 4137 oran-

958 4176 1046 4247 dum,
1064 4174 1219 4253 precibus
1237 4175 1365 4237 devotis
1380 4174 1533 4246 obtinuit,
1546 4176 1579 4236 et
1593 4173 1679 4251 quod
1690 4187 1753 4234 ex·

957 4275 1062 4335 terius
1077 4275 1148 4349 ipse
1163 4272 1338 4350 proferret,
1356 4273 1389 4333 et
1401 4273 1487 4348 quod
1501 4271 1645 4332 interius
1657 4273 1751 4348 Papa

957 4373 1108 4433 sentiret.

996 4470 1081 4529 Nam
1097 4485 1171 4529 cum
1187 4467 1378 4544 parabolam
1403 4466 1443 4527 de
1462 4467 1565 4529 divite
1580 4483 1752 4544 regecum

956 4567 1096 4627 muliere
1120 4566 1264 4627 formosa
1294 4570 1327 4628 et
1354 4580 1501 4643 paupere
1536 4567 1752 4628 contrahente

956 4664 1138 4739 gratanter,
1156 4662 1239 4725 etde
1261 4664 1354 4740 prole
1376 4667 1541 4742 suscepta,
1554 4664 1753 4741 praeferente

97 4759 244 4859 'Videbat
264 4776 410 4838 namque
433 4760 522 4822 inter
543 4759 644 4836 pedes
666 4774 745 4821 suos
757 4760 900 4836 palmam
955 4762 1148 4836 generantis
1161 4762 1262 4837 Regis
1272 4761 1514 4837 imaginemus
1528 4779 1587 4840 per
1599 4762 1662 4822 hoc
1674 4761 1753 4822 edu·

120 4858 266 4931 musam
289 4873 515 4929 succrescere,
544 4859 577 4919 et
599 4858 637 4917 in
657 4857 810 4920 arborem
826 4858 903 4934 pul·
955 4858 1061 4919 cauda
1077 4858 1117 4919 de
1130 4875 1244 4920 mensa
1270 4860 1388 4936 ipsius,
1416 4860 1503 4921 sicut
1525 4876 1544 4920 a
1567 4862 1634 4920 lieo
1650 4873 1751 4919 acce·

120 4952 306 5017 cherrimam
338 4955 476 5017 elevari.
499 4957 540 5017 nt
567 4971 607 5017 eo
635 4954 793 5025 mirante,
822 4954 899 5031 quid
956 4958 1061 5033 perat,
1087 4957 1267 5028 retulisset,
1290 4973 1334 5017 ex
1360 4958 1451 5018 illius
1476 4954 1750 5031 interpretatione

120 5048 274 5114 becvisio
296 5053 398 5115 vellet
418 5052 605 5125 ostendere,
628 5051 742 5113 divina
763 5052 822 5112 lux
842 5053 901 5112 im·
956 5054 1129 5130 subiunxit
1156 5070 1163 5113 :
1187 5055 1264 5115 Non
1299 5057 1351 5116 est
1377 5052 1632 5123 formidandum,
1664 5051 1751 5127 quod

120 5151 228 5221 pressit
248 5151 351 5213 menti
375 5151 483 5227 ipsius
506 5150 629 5211 Christi
650 5149 782 5221 vicarii,
813 5149 899 5227 quod
955 5151 1042 5213 fame
1061 5152 1198 5228 pereant
1212 5152 1328 5213 aeterni
1345 5153 1445 5227 Regis
1460 5148 1519 5210 filii
1536 5151 1568 5211 et
1586 5150 1748 5222 haeredes,

121 5242 181 5308 hec
194 5249 301 5323 palma
322 5247 419 5309 illum
431 5263 621 5324 pauperem,
637 5262 734 5323 quem
753 5247 789 5309 in
809 5248 898 5324 prae·
956 5251 1013 5326 qui
1026 5249 1065 5310 ad
1078 5250 1257 5325 imaginem
1273 5249 1374 5324 Regis
1387 5247 1509 5308 Christi
1524 5260 1584 5322 per
1606 5247 1750 5323 Spiritus

122 5343 234 5406 cedenti
249 5346 302 5407 die
317 5346 499 5422 repulerat,
522 5345 728 5421 designabat.
750 5347 900 5409 Etmnne
957 5348 1071 5409 Sancti
1084 5348 1238 5408 virtutem
1259 5346 1300 5405 de
1321 5359 1466 5421 paupere
1482 5345 1588 5404 matre
1613 5344 1693 5416 nati,
1718 5345 1752 5408 ct

124 5443 257 5516 sequenti
280 5440 453 5505 mundavit
475 5458 535 5519 per
558 5456 637 5507 suos
664 5441 806 5503 famulos
840 5459 900 5519 per
954 5444 1018 5520 ipsi
1034 5459 1093 5520 per
1114 5444 1266 5519 spiritum
1282 5441 1487 5519 paupertatis
1512 5442 1644 5503 suntin
1666 5442 1750 5504 reli-

126 5537 222 5599 urhem
245 5540 370 5602 dictum
394 5556 573 5618 pauperem
598 5540 713 5617 quaeri.
731 5542 831 5610 Quem
847 5540 901 5600 in·
953 5542 1052 5617 gione
1068 5539 1269 5617 paupercula
1289 5539 1483 5615 generandi.
1508 5540 1543 5600 Si
1565 5541 1654 5601 onim
1678 5543 1751 5601 Rex

128 5637 239 5699 ventum
269 5640 370 5715 justa
419 5638 618 5699 Lateranum
661 5637 694 5698 in
741 5638 899 5715 hospitali
953 5640 1113 5701 coelorum
1139 5637 1361 5698 imitatoribus
1401 5638 1470 5699 suis
1500 5654 1638 5714 regnum
1672 5653 1750 5713 pro·
