3950 6200
262 390 342 450 1259
379 378 383 385 ¹
691 392 723 451 S.
747 392 922 451 ANTONII
944 392 1133 453 PADUANI
1154 394 1293 454 OPERA
1314 392 1464 453 aalma.
1822 392 1895 453 late

262 549 411 610 suaviter
443 550 638 611 viventium.
660 550 809 626 Abyssus
835 549 917 611 dicit
944 570 952 611 c
979 552 1055 612 Non
1110 548 1894 629 quamsint,verborumcompositionibus,quasi

261 650 313 708 est
335 646 454 719 inme3
478 648 512 708 et
530 661 622 708 maro
645 646 813 724 loquitur:
831 648 1057 711 Nonestme-
1110 647 1318 724 superductis
1358 650 1526 709 colombae
1568 645 1803 707 inveniuntur.
1830 650 1899 709 Nec

261 744 492 806 cnm.»Nescit
507 743 757 820 bomopretium
770 747 856 820 ejus,
871 743 957 805 idest
968 744 1056 806 oesti·
1109 745 1305 817 epicopatus·
1316 747 1349 805 et
1373 758 1514 813 calmem,
1541 747 1594 804 oct
1614 744 1760 803 vitrum.
1779 746 1894 803 aurum

259 840 439 901 mationem
452 841 563 918 pretii,
577 841 694 918 quiesi
710 841 822 912 sciret,
839 857 904 902 non
917 840 1057 917 repelle·
1109 841 1209 914 lucet,
1224 842 1345 903 vitrum
1360 840 1553 902 translucet
1565 842 1631 901 Per
1645 854 1775 901 aarum
1788 840 1895 915 igilur,

260 939 325 1011 ret3
339 936 380 999 de
400 954 465 1014 qua
485 938 676 1015 repulsione
699 938 822 999 dicitur
843 936 913 1016 (Ps.
929 940 979 1009 61,
996 937 1053 1017 5):
1110 939 1143 999 et
1162 941 1294 1000 citrum
1321 938 1435 999 sancti
1455 938 1491 997 in
1512 937 1622 1013 patria
1646 936 1892 1013 intelliguntur,

259 1037 526 1098 «Verumtamen
544 1036 686 1112 pretinm
697 1051 804 1097 meum
825 1036 1055 1111 cogitaverunt
1109 1036 1188 1113 quia
1214 1051 1280 1097 non
1304 1034 1468 1096 salumin
1496 1050 1533 1095 se
1551 1032 1726 1110 fulgebunt
1748 1050 1808 1110 per
1832 1035 1897 1094 cla-

257 1132 1053 1210 repellere.»Sequitur:nNoninveniturinterra
1109 1133 1326 1206 ritatem,sed
1353 1133 1455 1193 etiam
1479 1131 1623 1192 mentem
1633 1146 1729 1192 suam
1756 1130 1798 1191 ab
1817 1131 1897 1192 alio-

260 1231 409 1291 suaviter
436 1231 630 1292 viventium.
654 1247 674 1289 a
693 1230 781 1291 Idem
796 1230 840 1307 (ὁ,
856 1229 889 1310 2)
919 1246 963 1289 :c
982 1230 1056 1292 Uti·
1109 1244 1182 1290 rum
1193 1230 1300 1291 oculis
1312 1230 1510 1290 intuentium
1520 1228 1664 1289 invicem
1675 1242 1743 1289 non
1757 1227 1895 1289 abscon

260 1341 337 1388 nam
365 1328 634 1404 appenderentur
657 1330 791 1405 peccata
817 1342 908 1401 mea,
935 1326 1055 1405 quibus
1109 1327 1188 1389 dent
1212 1349 1220 1388 ε
1245 1343 1308 1388 nec
1335 1328 1446 1389 tamen
1473 1326 1606 1388 Christo
1626 1325 1892 1402 adaequabuntur.

259 1424 346 1484 iram
370 1425 479 1486 merui
496 1446 503 1484 :
518 1427 552 1486 et
564 1425 750 1496 calamitas,
764 1440 863 1502 quam
884 1425 1004 1502 patior,
1018 1425 1053 1485 in
1110 1426 1267 1503 Sequitur
1286 1424 1383 1504 (ibid.
1399 1426 1450 1496 28,
1465 1422 1520 1501 22)
1535 1445 1544 1484 z
1557 1439 1576 1483 a
1590 1423 1753 1495 Perditio,
1771 1426 1805 1485 et
1815 1438 1896 1483 mors

259 1521 636 1584 stateraastateraista
645 1523 794 1584 Christus
808 1523 841 1584 et
853 1520 913 1601 (1),
927 1522 1055 1583 babens
1109 1522 1266 1585 dixerunt
1288 1545 1296 1582 z
1319 1521 1464 1584 auribus
1487 1521 1611 1582 nostris
1636 1521 1827 1582 audivimas
1850 1520 1898 1581 ia-

259 1616 388 1679 lanoem
403 1619 656 1693 misericordiae,
671 1622 705 1682 et
712 1620 871 1698 Justitiae;
884 1622 918 1681 et
930 1635 1053 1696 pecca·
1110 1637 1196 1681 mam
1211 1624 1296 1698 ejus,
1308 1621 1387 1697 qnia
1400 1635 1461 1697 per
1474 1635 1563 1689 eum,
1573 1619 1629 1695 qui
1642 1618 1693 1680 est
1705 1618 1811 1689 salus,
1827 1633 1898 1693 per-

259 1719 330 1777 tum
346 1730 405 1793 per
417 1718 682 1779 misericordiam
696 1718 884 1791 remissum,
898 1717 951 1779 vel
965 1716 1055 1777 rela-
1109 1718 1191 1780 ditio
1206 1718 1375 1780 destructa
1392 1719 1460 1792 est;
1481 1730 1540 1794 per
1551 1731 1639 1787 cum,
1654 1716 1725 1777 vita
1740 1718 1899 1786 astruere

258 1829 357 1885 xans,
374 1815 446 1876 lere
470 1828 555 1886 esse,
585 1816 619 1875 et
639 1813 863 1876 calamitatem
882 1813 1054 1876 moriendo
1109 1817 1181 1892 ipsa
1197 1815 1395 1878 mortificata
1409 1816 1471 1875 est.

258 1912 372 1987 gravis
398 1928 475 1974 esse
497 1912 656 1989 ponderis
674 1912 831 1974 ostendit.
844 1913 931 1974 Dicit
945 1926 1053 1987 ergo:
1149 1914 1307 1990 Sequitur
1333 1933 1341 1972 ε
1367 1912 1545 1974 Excitavit
1563 1924 1672 1971 corma
1690 1912 1811 1984 popsali
1835 1912 1897 1970 sut.

264 2010 401 2070 Utinam
412 2012 694 2085 appenderentur
709 2012 851 2083 peccate
866 2011 937 2083 etc,·
957 2009 1053 2086 quasi
1109 2014 1179 2072 Hoc
1192 2010 1349 2087 estquod
1362 2009 1443 2071 alibi
1453 2009 1576 2070 dicitnr
1587 2029 1595 2068 ε
1608 2010 1654 2069 Et
1668 2008 1786 2068 eremit
1796 2020 1897 2068 coma

260 2106 350 2168 dicat
375 2129 383 2168 ι
413 2108 538 2168 Malum
565 2109 690 2168 nostrae
723 2107 947 2171 damnationis
981 2106 1054 2168 leve
1108 2110 1231 2170 salatia
1251 2111 1359 2182 neela,
1383 2111 1420 2168 in
1449 2110 1548 2167 dorne
1580 2108 1692 2166 Deoia
1712 2107 1818 2179 patera·
1846 2106 1899 2164 sut

259 2221 334 2266 esse
348 2205 507 2280 creditur,
520 2205 576 2266 sed
593 2206 719 2267 utinam
734 2205 858 2275 veniat,
875 2206 931 2283 qui
947 2205 1055 2266 osten·
1110 2204 1222 2285 (Lucae
1241 2208 1269 2277 1,
1291 2203 1357 2281 69).
1384 2207 1453 2265 Per
1465 2218 1586 2273 norme,
1611 2200 1700 2278 qnod
1726 2202 1780 2261 est
1803 2215 1899 2277 snpra

260 2302 341 2364 dens
383 2305 538 2380 patriam,
570 2318 772 2378 praeeesse
799 2302 952 2364 ostendat
978 2302 1056 2362 eni·
1109 2318 1255 2374 carnem,
1279 2303 1313 2364 et
1336 2302 1423 2362 inira
1445 2316 1493 2373 os,
1523 2299 1657 2361 mollius
1676 2299 1839 2371 estesse,
1869 2299 1899 2359 et

260 2399 353 2471 lium,
369 2402 421 2461 vel
438 2400 565 2462 doceat.
584 2400 677 2462 Unde
690 2399 945 2478 sequiturdbid.
960 2400 992 2470 6,
1000 2397 1051 2477 3)=
1110 2400 1225 2462 durius
1238 2403 1288 2462 est
1301 2415 1414 2471 carne,
1431 2399 1623 2459 humanitas
1638 2396 1763 2457 Christi
1778 2394 1902 2457 intelli-

259 2498 363 2562 Quasi·
387 2512 499 2558 aretae
519 2502 631 2559 naaria
651 2502 722 2559 ttoec
735 2501 879 2573 praetor
901 2510 1054 2570 appere-
1110 2501 1209 2575 gitur,
1224 2513 1297 2575 quae
1310 2512 1411 2574 supra
1426 2510 1556 2557 omnem
1569 2496 1757 2555 creaturam
1772 2493 1897 2562 estin-

260 2595 326 2655 rct.
347 2598 478 2666 Arenae,
502 2610 587 2671 quae,
604 2596 687 2655 aestu
703 2594 1056 2655 marieundarumex-
1110 2597 1160 2658 fra
1173 2597 1363 2658 Creatorem
1377 2597 1488 2656 tamen
1504 2592 1665 2653 subsistit.
1680 2590 1741 2651 Vel
1757 2606 1819 2666 per
1829 2606 1901 2651 cor-

259 2691 364 2752 tesius
381 2692 526 2768 pellitur,
544 2692 718 2753 calamitas
734 2694 959 2766 comparatur,
976 2690 1055 2766 quia
1110 2711 1166 2767 nn,
1191 2694 1276 2771 quod
1299 2692 1488 2753 inanimali
1510 2692 1571 2761 est,
1590 2688 1650 2750 sed
1671 2704 1746 2750 eum
1765 2686 1897 2747 animali

259 2786 358 2847 homo
375 2802 515 2863 peccans
531 2788 685 2850 fiuctibus
699 2789 919 2850 tentationum
934 2788 1053 2857 motus,
1110 2809 1175 2854 non
1196 2791 1356 2859 nascitur,
1367 2790 1507 2850 virtutes
1519 2785 1765 2861 intelliguntur,
1780 2801 1853 2861 quae
1866 2784 1898 2844 in

259 2883 302 2944 ab
313 2884 440 2946 intimis
455 2886 604 2945 exterius
619 2885 699 2947 exit.
717 2886 859 2946 Gravior
877 2887 987 2946 autem
1003 2884 1055 2944 di·
1110 2890 1244 2950 homine
1262 2891 1350 2959 sunl,
1367 2887 1549 2948 uectamen
1566 2898 1641 2944 cum
1652 2899 1693 2944 eo
1709 2884 1898 2951 nascuntur,

261 2980 359 3048 citur,
384 2980 462 3058 quia
492 2981 576 3042 dura
604 2980 708 3042 luisse
732 2996 828 3058 poena
856 2980 1053 3050 ostenditur,
1110 2986 1166 3047 sed
1189 3001 1264 3046 eum
1280 2985 1433 3045 muniunt
1452 2984 1611 3058 tanquam
1626 2995 1752 3041 cornua
1765 2977 1899 3038 animal.

260 3075 339 3139 dum
364 3093 424 3155 per
450 3078 715 3143 misericordiam
746 3079 844 3156 culpa
876 3078 1051 3153 levigatur.
1110 3083 1168 3146 vel
1195 3083 1294 3145 aliter
1320 3105 1328 3142 :
1355 3080 1535 3144 Eoenltavtt
1560 3093 1671 3140 missu
1695 3079 1810 3152 populi
1834 3078 1895 3138 aut.

260 3179 410 3250 abactae
424 3177 530 3238 dicit:
543 3178 731 3239 Noneatin
743 3192 809 3240 me.
821 3179 887 3238 Per
899 3175 1055 3253 abyssum
1110 3184 1231 3252 Cornu,
1247 3185 1280 3242 et
1294 3197 1331 3242 os
1346 3182 1424 3241 sunt
1444 3175 1652 3239 inanimali:
1668 3174 1727 3235 sed
1740 3190 1844 3235 cornu
1854 3175 1899 3234 est

187 3338 189 3341 ,
261 3272 363 3334 corda
377 3275 563 3335 camellum
579 3275 683 3349 fluxa,
702 3275 735 3337 et
749 3274 923 3337 tenebrosa
935 3272 1056 3334 intelli·
1111 3279 1269 3341 fortitudo
1295 3280 1392 3339 extra
1416 3290 1568 3348 carnem3
1590 3286 1728 3332 osvero
1748 3270 1900 3333 fortitudo

140 3445 147 3456 ,
262 3372 398 3447 guntur.
415 3372 480 3433 Ista
504 3372 670 3444 nesciunt,
695 3371 753 3433 ubi
769 3387 849 3434 vera
864 3371 1057 3446 sitsapien·
1110 3376 1145 3436 in
1171 3391 1284 3436 carne.
1314 3379 1431 3436 Cornu
1455 3387 1548 3448 ergo,
1564 3368 1653 3429 idest
1676 3366 1900 3429 fortitudinem

261 3469 309 3529 tia
327 3484 334 3529 :
351 3468 408 3529 sed
431 3468 487 3529 ubi
516 3484 596 3529 vera
614 3483 681 3530 non
708 3469 763 3538 sit,
784 3471 927 3543 abyssus
944 3468 1054 3528 dicti:
1110 3475 1205 3534 extra
1228 3486 1375 3543 caruem,
1396 3472 1484 3533 idest
1504 3466 1758 3538 carnalitatem,
1782 3465 1903 3527 exaltat

262 3569 342 3628 Non
355 3568 406 3628 eal
421 3569 458 3626 in
469 3577 536 3627 me.
550 3568 908 3640 Marcloonttnr:Non
921 3566 973 3626 eat
987 3578 1056 3626 me-
1110 3571 1282 3642 Dominus,
1300 3586 1366 3630 non
1386 3569 1611 3631 tortitudinem
1633 3570 1668 3629 in
1683 3581 1787 3629 carne
1804 3565 1902 3625 :llaec

263 3678 352 3735 cum,
370 3664 448 3739 quia
466 3663 666 3739 perturbate
690 3666 817 3724 mentes
832 3662 1054 3731 secularium,
1111 3668 1257 3731 estonam
1270 3667 1757 3743 sortitunoasini,qunnparte
1770 3662 1839 3732 nra,
1852 3660 1903 3719 vi-

263 3776 337 3836 quae
365 3776 425 3837 per
446 3775 546 3822 mere
574 3760 820 3838 exprimuntur,
847 3761 993 3821 clamant
1016 3773 1055 3818 eo
1110 3767 1231 3827 delicet
1251 3767 1287 3825 in
1313 3765 1473 3835 humeris,
1490 3764 1547 3825 ubi
1570 3765 1682 3840 portat
1703 3776 1847 3828 crucem,
1858 3755 1902 3817 ibi

264 3856 501 3933 1111011816Γὸι
534 3858 699 3934 sapientia
733 3858 832 3933 ¹011ss0
864 3856 941 3929 Sint,
969 3855 1055 3932 quod
1111 3863 1230 3925 debilis
1251 3861 1450 3936 est:iortis,
1467 3857 1900 3926 ubicruxtinitur,scilioet

263 3953 383 4029 quietae
394 3970 460 4014 non
471 3957 558 4015 sunt.
1110 3962 1145 4020 in
1161 3960 1413 4037 posterioribus.
1430 3961 1485 4020 Sic
1499 3959 1634 4036 quidam
1648 3958 1683 4017 in
1694 3969 1798 4017 eruce
1806 3953 1902 4031 poeui-

303 4050 379 4111 1000
392 4053 558 4125 00²2s88820
573 4055 648 4124 ejus
662 4065 769 4126 8th
782 4057 914 4121 coelum,
930 4051 964 4111 6!
980 4051 1055 4111 let*-
1111 4058 1223 4119 tentiae
1247 4059 1325 4118 sunt
1349 4057 1494 4129 debiles3
1516 4058 1552 4116 in
1578 4053 1808 4130 voluptatibus
1825 4063 1901 4111 vero

262 4164 353 4209 rem.
384 4150 424 4209 Et
448 4164 538 4220 vere,
567 4149 644 4226 qnia
668 4151 705 4211 ut
729 4149 811 4211 dicit
837 4147 898 4211 an
928 4147 991 4226 (28,
1019 4148 1057 4207 15
1112 4154 1223 4216 fortes.
1249 4155 1340 4215 Talis
1365 4153 1523 4215 fortitudo
1544 4167 1611 4213 non
1633 4151 1817 4220 exaltatur,
1838 4149 1901 4207 imo

264 4245 304 4305 ad
320 4243 373 4323 17)
391 4248 521 4308 :eNon
547 4246 680 4308 dabitur
696 4261 813 4310 aurum
829 4244 976 4306 obrizum
997 4260 1056 4321 pro
1111 4253 1265 4328 deJioitur
1278 4251 1457 4313 aDomino.
1468 4254 1583 4313 Coram
1593 4252 1706 4310 autem
1719 4243 1900 4308 dicilexal·

263 4356 314 4413 ea,
332 4359 393 4404 nec
403 4344 609 4420 appendetur
625 4346 801 4419 argentum
821 4344 856 4403 in
869 4344 1055 4403 commuta·
1110 4349 1258 4419 endum,
1275 4363 1342 4409 non
1357 4362 1502 4419 cornua,
1515 4347 1593 4423 quia
1609 4345 1697 4406 sicut
1711 4344 1797 4405 dicit
1809 4340 1898 4403 alibi:

262 4441 355 4501 tione
377 4444 460 4517 ejus.
491 4443 566 4502 Non
594 4442 783 4502 conseretur
809 4439 910 4501 lndiae
942 4439 1055 4501 tinctis
1109 4443 1898 4517 AEeasicapttcapaicorntumsanctificiimsauem

238 4525 244 4536 ¹
263 4537 441 4613 coloribus,
459 4554 520 4600 nec
539 4538 771 4616 adaequabitur
794 4538 826 4598 ei
845 4551 976 4605 eurum,
1002 4536 1054 4596 nel
1111 4543 1213 4623 (psal.
1230 4546 1280 4613 77,
1293 4540 1360 4620 69),
1383 4541 1464 4603 Illos
1477 4540 1567 4602 enim
1582 4538 1664 4600 tacit
1678 4536 1743 4599 sibi
1757 4534 1901 4604 suedie·

263 4634 397 4695 vitrum·
424 4652 443 4694 l
470 4639 596 4697 Aurum
626 4635 786 4706 obrizum,
817 4635 872 4696 Vel
896 4634 1054 4710 Optimum
1108 4645 1212 4710 mum,
1228 4639 1315 4701 idest
1328 4639 1525 4709 sanctificat,
1542 4637 1599 4713 qui
1614 4636 1695 4696 sunt
1709 4638 1899 4699 actricem,

262 4733 340 4793 sunt
353 4732 483 4808 Angeli,
504 4733 571 4809 qui.
582 4732 712 4808 fulgent
737 4733 891 4794 claritate
899 4731 1053 4808 justitie,
1110 4753 1192 4813 quos
1212 4737 1341 4797 scilicet
1357 4736 1451 4796 firma
1464 4735 1592 4811 spesin
1606 4748 1710 4793 unum
1724 4730 1808 4791 illud
1820 4726 1902 4789 diri·

263 4830 296 4890 et
318 4829 421 4890 nullis
449 4830 661 4891 maculantur
688 4828 842 4890 sordibus
860 4827 1054 4904 culpaetsed
1108 4835 1166 4909 git,
1178 4834 1230 4895 vel
1241 4833 1339 4908 erigit
1353 4833 1393 4894 de
1408 4848 1472 4910 quo
1489 4832 1634 4892 dicitur:
1655 4833 1768 4891 Uriam
1780 4827 1897 4900 petite

262 4926 373 4986 nullus
397 4941 512 4988 eorum
534 4927 631 4989 datus
650 4928 700 4988 est
723 4927 765 4987 ad
779 4926 1052 5003 redemptionem.
1109 4934 1366 5002 Dominodaarw
1387 4932 1581 5003 requiram,
1597 4928 1637 4988 at
1655 4926 1842 4987 immanem
1863 4923 1899 4979 ie

261 5028 333 5085 Nec
360 5027 555 5100 arpentum,
589 5024 675 5085 idest
702 5023 823 5101 aliquis
850 5038 992 5084 sonorus
1018 5022 1054 5082 in
1108 5031 1207 5088 domo
1228 5030 1367 5087 Domini
1390 5029 1547 5088 omatibus
1573 5026 1695 5085 diebus
1711 5024 1792 5082 oitoe
1802 5031 1896 5079 mee.

261 5120 509 5197 praedicatione,
524 5136 584 5198 pro
598 5120 721 5183 Christi
739 5120 998 5182 commutatione
1018 5120 1054 5178 in
1109 5124 1213 5203 (psal.
1228 5125 1278 5197 ae,
1295 5122 1341 5202 4).

262 5234 361 5278 cruce
382 5233 547 5294 appensus
573 5222 624 5279 est
647 5218 752 5295 :quia
775 5217 915 5295 quilibet
937 5231 1053 5277 eorum

260 5315 371 5402 minus
385 5315 555 5375 sufficiens
566 5315 617 5376 est
629 5314 784 5376 inventus
800 5314 841 5374 ad
856 5313 1053 5390 redemptio·

261 5427 347 5472 nem.
372 5413 442 5473 Neo
463 5409 652 5473 conteretur
671 5399 779 5473 intell
795 5411 1053 5474 commutatione

261 5508 359 5592 hujus
372 5508 485 5572 mundi
500 5507 717 5585 sapientibus,
728 5507 784 5586 qui
804 5508 895 5570 aliud
913 5524 950 5569 se
963 5524 1050 5581 esse,

299 5707 339 5775 (1)
352 5709 398 5765 Ec
415 5711 442 5766 S.
461 5710 575 5780 (ἕτερον.
597 5711 644 5767 lit.
669 5711 723 5766 Vll
738 5711 837 5770 lioral.
858 5712 889 5768 ia
905 5712 979 5770 tuno
1007 5713 1097 5771 tecam
1110 5713 1173 5771 iob.
