3950 6200
257 308 315 381 123

871 304 1048 369 aenean
1069 305 1116 369 111
1136 305 1284 369 OPERA.

1846 312 1910 379 124

256 476 367 540 officio
385 475 562 553 legationis
584 474 647 536 sibi
666 473 842 536 commisso
855 474 1049 536 transmisi·
1073 484 1083 529 t
1103 474 1174 536 tum
1184 474 1248 536 sibi
1259 475 1304 537 sit
1314 473 1589 552 acquiescendum
1599 477 1724 539 nostris
1735 478 1907 552 consiliis,

255 592 341 647 mus,
357 574 466 637 adhuc
481 573 525 634 ibi
543 573 584 634 de
599 571 736 649 speciali
752 569 907 633 mandato
922 573 1047 643 nostro,

256 688 353 750 quem
367 673 415 733 sic
430 670 587 747 expedire
600 668 776 741 credimus,
789 683 916 729 moram
925 668 1047 739 trahat,

255 767 467 830 universitati
489 768 610 828 vestrm
629 781 688 841 per
706 765 897 842 apostolica
926 765 1050 841 scripta

254 863 477 943 praecipiendo
493 862 700 929 mandamus.
717 864 882 939 quatenns
898 862 1050 925 eumdem

256 963 341 1023 sicut
355 960 555 1037 apostoliea
568 961 662 1022 Sedis
677 959 821 1034 legatum
836 958 1048 1035 recipientes,

214 1078 218 1087 ¹
255 1057 450 1128 honorifice,
461 1073 500 1121 ac
511 1056 851 1126 honestetractantes,
861 1055 1049 1117 salubribus

254 1154 402 1225 monitis,
417 1168 456 1215 ac
471 1153 635 1215 mandatis
649 1152 797 1229 ejusdem
810 1151 1002 1220 intendatis,
1018 1153 1051 1213 et

255 1251 418 1315 obediatis
449 1250 639 1322 humiliter,
671 1265 711 1312 ac
742 1249 878 1321 derote;
902 1248 1050 1324 alioquin

256 1348 465 1418 sententiam,
491 1364 590 1423 qnam
611 1346 856 1409 rationabiliter
876 1345 992 1408 tulerit
1013 1348 1050 1406 in

254 1444 408 1516 rebelles,
422 1444 653 1521 praecipiemus
668 1460 772 1520 usque
791 1442 831 1505 ad
849 1442 1051 1505 satisiactio·

254 1557 331 1603 nem
346 1541 544 1617 condignam
568 1540 708 1603 tirmiter
722 1540 904 1603 observari.
930 1540 1050 1602 Datum

255 1638 424 1707 Laterani,
441 1641 486 1699 VI
507 1638 582 1701 idus
592 1638 692 1715 junii,
709 1637 922 1714 pontificatus
941 1637 1051 1699 nostri

255 1750 344 1799 auno
359 1735 499 1799 decimo.

560 1974 750 2063 CLXXIV

316 2127 368 2186 Ad
380 2126 677 2199 arehiepiscopum
691 2124 990 2187 cantuariensem.

549 2255 580 2311 ll
597 2254 661 2327 jnttt
680 2254 759 2311 1226.

279 2376 399 2443 [Regest.,
416 2376 461 2431 lib.
473 2378 504 2434 X,
520 2375 594 2443 epist.
612 2376 667 2427 327.
682 2377 739 2426 iles.
754 2378 793 2429 ba
804 2377 877 2427 Porta
888 2375 922 2427 du
933 2374 1026 2441 Tacit]

257 2504 390 2571 Hortatur
409 2508 439 2559 ut
459 2500 638 2560 Fulchesium
657 2499 694 2557 de
714 2503 836 2561 smne
855 2498 930 2573 apud
951 2513 1051 2573 regem

414 2590 528 2662 Angites
542 2596 674 2647 tueantur
684 2603 718 2647 ac
732 2587 898 2647 defendant.

178 2733 182 2739 ·
295 2706 967 2781 Honoriusepiscopusservussersorum
977 2704 1049 2777 Dei,

255 2802 440 2867 venerabili
470 2801 604 2864 tratri...
629 2802 882 2879 archiepiscopo
906 2803 1053 2863 cantua-

255 2901 372 2972 riensi,
389 2901 422 2960 S.
438 2902 477 2961 R.
499 2901 535 2959 E.
549 2898 724 2971 cardinali,
740 2901 773 2961 et
789 2898 955 2960 nobilibus
969 2898 1052 2961 viris

256 3000 296 3060 R.
318 2996 465 3068 cestriae,
481 2998 521 3058 U.
538 2995 579 3057 de
594 2994 756 3058 Pembroo
777 2996 981 3058 marescalco
996 3011 1052 3058 re-

256 3095 309 3172 gis
326 3095 465 3172 Angliae,
489 3096 542 3156 W.
566 3094 771 3167 warenniae,
791 3097 828 3156 G.
850 3094 1049 3166 Gloverinae,

255 3195 309 3255 W.
336 3194 377 3255 de
402 3191 579 3258 Mentenitt
602 3192 830 3263 discessisset
854 3194 908 3252 W.
932 3190 1052 3253 Alben-

256 3290 366 3353 maliae
379 3289 563 3362 comitibus,
579 3292 619 3350 H.
641 3288 681 3350 de
697 3291 819 3365 Burgo,
836 3288 978 3366 aliisque
994 3304 1052 3350 ca-

1105 572 1137 633 et
1155 573 1330 644 mandatis,
1348 573 1426 649 quia
1441 573 1481 635 ob
1494 572 1556 634 boc
1572 574 1805 651 principaliter
1818 576 1906 636 dili-

1104 668 1212 745 gimus
1227 669 1370 731 nobilem
1384 671 1614 741 memoratum,
1631 671 1718 747 quod
1731 671 1799 747 ipsi
1815 674 1905 747 regi,

1105 767 1138 827 et
1151 766 1237 841 patri
1251 768 1323 842 ejus
1336 766 1420 827 lidus
1434 767 1470 827 in
1483 782 1610 827 summo
1623 767 1775 842 periculo
1788 770 1910 829 nosci-

1104 862 1159 923 tur
1172 863 1335 937 extitisse,
1357 861 1529 939 praeietnm
1544 862 1754 938 capellanum
1775 864 1819 925 ad
1845 881 1907 926 nos

1105 973 1246 1021 uacuum
1260 974 1320 1036 pro
1340 975 1400 1021 sua
1414 959 1585 1025 voluntate
1600 960 1740 1030 remisit,
1757 959 1813 1020 his
1829 977 1906 1037 quaa

1105 1071 1165 1131 pro
1179 1056 1450 1118 reconciliatione
1461 1055 1541 1117 dicti
1551 1055 1673 1117 nobilis
1691 1056 1756 1117 sibi
1767 1060 1908 1133 specia-

1105 1153 1182 1215 liter
1199 1169 1257 1231 pro
1270 1154 1413 1216 utilitate
1430 1169 1491 1214 sna
1507 1154 1628 1215 litteris
1641 1155 1674 1215 et
1688 1154 1783 1230 ipsis,
1802 1151 1904 1236 [qus]

1104 1252 1181 1312 tiva
1195 1267 1276 1313 rece
1302 1251 1433 1328 praelati
1461 1251 1628 1327 capellani
1655 1252 1904 1326 mandavimus,

1105 1351 1236 1427 penitus
1257 1348 1435 1410 obauditis.
1462 1347 1554 1420 Quod
1579 1349 1739 1425 qnantum
1767 1349 1906 1425 indigne

1105 1447 1250 1508 ieramus
1270 1444 1334 1506 sibi
1354 1446 1615 1507 monstraremus
1639 1461 1811 1523 expresse,
1838 1447 1905 1515 nisi

1105 1542 1905 1621 propteratiaonaesibiacregnoejnsimminme

1105 1641 1270 1709 videntur,
1290 1641 1323 1701 ei
1346 1639 1388 1700 ad
1404 1655 1551 1715 prensens
1575 1641 1768 1702 necessaria
1783 1641 1902 1717 provi-

1106 1738 1219 1800 dentia
1241 1752 1472 1814 parceremus,
1497 1738 1530 1798 et
1556 1752 1787 1813 speraremus,
1816 1738 1904 1815 quod

1107 1834 1233 1896 saniori
1248 1836 1345 1896 utens
1360 1833 1501 1895 consilio
1515 1834 1639 1895 nostris
1658 1834 1693 1894 in
1716 1834 1781 1895 lion
1799 1834 1907 1896 bene·

1105 1932 1237 2010 placitis
1260 1930 1379 1993 debeat
1396 1930 1620 2008 acquiescere,
1640 1947 1679 1992 ac
1696 1931 1905 1995 restituendo

1105 2028 1169 2091 sibi
1187 2029 1253 2105 ipsi
1267 2028 1391 2090 dictum
1405 2027 1560 2100 nobilem,
1577 2044 1642 2105 quo
1658 2028 1845 2105 improvide
1866 2045 1905 2090 se

1106 2125 1262 2202 priuauit,
1274 2124 1395 2189 iactam
1410 2123 1506 2184 nobis
1518 2123 1554 2185 in
1565 2124 1758 2201 repulsione
1767 2140 1905 2201 precum

1107 2223 1296 2284 nostrarum
1325 2221 1484 2298 injuriam
1508 2221 1653 2285 abolere
1681 2222 1776 2283 Licet
1800 2223 1907 2298 igitur

1105 2319 1193 2381 idem
1216 2336 1280 2397 res
1299 2319 1399 2381 nimis
1416 2320 1603 2381 assueverit
1626 2334 1742 2396 preces
1770 2321 1906 2381 nostras

1105 2416 1277 2494 repellere,
1297 2420 1330 2479 et
1349 2416 1399 2477 eis
1418 2432 1519 2477 aures
1543 2418 1640 2493 quasi
1657 2416 1906 2493 praeteritorum

1106 2514 1288 2586 immemor,
1316 2514 1350 2576 et
1382 2513 1569 2577 suturarum
1602 2514 1818 2590 improvidus,
1843 2513 1907 2575 ob-

1106 2611 1210 2683 viare,
1235 2626 1295 2672 nos
1309 2613 1421 2674 tamen
1444 2612 1627 2688 sperantes,
1649 2611 1735 2687 quod
1758 2612 1846 2672 sicut
1866 2612 1906 2671 in

1106 2708 1203 2769 aetate
1217 2707 1358 2784 proiicit,
1373 2708 1419 2770 ita
1432 2707 1550 2769 debeat
1563 2707 1599 2768 in
1611 2709 1737 2775 nostra,
1748 2709 1783 2768 et
1795 2710 1908 2783 Apes·

1105 2803 1214 2866 tolicae
1237 2804 1331 2866 Sedis
1357 2805 1535 2865 devotione
1559 2804 1732 2881 proficere,
1760 2818 1801 2865 ao
1823 2802 1907 2863 fldei

1105 2916 1199 2978 parm
1213 2901 1444 2973 constantiam,
1461 2916 1560 2978 qnam
1573 2917 1653 2976 erga
1669 2903 1779 2978 ipsum
1794 2902 1829 2961 et
1842 2916 1910 2977 pa-

1105 3000 1191 3060 trem
1201 3002 1273 3076 ejus
1282 2999 1358 3060 aliis
1369 2997 1460 3059 aliud
1471 2997 1667 3059 iacientibus
1679 2998 1768 3058 idem
1779 2997 1908 3059 nobilis

1106 3094 1705 3160 inconcusseservavltinmemoriam
1713 3100 1905 3170 revocaret,

1105 3194 1215 3272 ipsum
1227 3195 1335 3257 adhuc
1348 3193 1529 3256 affectuose
1537 3194 1721 3269 rogandum
1731 3192 1906 3267 duximus,

1106 3294 1139 3354 ei
1160 3291 1361 3354 monendum
1379 3305 1538 3368 expresse
1552 3289 1616 3351 sibi
1637 3306 1698 3366 per
1710 3291 1908 3366 Apostolica

255 3387 383 3449 nissimi
400 3386 437 3448 in
449 3386 580 3448 Christo
603 3385 665 3446 tilii
687 3384 791 3446 nostri
806 3385 948 3447 illustris
960 3385 1050 3461 regis
1105 3389 1229 3466 scripta
1244 3388 1452 3460 mandantes,
1469 3388 1508 3449 ut
1519 3388 1700 3464 prudenter
1713 3388 1906 3462 attendens,

255 3485 439 3561 sagiorum
461 3482 675 3555 consiliariis,
702 3482 843 3544 salutem
862 3483 1052 3561 anapesto·
1107 3486 1195 3563 qnod
1222 3487 1296 3562 post
1326 3485 1492 3556 divinum,
1520 3485 1554 3545 et
1577 3483 1777 3561 Apostolicae
1808 3487 1909 3548 Sedis

256 3583 357 3646 licam
371 3581 648 3644 benedictionem.
1106 3582 1269 3645 anniium
1286 3583 1393 3659 potest
1407 3581 1597 3642 adscribere
1616 3581 1811 3657 specialiter
1826 3583 1909 3646 tldei

297 3681 493 3743 Recolentes
517 3679 595 3751 lida,
622 3678 784 3755 utiliaque
807 3677 955 3748 servitia,
976 3691 1050 3754 quae
1106 3683 1139 3742 et
1157 3679 1358 3741 nonstartiae
1381 3677 1505 3739 nobilis
1528 3677 1724 3754 supradicti,
1749 3679 1841 3756 quod
1863 3680 1907 3742 ad

256 3777 396 3840 dilectus
424 3777 514 3837 filius
545 3775 667 3838 nobilis
698 3777 751 3835 vir
783 3775 979 3836 Fnlohesius
1010 3773 1051 3833 de
1106 3776 1233 3839 alienos
1253 3792 1320 3837 non
1334 3777 1384 3838 est
1397 3779 1470 3853 ejus
1491 3785 1590 3837 versa
1607 3775 1801 3848 baereditas,
1815 3778 1851 3839 et
1864 3779 1909 3839 ad

255 3875 399 3937 Breante
414 3874 514 3935 clarae
529 3872 698 3933 memoriae
718 3871 864 3933 iohanni
883 3869 955 3945 regi
975 3873 1049 3932 An-
1106 3874 1281 3935 extraneos
1301 3871 1417 3934 domus
1439 3886 1511 3942 sua,
1532 3872 1566 3932 et
1586 3870 1733 3943 offensae,
1760 3872 1789 3932 si
1806 3889 1909 3950 quam

255 3972 397 4048 glornm,
412 3985 452 4030 ac
464 3984 503 4030 ec
516 3967 670 4029 defuncto
683 3966 858 4028 carissimo
870 3966 906 4026 in
918 3965 1050 4028 Christo
1106 3970 1190 4031 torte
1215 3968 1422 4046 postmodum
1454 3968 1639 4045 improvide
1667 3968 1733 4029 sibi
1761 3968 1843 4032 fecit
1870 3972 1909 4032 in

256 4070 326 4132 illio
340 4070 454 4132 nostro
467 4065 621 4136 Herrico,
638 4063 762 4127 illustri
772 4063 844 4140 regi
854 4063 1050 4140 anglorum,
1104 4067 1272 4129 antomm
1281 4066 1474 4126 meritorum
1482 4064 1676 4125 memoriam
1686 4064 1908 4140 obliviscens,

255 4169 335 4230 nato
349 4169 433 4243 ejus,
448 4166 597 4240 tempore
611 4177 748 4223 summae
763 4160 972 4223 necessitatis
986 4160 1051 4221 im·
1105 4165 1136 4225 ei
1145 4179 1204 4240 pro
1214 4178 1284 4223 suae
1294 4162 1370 4223 fidei
1380 4162 1510 4233 merim,
1519 4162 1552 4223 et
1562 4176 1696 4238 precum
1708 4163 1909 4226 nostrarum

255 4247 384 4345 pendit,
410 4279 449 4324 ac
469 4276 528 4339 per
547 4261 610 4322 boc
631 4275 706 4321 eum
729 4258 928 4335 apostolicae
953 4257 1051 4318 Sedis
1105 4260 1264 4322 instantia
1286 4260 1429 4335 gratiam
1451 4274 1547 4319 suam
1565 4257 1692 4330 reddat,
1709 4259 1743 4319 et
1764 4274 1844 4321 oum
1867 4278 1909 4324 ea

256 4363 366 4440 gratia
379 4359 626 4438 prosequentes,
634 4357 675 4417 ad
690 4356 798 4433 ipsum
810 4371 923 4431 regem
935 4370 997 4432 pro
1011 4369 1050 4416 eo
1104 4358 1228 4420 terram
1243 4357 1276 4418 et
1290 4356 1401 4417 omnia
1413 4354 1500 4417 bona
1519 4370 1591 4426 sua,
1609 4354 1695 4431 quod
1709 4370 1777 4416 non
1792 4357 1910 4420 minus

256 4475 325 4521 non
339 4458 446 4520 solum
458 4457 587 4518 litteras
600 4454 743 4526 nostras,
760 4453 816 4514 sed
835 4452 935 4514 etiarn
947 4467 1051 4511 unum
1104 4454 1169 4532 ipsi
1183 4453 1267 4529 regi,
1282 4468 1380 4529 quam
1392 4451 1481 4514 dicto
1495 4451 1600 4513 nobili
1615 4452 1784 4514 eredimus
1801 4470 1912 4532 expe-

257 4556 299 4617 de
308 4553 530 4616 familiaribus
540 4551 675 4622 nostris,
687 4551 757 4614 suis
767 4549 896 4611 meritis
907 4549 1050 4625 exigen—
1105 4552 1188 4622 dire,
1206 4566 1281 4611 cum
1301 4548 1413 4609 fervor
1431 4548 1519 4620 ildei,
1541 4563 1639 4625 quam
1659 4547 1746 4608 idem
1768 4549 1908 4625 nobilis,

257 4651 357 4723 tibus,
372 4648 452 4729 [qui]
471 4648 566 4709 nobis
585 4649 635 4709 est
649 4647 736 4708 inter
750 4663 845 4709 caros
861 4645 1052 4723 specialiter
1105 4650 1141 4712 ut
1155 4662 1243 4724 saepe
1259 4646 1416 4717 dixinms,
1430 4659 1510 4720 erga
1524 4644 1633 4722 ipsum
1648 4657 1774 4719 regem,
1790 4647 1825 4709 et
1846 4665 1911 4726 pa.

257 4764 367 4820 cerus,
383 4746 538 4807 videlicet
558 4744 716 4806 dilectum
736 4744 841 4805 fllium
855 4743 1050 4818 magistrum
1104 4746 1190 4806 trem
1225 4747 1297 4821 ejus
1332 4743 1517 4820 opportuno
1556 4743 1704 4818 tempore
1741 4740 1910 4807 babuisse

258 4844 475 4908 Octauianum
500 4840 740 4902 subdiaconum
775 4840 809 4901 et
842 4839 1050 4916 capellanum
1105 4841 1321 4918 dignoscitur,
1341 4840 1442 4901 etiam
1470 4837 1505 4898 in
1531 4837 1653 4898 affectu
1682 4838 1733 4899 tot
1766 4837 1910 4917 injuriis

257 4942 419 5012 nostrum,
449 4938 649 5000 curavimus
672 4936 850 5006 destinare,
875 4937 911 4996 ut
943 4934 1051 5011 ipsius
1106 4940 1204 5015 atque
1227 4937 1355 4998 damnis
1381 4950 1599 5013 perseverare
1624 4934 1808 4997 immebllis
1832 4939 1911 5016 dig·

257 5039 348 5117 regis
363 5035 491 5113 gratita
506 5051 604 5113 quam
618 5033 721 5096 nobili
734 5032 941 5096 subtraxisse
956 5031 1051 5093 dioe-
1105 5036 1274 5096 noscatur.

256 5136 357 5199 batur
368 5135 486 5205 eidem,
496 5132 789 5194 reconciliaremus
801 5129 969 5190 hominem
982 5129 1050 5190 tam
1146 5130 1240 5193 Unde
1252 5129 1356 5200 decet
1370 5129 1404 5191 et
1413 5126 1557 5204 expedit,
1575 5128 1612 5187 ut
1624 5125 1697 5203 ipse
1708 5141 1772 5190 rex
1786 5127 1907 5196 taliter

256 5232 444 5312 probatum,
463 5232 596 5306 nmque
615 5226 823 5304 prudentem,
845 5226 879 5287 at
899 5224 1001 5286 fidum
1014 5225 1051 5286 in
1106 5225 1436 5303 sequiesoatnostris
1463 5221 1653 5283 salubribus
1680 5224 1850 5301 consiliis,
1876 5231 1910 5291 et

259 5327 354 5405 quasi
380 5338 535 5402 suprema
556 5320 756 5382 necessitate
778 5319 958 5395 repertum.
986 5318 1050 5380 Sed
1106 5323 1282 5391 mandatis,
1299 5319 1467 5398 quadran
1485 5317 1639 5379 videatur
1658 5333 1701 5380 ex
1720 5319 1786 5381 hoc
1806 5339 1908 5387 suum

258 5427 332 5502 ipse
352 5439 413 5484 rex
434 5437 501 5483 non
523 5418 710 5489 aduertens,
734 5415 820 5493 quod
843 5417 879 5476 in
902 5415 965 5477 boo
983 5431 1051 5476 non
1107 5421 1223 5482 contra
1247 5434 1307 5479 nos
1323 5417 1469 5478 animum
1483 5413 1689 5487 obfirmasse,
1704 5430 1744 5476 ac
1763 5432 1829 5493 per
1843 5421 1910 5483 hoo

259 5519 366 5594 magis
390 5517 566 5578 utilitatem
587 5514 667 5578 dicti
690 5512 814 5574 nobilis
834 5527 932 5590 quam
956 5527 1052 5594 suam
1106 5531 1168 5577 nos
1181 5530 1310 5592 meque
1331 5513 1446 5574 contra
1462 5526 1539 5572 eum
1554 5513 1704 5573 nostrum
1721 5511 1907 5579 obfirmare

258 5615 428 5697 propriam
438 5609 747 5689 qttaerebamnsmec
763 5608 935 5672 abandons
950 5624 1052 5686 quan·
1107 5611 1227 5678 merito
1239 5610 1430 5674 debeamus.
1445 5607 1595 5669 sciturus
1618 5607 1703 5684 qnod
1719 5608 1788 5671 nisi
1807 5615 1908 5676 nobis
