3950 6200
111 285 189 349 {037
496 286 605 350 PARS
633 285 777 349 PRIMA.
793 319 834 333 -
854 285 1073 348 EXPOSITIO
1101 282 1144 344 IN
1174 281 1377 343 PSALMOS.
1678 279 1755 341 1038

109 439 200 516 dum,
218 443 306 523 quod
316 445 381 506 duo
395 448 518 507 sonant
538 446 574 507 in
589 446 653 508 hac
667 461 749 508 voce
766 468 773 507 :
788 447 837 507 Ex
853 460 907 521 pa·
1203 442 1343 503 SERMO
1365 439 1518 501 CLXXX.

109 543 206 603 terno
220 542 310 603 euim
326 542 459 614 affectu,
472 546 505 605 et
518 545 708 619 clementia,
720 560 794 604 cum
808 544 905 604 dicit:
937 563 945 568 ·
998 585 1039 640 De
1052 581 1261 655 pulchritudine
1275 579 1483 652 contemtoris,
1497 578 1533 636 de
1543 581 1721 636 ommni„

110 640 203 713 Heu3
232 641 284 699 Ex
315 639 494 702 severitate
521 640 674 717 justitiae,
702 655 777 701 cum
800 640 904 701 dicit:
1285 671 1431 727 virtutum.

110 738 328 806 consolabor,
345 738 821 799 ctoindicobordclrosttlrus.
844 735 907 808 Qui
963 785 1755 861 consessio,etw'lmmmcompmwus:

108 833 223 893 autem
234 832 302 893 sint
320 832 443 904 hostes,
464 832 500 893 iu
522 834 656 894 Psalmo
671 834 740 894 alio
760 833 825 912 (80,
840 830 905 910 16),
1088 884 1100 944 ε
1282 885 1294 944 ι
1419 887 1432 943 l
1521 885 1632 944 nm

108 928 166 989 nbi
181 928 328 989 dicitur:
345 929 508 990 «inimici
523 929 655 990 Domini
679 931 809 991 mentiti
830 932 908 991 sunt
1001 887 1289 1053 {galima}
1302 899 1405 1059 (⁷1⁷²th
1407 885 1529 1058 ἰέέῗῖῗ)
1548 899 1570 944 α
1652 893 1755 945 mne·

108 1025 151 1085 ei.
167 1041 189 1084 a
212 1026 373 1104 Equidem
395 1027 473 1087 sunt
497 1027 638 1100 inimici,
655 1028 712 1103 qui
742 1027 907 1103 promissa

108 1121 140 1183 ei
165 1138 237 1184 non
256 1124 388 1197 teneut3
405 1121 439 1184 et
457 1123 492 1183 hl
514 1125 592 1185 sunt
619 1122 697 1184 salsi
725 1123 906 1184 Christiani
1004 1119 1039 1179 Si
1052 1119 1127 1197 quis
1137 1118 1310 1180 affectaret
1319 1116 1755 1196 pulchritudinemetchrl·

107 1234 177 1280 uon
193 1222 368 1281 servantes
378 1220 633 1297 promissionem
642 1220 766 1281 iactam
779 1221 814 1281 iu
824 1220 908 1297 bap·
962 1215 1050 1276 stum
1073 1217 1296 1292 conspexerit,
1318 1207 1539 1285 confitebitur,
1561 1217 1594 1275 et
1616 1213 1756 1290 pulcher

106 1316 228 1389 tismo;
245 1317 323 1393 quia
339 1332 405 1378 uon
416 1317 555 1392 Pagani,
573 1317 629 1393 qui
645 1317 728 1377 nihil
744 1317 908 1393 promise-
962 1312 1037 1372 erit.
1053 1314 1089 1372 ln
1105 1312 1270 1374 soleenim
1281 1311 1755 1389 posuittahernaculumsuum

106 1414 199 1473 runt.
228 1413 359 1474 Inimici
380 1416 457 1474 sunt
473 1413 666 1485 Christiani,
683 1429 757 1473 cum
780 1414 906 1474 tantum
963 1405 1068 1485 (Psal.
1081 1410 1128 1481 18,
1145 1408 1192 1488 6),
1208 1407 1321 1470 radios
1335 1408 1453 1484 gratiae
1468 1409 1633 1479 emittens,
1646 1410 1681 1470 ut
1694 1425 1754 1471 nos

106 1507 310 1570 beneficium
323 1509 372 1570 eis
395 1510 601 1586 praestiterit,
616 1509 702 1586 quod
716 1505 906 1570 cibaviteos
963 1503 1179 1577 illuminaret,
1210 1508 1243 1567 et
1263 1521 1306 1566 ex
1332 1505 1385 1565 his
1406 1505 1519 1566 radiOS
1534 1505 1706 1576 Virtutum,
1723 1508 1757 1568 θῑ

105 1621 149 1666 ex
161 1604 266 1683 adipe
279 1605 447 1667 frumenti.
462 1605 571 1682 Adeps
584 1606 742 1668 trumenti
757 1605 908 1668 extrahi·
962 1599 1124 1662 bonorum
1139 1618 1277 1678 operum
1293 1602 1450 1679 usquead
1467 1615 1527 1662 nos
1542 1601 1702 1676 dirigens.
1720 1603 1755 1663 Si

105 1702 222 1764 turdo
247 1702 424 1776 frumento,
440 1702 618 1777 torrendo;
641 1706 673 1765 et
697 1704 856 1764 Dominus
871 1703 906 1764 in
963 1698 1037 1775 quis
1048 1699 1209 1760 imitando
1221 1700 1442 1775 conspexerit,
1458 1698 1669 1760 confitebitur
1683 1713 1756 1775 pec·

104 1799 268 1877 passione
284 1801 394 1861 crucis
403 1800 537 1873 torruit,
554 1802 587 1862 ct
605 1802 726 1861 torreri
742 1800 859 1873 voluit,
872 1800 908 1862 ut
962 1795 1071 1855 calum
1098 1812 1207 1869 suum,
1228 1798 1262 1857 et
1283 1812 1344 1873 per
1369 1797 1614 1872 susceptionem
1636 1796 1754 1871 gratiae

105 1897 155 1957 sic
176 1896 277 1959 daret
288 1896 383 1957 nobis
398 1896 542 1973 adipem,
558 1897 644 1958 idest
658 1895 905 1974 pinguedinem,
962 1891 1102 1968 pulcher
1111 1893 1186 1954 erit.
1201 1895 1290 1954 Bene
1309 1895 1421 1954 autem
1436 1893 1614 1963 consessio,
1636 1895 1669 1954 et
1681 1893 1756 1969 pul-

105 1994 138 2056 et
150 1994 293 2055 sanaret
306 1993 428 2054 vulnus
441 1993 627 2056 adustionis
642 1995 777 2056 nostrae.
962 1988 1116 2050 chritudo
1129 1989 1391 2065 conjunguntur.
1408 1991 1585 2052 Peccatum
1600 1990 1688 2051 euim
1702 1990 1756 2049 in-

143 2089 225 2153 Vox
238 2089 371 2151 Domini
385 2091 437 2152 est
451 2089 603 2162 dicentis,
621 2090 669 2152 uti
686 2088 771 2151 dixit
785 2090 905 2152 Adam:
962 2084 1042 2157 licit,
1069 2087 1103 2148 et
1129 2087 1275 2147 venenat
1291 2086 1419 2162 :gratia
1441 2088 1552 2147 autem
1568 2087 1662 2163 quasi
1676 2086 1755 2146 the-

107 2190 168 2250 Uiri
181 2187 244 2249 esi
258 2186 389 2249 Didixit
401 2186 658 2249 Adamzarrcit'ot
668 2202 784 2248 vocem
796 2189 905 2262 taam,
961 2182 1053 2243 riaca
1069 2182 1234 2258 ingestum
1249 2183 1405 2258 expellit;
1427 2184 1505 2260 quia
1521 2182 1606 2244 sicui
1619 2198 1678 2258 per
1692 2197 1754 2243 ve-

103 2286 139 2346 et
157 2287 327 2346 abscondi
353 2299 413 2345 mc
441 2281 536 2362 (Gen.
552 2286 583 2357 3,
603 2285 623 2344 9
645 2286 678 2345 et
692 2283 758 2362 10).
776 2285 831 2345 Sic
850 2284 905 2345 la·
961 2293 1084 2339 uenum
1096 2279 1448 2358 corpusdecoloratur,
1460 2279 1755 2356 otpertheriacam

104 2381 203 2442 cium
221 2380 319 2441 multi
340 2380 440 2442 hodie
459 2397 468 2441 ε
488 2382 669 2442 audientes
689 2382 778 2443 enim
791 2397 905 2442 vocem
961 2380 1098 2441 sanitati
1126 2381 1316 2464 restituitur
1332 2398 1339 2436 :
1356 2381 1406 2442 sic
1431 2395 1491 2457 per
1512 2379 1755 2442 contessionem

104 2477 259 2550 Domini,
275 2479 404 2554 peccati
426 2479 587 2554 pericula,
601 2481 635 2540 et
646 2478 721 2540 vitae
735 2479 905 2539 miseriam
961 2477 1331 2554 redditurpulclrritudo
1343 2479 1473 2554 gratiae,
1484 2479 1695 2553 etpeccatum
1708 2479 1757 2538 in·

103 2574 330 2646 ostendentis,
343 2589 379 2635 se
391 2574 609 2649 abscondunt,
623 2577 656 2637 at
670 2575 827 2651 elongant
837 2589 905 2636 sea
960 2574 1088 2649 gestum
1104 2575 1294 2649 expellitur.
1309 2576 1370 2647 Qui
1384 2574 1473 2635 enim
1488 2574 1662 2636 Dominum
1678 2590 1754 2635 res-

104 2671 263 2744 Domino,
276 2669 309 2733 et
320 2671 519 2734 excusantes
532 2689 579 2745 se,
594 2672 722 2734 iaciunt
736 2672 799 2733 sibl
815 2674 906 2750 peri·
961 2671 1052 2746 picit,
1067 2672 1100 2733 et
1114 2671 1300 2743 confltetur,
1316 2671 1455 2749 pulcher
1465 2671 1511 2738 iit,
1524 2672 1610 2734 sicut
1621 2674 1710 2748 petet
1720 2673 1755 2733 in

102 2771 241 2831 zomata
276 2769 318 2829 de
351 2768 441 2830 loliis
478 2768 619 2838 ficuum,
656 2769 733 2829 dnm
759 2771 905 2847 praten·
961 2769 1061 2829 Petro
1100 2773 1272 2845 peccatum
1307 2785 1404 2830 suum
1433 2770 1646 2845 agnoscente.
1685 2772 1755 2831 Hoc

102 2866 192 2928 dunt
216 2866 469 2928 excusationem
496 2866 538 2928 de
563 2867 709 2944 peccatis
733 2868 814 2928 suis.
841 2867 903 2927 Sed
961 2865 1062 2927 etiam
1074 2869 1173 2943 patet,
1192 2867 1270 2943 quia
1282 2867 1428 2944 Spiritus
1445 2866 1585 2929 Sanctus
1598 2867 1694 2928 datus
1706 2869 1758 2928 est

100 2964 225 3026 lolium
242 2963 324 3025 licus
339 2964 405 3024 cito
429 2964 562 3037 arescit,
580 2964 613 3025 ct
627 2965 760 3036 transit,
778 2965 811 3027 et
824 2979 905 3026 are·
961 2965 997 3024 in
1017 2964 1141 3040 linguis
1165 2963 1291 3040 igneis;
1314 2966 1422 3041 gratia
1442 2966 1530 3027 enim
1556 2964 1687 3025 Domini
1708 2964 1755 3024 li-

101 3061 195 3125 iacto
209 3064 291 3123 tunc
302 3060 461 3138 pudorem
472 3059 607 3138 detegit,
618 3063 821 3139 etapparent
833 3063 907 3124 tur·
961 3062 1090 3138 quescit
1117 3075 1176 3124 cor
1199 3062 1241 3123 ad
1268 3061 1514 3133 contritionem,
1542 3061 1695 3123 dissolvit
1712 3061 1754 3124 ad

101 3161 171 3237 pia,
191 3160 274 3237 quia
288 3157 395 3219 omnis
406 3160 579 3220 excusatio
590 3174 705 3220 eorum
717 3146 904 3235 frivolaest,
961 3158 1218 3234 contessionem,
1249 3161 1282 3221 et
1304 3159 1472 3221 illuminat
1495 3158 1605 3220 dando
1634 3159 1755 3220 animae

101 3258 136 3319 et
149 3256 250 3317 nulla
272 3256 308 3316 in
330 3257 509 3332 conspectu
533 3252 676 3328 Domini,
703 3271 771 3317 uon
789 3257 905 3318 valens
961 3255 1256 3332 pulchritudinem.

101 3354 240 3431 peccati
262 3352 503 3430 turpitudinem
518 3352 644 3429 tegere.
661 3354 741 3414 Item
754 3368 821 3415 vox
836 3355 904 3413 Do·
1001 3354 1249 3425 Sartctlmorcia,
1274 3355 1309 3414 et
1329 3354 1612 3431 aromaticarum:
1627 3355 1755 3416 sancti-

102 3450 189 3511 mini
203 3449 311 3512 estad
338 3451 501 3511 Lazarum
516 3465 579 3527 per
589 3449 791 3511 lidemvcrtt
808 3454 906 3525 foras
961 3450 1084 3521 monia,
1096 3450 1184 3511 idest
1196 3451 1344 3522 castitas,
1355 3450 1755 3525 etmagniflcentla,idest

101 3546 466 3627 (ioan.11,43et44).
488 3550 582 3619 Veni,
595 3546 907 3624 recedendoapec·
961 3562 1087 3623 opera;
1117 3562 1191 3623 quae
1219 3547 1304 3610 bene
1342 3550 1600 3625 conjunguntur,
1624 3549 1711 3610 sicut
1735 3565 1754 3610 e

101 3649 199 3720 cat03
229 3646 339 3718 sorae,
367 3645 463 3722 quasi
479 3636 588 3705 dicei:
604 3644 743 3705 dimissa
759 3644 793 3704 in
807 3644 906 3706 corde
961 3644 1131 3705 contrario
1146 3644 1293 3716 luxuria,
1316 3647 1349 3706 ot
1375 3646 1564 3717 minoratio,
1587 3645 1673 3707 sicut
1692 3646 1756 3707 ha·

99 3742 190 3803 educ
213 3741 308 3801 foras
334 3756 394 3818 per
417 3740 681 3815 consessionem
707 3742 740 3804 et
759 3743 903 3815 prodiit,
959 3741 1058 3803 betur
1072 3742 1107 3802 in
1122 3743 1245 3803 Genesi
1261 3742 1324 3821 (49,
1340 3744 1403 3803 3et
1415 3742 1450 3820 4)
1467 3742 1646 3816 :cRubem
1663 3744 1755 3820 prior

99 3838 329 3901 manifestans
353 3841 499 3915 peccata.
520 3837 649 3899 Ultimo
671 3854 738 3899 rox
760 3838 903 3911 Domini,
961 3838 995 3900 in
1012 3839 1119 3911 donis,
1133 3842 1242 3915 major
1257 3840 1291 3900 in
1306 3840 1467 3917 imperio:
1479 3841 1605 3902 effusus
1621 3857 1656 3902 es
1669 3843 1756 3905 sicut

99 3937 170 4000 imo
187 3937 331 4009 clamor,
356 3936 419 3997 tuit
447 3937 482 3996 in
498 3952 609 4009 cruce,
630 3937 762 4013 quaudo
776 3937 904 3998 tanturn
961 3952 1064 4013 aqua;
1094 3952 1172 3998 acce
1200 3938 1335 3998 luxuria
1356 3959 1364 3997 ε
1383 3953 1449 3998 non
1479 3954 1656 4013 croacasin
1677 3955 1756 4002 ecce

99 4032 279 4105 clamavit,
295 4034 381 4109 qnod
401 4034 509 4109 magis
529 4035 675 4095 clamare
697 4049 764 4095 non
786 4035 902 4110 potuit.
960 4033 1150 4094 minoratio.
1170 4036 1311 4097 Ratione
1322 4034 1593 4111 primogeniturae
1609 4036 1673 4097 sibi
1688 4052 1756 4096 ma-

98 4130 417 4197 Priusenimnobis
430 4130 903 4208 clamaveratperProphetas,
956 4130 1078 4208 jolitas
1103 4130 1296 4204 debebatur,
1325 4134 1359 4194 et
1379 4133 1575 4209 imperium;
1595 4135 1629 4194 et
1650 4135 1755 4194 toturn

97 4233 133 4294 et
148 4227 905 4305 servossuos,postoaoreproprio;tandemut
960 4228 1115 4305 perdidit.
1133 4231 1213 4289 (inm
1229 4230 1380 4291 Christus
1403 4230 1444 4289 de
1464 4230 1598 4305 regibus
1620 4230 1755 4291 deberet

97 4329 155 4391 rel
167 4327 221 4388 sic
239 4341 300 4386 nos
311 4325 485 4398 excitaret,
495 4326 624 4387 tantum
632 4325 801 4397 clamarit,
817 4326 904 4402 quod
960 4325 1066 4398 nasci,
1082 4328 1116 4389 et
1128 4326 1245 4387 Ruben
1267 4326 1509 4402 primogenitus
1522 4326 1621 4397 esset,
1638 4327 1753 4403 digni-

98 4422 904 4499 clamansemisitspiritum.Vel:Hodtcsiooccm
958 4423 1062 4484 tatem
1076 4423 1173 4483 istam
1185 4424 1319 4499 propter
1329 4421 1499 4484 luxuriam
1512 4424 1624 4485 amisit
1639 4423 1698 4505 (1),
1713 4438 1756 4486 ue

97 4527 181 4596 alus
193 4521 391 4583 audieritis.
407 4519 529 4596 Majori
551 4518 697 4579 clamore
712 4535 778 4579 non
800 4520 906 4595 potuit
960 4520 1112 4580 Christus
1125 4518 1166 4578 de
1181 4519 1284 4595 stirpe
1300 4534 1360 4580 sua
1376 4524 1583 4582 nasceretur.

97 4622 195 4681 Deus
210 4632 344 4689 vocare,
360 4632 457 4694 quam
469 4616 600 4693 quando
620 4615 732 4676 emisit
751 4617 905 4692 spiritum
1000 4619 1046 4676 De
1057 4616 1291 4692 conjunctione
1301 4617 1365 4678 ista
1378 4618 1578 4691 sanctitatis,
1591 4621 1757 4696 otmagni·

96 4732 189 4779 roce
203 4728 327 4791 magna
337 4714 523 4786 clamando,
538 4713 575 4773 ut
593 4712 746 4787 spiritum
761 4713 905 4774 hominis
961 4713 1103 4775 licentiae
1127 4711 1269 4773 hahetur
1298 4714 1333 4773 in
1357 4715 1472 4776 ,iudith
1498 4717 1563 4795 (10,
1586 4718 1607 4776 2
1630 4717 1671 4777 ad
1697 4717 1755 4795 4):

97 4813 277 4892 sepultum
290 4812 325 4872 in
339 4810 484 4888 peccatis
497 4810 685 4871 suscitaret.
960 4827 980 4871 a
995 4811 1094 4871 Exuit
1106 4825 1142 4870 se
1154 4810 1362 4872 vestimentis
1377 4812 1551 4873 viduitatis
1566 4829 1646 4883 suae,
1664 4814 1698 4874 et
1712 4813 1757 4874 la·

962 4909 1011 4969 vit
1033 4922 1154 4984 corpus
1175 4924 1284 4982 suum,
1298 4911 1333 4969 et
1354 4910 1450 4970 unxit
1465 4924 1558 4986 myro
1574 4910 1709 4986 optim0,
1724 4911 1757 4972 et

137 5104 187 5179 (l)
208 5094 327 5174 Propter
348 5101 489 5159 mxurtam
511 5100 617 5167 emisit,
633 5106 687 5157 etc.
712 5099 740 5157 S'.
766 5098 906 5172 Hierony·
962 5098 1027 5155 culo
1051 5112 1108 5155 non
1130 5105 1251 5167 tenetur,
1275 5098 1428 5171 voluptatis
1453 5097 1561 5157 cllusus
1582 5107 1611 5156 et
1629 5100 1755 5172 impetu:

97 5191 172 5234 raus
188 5175 296 5243 Queat.
311 5172 443 5230 Hebraie.
460 5173 490 5228 iu
504 5172 651 5238 Genesim,
667 5171 753 5227 verbe
769 5170 816 5226 illa
830 5187 837 5226 :
849 5172 906 5227 liu·
962 5169 1069 5225 idcirco
1093 5169 1345 5241 precipientem
1363 5170 1434 5226 ultra
1457 5185 1513 5226 non
1529 5182 1641 5242 pecces,
1660 5172 1758 5243 sisque

96 5246 172 5316 lien,
188 5245 268 5317 prior
282 5244 310 5300 in
326 5242 418 5307 donis,
433 5250 500 5306 etc..
517 5256 674 5314 exponens,
692 5241 772 5297 ait:«
791 5242 840 5297 Est
855 5255 905 5295 eu·
963 5241 991 5295 in
1005 5237 1123 5296 fratrum
1135 5255 1265 5305 numero,
1282 5248 1566 5323 poenamexpeccato
1576 5241 1667 5308 luens,
1679 5242 1756 5312 quod

97 5324 162 5375 tem
186 5328 292 5372 scrrsus
311 5313 357 5370 nic
373 5330 380 5369 :
396 5316 438 5370 lu
457 5326 490 5368 cs
508 5312 715 5384 primogenitus
729 5324 821 5377 meus,
844 5324 906 5365 me·
964 5310 1147 5392 primogeniti
1162 5310 1289 5365 ordinem
1310 5308 1488 5381 perdidistm
1503 5313 1576 5367 Dicit
1590 5319 1695 5380 autern,
1708 5327 1755 5369 sa·

94 5388 146 5459 jor
166 5388 200 5443 iu
217 5385 323 5451 linens,
338 5391 368 5439 et
378 5383 499 5440 sedebas
514 5384 592 5453 iuxta
604 5382 734 5438 ordinem
753 5379 909 5437 nativitatis
962 5380 1131 5447 cerdonum,
1147 5386 1302 5450 etregnum
1314 5395 1321 5447 ;
1334 5376 1709 5452 namsupe'riusostenderat
1722 5394 1758 5439 eri

95 5466 171 5526 tuas,
185 5453 428 5515 ethereditatem,
439 5450 910 5525 ouoeprimogenitlsjuredebeba·
963 5449 1114 5507 traditione
1135 5449 1329 5517 liebraeorum,
1345 5464 1446 5506 omues
1463 5451 1671 5578 primoffienitos
1685 5451 1757 5520 Noc,

96 5537 160 5597 tur,
178 5524 373 5584 sacerdotium
386 5525 496 5582 scilicct
507 5530 537 5580 et
551 5534 671 5595 regnum
685 5521 815 5592 accipere
826 5519 910 5577 debe·
963 5518 1055 5576 donec
1066 5519 1227 5576 sacerdotio
1246 5518 1412 5593 iungeretur
1432 5524 1538 5590 Aaron,

96 5599 167 5657 itas.
186 5599 297 5656 Verum
311 5596 377 5667 quia
393 5595 527 5667 peccasti,
538 5602 566 5652 et
580 5594 662 5665 quasi
678 5606 762 5664 aqua,
772 5606 908 5662 quares·
964 5590 1042 5648 lices.

1588 5522 1645 5579 isse
1663 5524 1755 5595 ponti·
