3950 6200
263 275 322 338 551

263 435 400 498 bencus.
417 435 547 496 octavae
571 435 688 496 auctor
706 434 865 508 nescitur,
885 438 939 498 cui
962 437 1053 498 inci·

264 549 337 593 sum
361 532 559 593 miraculum
582 532 722 608 projecti
747 533 782 593 iu
809 533 937 610 lapides
961 533 1052 606 vitri,

734 278 788 337 Ab
817 278 955 340 OPERA
981 279 1015 338 S.
1040 274 1214 338 ANTONII
1239 278 1426 341 PADUANI
1797 290 1841 355 552

1110 436 1845 517 nisVirgineae,fundatoreGiacopinobialaiossa
1914 481 1916 498 ε

1109 533 1229 608 Bargio
1241 534 1484 597 Pedemontano
1494 537 1646 598 Minorita
1655 540 1846 616 conventuris

264 629 320 691 sed
336 644 473 705 prorsus
487 628 597 689 illaesi.
614 631 651 690 In
665 644 754 690 nona
771 632 937 710 expressit
950 633 1056 692 Anto-
1109 630 1216 691 altera
1254 632 1508 707 Cordigerorum
1536 633 1681 695 inchoata
1704 652 1777 698 auno
1791 643 1848 702 itit

263 726 339 788 nius
355 725 559 786 Lombardus
576 726 731 801 egregius
746 728 928 788 statuarius
942 726 1056 788 inian-

1109 726 1163 785 die
1177 729 1218 787 25
1239 727 1393 789 octobris.
1416 730 1594 805 Magnifica
1616 731 1849 797 habentorineo-

263 823 379 895 tulum,
409 839 534 900 paucos
554 823 626 884 dies
649 825 775 895 natum,
801 825 978 886 articulata
1004 825 1055 886 lo-
1109 822 1182 883 dem
1210 824 1332 900 templo
1356 826 1547 898 mausolaea,
1570 829 1603 888 et
1624 827 1776 904 splendida
1790 834 1849 894 satis

262 921 359 998 quala
375 921 599 997 suspicionem
613 920 804 982 adulteriis
825 924 931 983 matre
953 937 1054 984 aver-

1109 934 1304 996 magnorum
1328 922 1500 983 hominum
1531 926 1740 986 monumenta.
1763 929 1851 989 Omnia

260 1019 394 1081 tentem.
420 1015 511 1079 lecti
536 1019 758 1080 concamerati
785 1019 890 1080 lorica
912 1021 964 1080 est
980 1022 1055 1081 tes-
1109 1014 1367 1092 descripserunt,
1384 1020 1419 1080 et
1430 1020 1532 1080 affixa
1546 1021 1712 1096 Epitaphia
1733 1025 1850 1099 exscrip-

260 1118 371 1189 tacea;
388 1127 446 1175 seu
458 1130 583 1191 gypsea
595 1115 726 1175 testudo
738 1115 863 1177 Titiani
877 1116 973 1176 Minii
988 1118 1054 1177 Pa·

1108 1114 1852 1189 seruntBeruardiuusScardeonius,etValerius

262 1213 366 1274 tarini
390 1212 557 1273 caelatoris
582 1211 709 1283 eximii,
736 1214 771 1272 in
797 1212 993 1289 effingendis
1020 1214 1054 1275 et
1108 1210 1293 1286 Polydorus
1308 1212 1639 1275 citati:exomnibus
1653 1214 1853 1277 duodumtarat

259 1309 446 1372 conflandis
473 1308 589 1369 formis
608 1309 756 1385 cujusvis
775 1310 826 1370 rei
845 1309 1051 1386 peritissimi.

260 1409 298 1468 in
321 1407 405 1468 tholi
429 1405 538 1466 medio
563 1405 814 1482 circumscripta
838 1406 912 1468 haec
935 1406 1051 1469 verba.

261 1506 378 1586 quode
395 1504 481 1576 setim
500 1505 635 1576 Portica,
650 1517 726 1576 quac
749 1503 952 1565 dioscurum
972 1518 1054 1579 poa-

258 1603 360 1662 stdee.
378 1600 609 1660 Pavimentum
634 1603 704 1660 tum
725 1601 852 1673 sacelli,
880 1602 949 1662 tum
976 1600 1054 1661 uni-

258 1712 365 1758 versas
378 1695 535 1757 Ecclesiae
549 1697 687 1757 tesseris
702 1697 881 1774 quadrisve
902 1696 1006 1770 rubri,
1021 1698 1053 1759 et

258 1793 392 1856 candidi
408 1793 583 1854 marmoris
599 1795 752 1855 stratum.

297 1891 334 1951 In
347 1891 457 1953 medio
467 1890 608 1952 sacrarii
623 1891 764 1953 conditae
774 1891 926 1968 reliquias
937 1894 971 1952 S.
982 1894 1054 1952 An-

256 1988 341 2050 ionii
365 1989 401 2048 iu
429 2003 507 2049 arca
529 1987 790 2063 singularissimi
811 1988 948 2064 lapidis,
965 1988 1053 2049 rarii

259 2085 393 2154 coloris,
407 2084 467 2146 sub
481 2085 585 2146 morte
598 2087 672 2161 ejus
682 2084 844 2145 divinitus
855 2086 1003 2158 iuventa,
1020 2086 1053 2146 et

258 2181 421 2245 fabricata
446 2198 465 2243 a
492 2183 617 2244 sanctis
639 2183 764 2254 Quator
784 2182 969 2254 coronatis,
996 2182 1053 2259 qui

259 2279 351 2357 passi
366 2280 444 2340 sunt
457 2278 519 2339 sub
531 2277 738 2339 Diocletiano
752 2279 965 2354 imperatore,
975 2293 1054 2355 qno·

256 2392 331 2437 rum
340 2375 441 2437 ferias
451 2375 599 2437 celebrat
608 2374 769 2435 Ecclesia.
785 2374 957 2437 Sustinent
965 2375 1053 2436 hanc

257 2488 351 2536 aram
366 2472 530 2534 columnae
544 2472 698 2549 quatuor,
712 2472 748 2532 in
758 2486 827 2533 arm
841 2471 994 2543 formam,
1011 2471 1053 2532 ad

194 2567 198 2572 '
258 2585 357 2647 quam
380 2568 573 2631 ascenditur
590 2584 650 2645 per
668 2568 792 2644 gradus
813 2571 939 2645 septem
962 2584 1054 2630 mar·

258 2680 402 2740 morsos,
422 2666 579 2743 utrinque
603 2665 750 2743 ejusdem
766 2666 916 2729 materiae
929 2666 1054 2727 deduc-

257 2764 302 2824 tis
326 2762 462 2839 spondis
485 2761 527 2823 ad
549 2777 674 2823 cornua
689 2778 796 2839 usque
818 2763 946 2835 altaris,¹
970 2779 1053 2840 quas

260 2859 460 2921 columnulae
482 2859 713 2936 superposita,
734 2861 767 2921 et
781 2860 816 2922 in
836 2863 978 2936 quatuor
991 2875 1054 2920 an-

259 2957 348 3033 gulis
372 2956 511 3018 totidem
533 2956 618 3017 aenei
640 2956 887 3031 angolismae
911 2956 1054 3019 reddunt

259 3055 428 3118 venustas.
456 3055 563 3131 Super
584 3054 690 3116 altare
703 3054 770 3116 tria
782 3054 859 3116 sunt
872 3053 1054 3116 simulacra

258 3153 417 3215 Diuorum
441 3164 549 3226 aenea,
574 3153 607 3213 et
632 3151 731 3214 scalae
760 3166 935 3213 ascensum
959 3151 1054 3212 clau·

259 3250 342 3312 dunt
367 3251 472 3327 portae
496 3250 569 3310 duas
589 3264 737 3320 aeneae,a
758 3264 859 3325 snpra
882 3248 1053 3311 nominato

257 3347 392 3409 'litiano
405 3347 541 3423 Aspetto
563 3346 714 3407 conflatae
729 3347 920 3407 ann01590.
939 3346 1052 3407 Sancti

255 3444 418 3522 reliquias
438 3443 588 3521 reposuit
608 3444 802 3505 reverenter
827 3443 891 3504 bac
909 3442 946 3505 in
959 3457 1051 3514 arca,

257 3540 432 3619 premisso
452 3540 543 3601 omni
569 3540 737 3617 spirituali
758 3539 928 3618 obsequio,
946 3541 1053 3603 (irride

258 3638 440 3701 cardinalis
450 3639 484 3699 et
497 3637 673 3715 episcopus
687 3638 909 3699 Bononiensis
919 3638 956 3698 in
973 3639 1054 3699 Gal-

256 3735 323 3806 liae‚
339 3733 555 3805 lombardiae,
572 3734 743 3809 Marcbiae,
757 3735 953 3808 Tarvisium,
970 3738 1054 3797 Ger-

257 3831 391 3903 maniae,
402 3846 442 3892 ac
457 3831 639 3892 Pannonia
653 3831 804 3908 partibus
822 3831 979 3893 Ecclesiae
991 3834 1054 3893 Ro·

257 3943 366 3990 manae
379 3926 522 4003 legatus.
545 3928 718 3988 Masillam
734 3929 834 3989 etiam
849 3932 922 4006 ejus
936 3929 972 3990 in
992 3944 1052 3990 sa·

258 4024 380 4097 crario,
416 4025 452 4085 in
478 4023 604 4100 insigni
629 4023 846 4086 tabernaculo
877 4027 1052 4101 argentee.

257 4121 362 4186 minio
378 4124 411 4183 et
423 4121 591 4199 pigmento
605 4121 828 4183 laudatissimi
844 4122 965 4184 coloris
977 4124 1052 4185 ele-

258 4222 377 4296 gauter
385 4219 548 4282 exornato
564 4239 573 4279 z
589 4219 752 4295 Linguam
761 4234 841 4282 vero
851 4219 941 4283 cives
952 4222 1054 4282 Pata-

256 4316 625 4394 vinipretiosoinvase
641 4315 859 4378 collocarunt
973 4331 976 4337 ’

298 4417 425 4475 Praeter
448 4414 568 4475 sancti
589 4413 699 4475 Patris
722 4412 884 4489 reliquias
912 4416 990 4475 sunt
1017 4414 1053 4474 iu

259 4508 416 4587 praedicta
424 4509 569 4571 Basilica
581 4524 702 4586 corpus
716 4512 752 4570 B.
764 4511 863 4572 Lucae
872 4510 1050 4582 Belludini,

1108 1307 1163 1367 liic
1191 1307 1386 1383 seligemum
1415 1310 1557 1385 primum
1582 1313 1641 1382 est,
1669 1312 1750 1372 Petri
1770 1311 1854 1372 bembi

1108 1403 1327 1465 illustrissimi
1342 1407 1375 1466 et
1386 1405 1570 1467 doctissimi
1584 1409 1618 1467 S.
1635 1409 1672 1467 R.
1684 1409 1717 1467 ib
1734 1408 1853 1468 cardina·

1108 1499 1150 1560 lis
1166 1500 1253 1561 inter
1267 1501 1447 1578 scriptores
1462 1502 1678 1574 celeberrimi,
1698 1503 1854 1580 Aquilonem

1107 1611 1224 1658 versus
1252 1597 1344 1659 stelae
1372 1613 1502 1674 magnae
1529 1599 1697 1660 adnixum.
1724 1600 1817 1660 Posuit
1832 1600 1855 1660 ei
1915 1585 1916 1590 ’

1108 1695 1357 1755 monumentum
1373 1695 1595 1772 Hieronymus
1605 1696 1751 1767 Quirinus
1760 1696 1856 1756 lameri

1109 1790 1196 1856 tilios
1211 1791 1376 1852 Patricius
1390 1794 1547 1863 Venetus,
1570 1808 1665 1869 quem
1689 1794 1733 1853 ita
1749 1791 1856 1853 Bembus

1107 1887 1234 1959 dilexit,
1252 1889 1288 1949 ut
1299 1904 1375 1949 eum
1390 1888 1547 1961 moriens,
1564 1891 1598 1951 et
1614 1889 1646 1949 in
1660 1888 1856 1950 secundisba·

1107 1983 1242 2044 redibas
1253 1985 1437 2060 scripserit,
1452 1986 1486 2046 et
1499 1986 1688 2047 testamenti
1701 1986 1748 2046 sui
1761 2000 1856 2046 arecu-

1107 2084 1213 2143 torem
1237 2097 1311 2143 esse
1334 2080 1489 2144 soluerit
1514 2084 1577 2144 Hic
1592 2085 1701 2161 itaque
1717 2080 1859 2144 cardinalis
1915 2081 1916 2158 f

1108 2178 1287 2254 imaginem
1302 2193 1523 2241 marmoream
1533 2181 1669 2242 Danesii
1679 2179 1861 2241 Cataneicar

1108 2276 1279 2347 rariensis,
1297 2277 1413 2337 eximii
1441 2277 1596 2339 statuarii
1618 2292 1709 2354 opus,
1730 2276 1789 2338 alto
1807 2274 1861 2336 loco

1107 2373 1228 2448 posuit,
1255 2373 1432 2449 impetrato
1453 2374 1587 2450 priusa
1611 2373 1771 2451 republica
1789 2373 1863 2433 Pata·

1108 2469 1185 2530 rina
1201 2468 1285 2541 loco,
1302 2471 1358 2546 qui
1367 2473 1438 2547 jam
1452 2472 1577 2533 viventi
1588 2471 1719 2541 Bembo,
1730 2470 1767 2531 ad
1776 2471 1861 2530 tunu-

1108 2566 1176 2627 lum
1191 2568 1401 2628 Maurocenae
1413 2569 1447 2629 et
1457 2568 1578 2628 Lucilii
1586 2567 1683 2629 'illius
1695 2567 1751 2628 filii
1762 2565 1862 2643 publico

1107 2662 1323 2724 decurionum
1338 2664 1470 2725 decreto
1491 2663 1603 2726 iuerat
1617 2678 1793 2727 concessus.
1805 2662 1863 2721 sa·

1107 2761 1173 2822 tuas
1189 2759 1411 2836 subscriptum
1425 2760 1488 2822 hoc
1503 2762 1719 2839 epitaphium.

1147 2857 1273 2919 «Petri
1291 2856 1405 2919 Bembi
1423 2857 1513 2918 card.
1538 2858 1719 2936 imaginem
1732 2856 1864 2929 Hierony-

1108 2970 1181 3016 mus
1197 2954 1356 3027 Quirinus
1373 2956 1504 3015 Ismerii
1520 2955 1623 3028 lilius,
1647 2958 1682 3016 in
1697 2953 1812 3031 publico
1823 2964 1866 3025 po-

1108 3051 1252 3114 nendum
1277 3052 1417 3125 curavit,
1449 3053 1486 3114 ut
1511 3056 1609 3131 cujus
1635 3051 1758 3129 ingenii
1774 3060 1866 3111 monu-

1108 3151 1217 3211 menta
1241 3149 1367 3212 aeterna
1391 3151 1469 3223 sint,
1497 3154 1571 3228 ejus
1596 3151 1744 3228 corporis
1768 3156 1867 3224 quoque

1107 3246 1279 3318 memoria,
1304 3261 1346 3308 ne
1372 3262 1392 3307 a
1421 3248 1617 3323 posteritate
1644 3241 1866 3309 desideraretur.

1107 3343 1200 3405 Vixit
1213 3357 1318 3404 annos
1340 3344 1500 3417 LXXVII,
1516 3343 1588 3404 dies
1611 3346 1727 3405 XXIX.
1741 3340 1815 3402 Obiit
1825 3334 1869 3396 XV

1108 3439 1268 3501 kalendas
1283 3437 1444 3501 februarii
1465 3442 1658 3503 MDLXVII.
1676 3457 1694 3500 ›

1146 3538 1396 3599 Monumentum
1434 3536 1576 3599 alterum
1612 3554 1657 3600 ex
1694 3527 1870 3598 meridionali

1107 3634 1200 3709 parte
1215 3633 1257 3693 ad
1272 3633 1389 3695 stelam
1406 3633 1594 3711 oppositam
1614 3636 1758 3697 erectum
1775 3631 1805 3691 iu
1816 3639 1871 3688 me-

1108 3730 1247 3791 moriam
1262 3729 1444 3791 Alexandri
1459 3732 1641 3793 Contereni
1657 3727 1795 3807 supremi
1806 3724 1871 3786 clas·

1107 3827 1155 3887 sis
1167 3828 1301 3888 Venetae
1322 3826 1469 3903 praefecti
1491 3828 1527 3887 in
1547 3828 1665 3889 multis
1680 3816 1871 3888 celeberrimis

1108 3922 1341 3998 congressibus
1376 3938 1452 3985 cum
1486 3924 1718 3986 Ottomanicis.
1753 3921 1871 3983 samam

1107 4020 1208 4082 habet
1231 4020 1380 4097 perbelle
1394 4020 1569 4097 sculptam,
1585 4021 1704 4083 subtus
1723 4017 1871 4097 pastura

1107 4119 1237 4195 portata
1251 4117 1412 4194 tropbaea,
1429 4118 1669 4193 captivositem
1679 4112 1873 4194 quatuorlur

1107 4231 1176 4287 cas,
1192 4214 1588 4292 spoliademonstrantes.
1606 4213 1774 4291 insculpta
1781 4202 1874 4270 deinde

1107 4312 1179 4373 baec
1194 4310 1364 4374 memoria.

1147 4425 1166 4468 c
1193 4411 1287 4469 itanc
1321 4406 1504 4473 Alexandri
1543 4406 1727 4469 Centareni
1762 4398 1872 4465 Veneta

1108 4505 1241 4578 classis,
1267 4521 1342 4565 cum
1363 4519 1491 4565 summa
1513 4506 1682 4580 potestate
1691 4502 1816 4564 roms.
1836 4494 1876 4552 ¹0·

259 4607 366 4669 sancti
379 4607 444 4666 uiri
458 4606 552 4677 socii,
566 4606 607 4666 de
622 4621 686 4682 quo
697 4608 767 4683 jam
780 4606 911 4683 praelati
924 4622 1050 4678 sumus,
1107 4602 1189 4676 gaii,
1218 4600 1288 4662 divi
1315 4601 1421 4671 Marci
1446 4601 1691 4677 procuratoris,
1722 4610 1810 4675 quem
1829 4598 1877 4650 nec

258 4704 294 4765 in
308 4701 439 4779 lapideo
453 4701 641 4778 sepulchro,
650 4703 793 4777 quatuor
806 4703 969 4764 columnis
983 4704 1051 4764 im·
1108 4697 1224 4759 Veneti
1237 4698 1273 4758 in
1292 4697 1487 4773 periculosa.
1503 4697 1635 4774 reipub.
1652 4691 1819 4771 temporib.
1831 4700 1876 4746 re-

257 4801 378 4879 posito,
395 4800 430 4859 in
443 4797 939 4861 sacellanobilissimaeiamilias
954 4802 1054 4861 comi·
1108 4794 1283 4856 tardarunt
1303 4810 1450 4870 unquam
1469 4810 1477 4854 :
1494 4796 1534 4855 nt
1547 4792 1762 4854 Hariadeuus
1776 4782 1878 4850 Barba-

256 4900 339 4969 tum,
356 4896 467 4959 seude
481 4895 594 4970 Conti;
611 4896 775 4972 etcorpus
788 4897 930 4958 alterum
945 4899 1052 4959 sancti
1106 4906 1202 4952 rossa
1231 4891 1447 4952 Ottomanicae
1474 4890 1594 4950 classis
1626 4890 1807 4965 imperator
1829 4892 1878 4955 pc-

258 4995 383 5057 Felicis
408 4996 438 5055 ΙΙ
458 4996 558 5070 Papae
575 4995 608 5053 et
627 4993 797 5069 martyris,
822 4994 965 5068 quatuor
982 4993 1051 5054 idi·
1107 4990 1237 5052 tentiss.
1260 5002 1348 5063 saepe
1362 4983 1483 5058 timuit,
1506 4989 1574 5048 tam
1595 4985 1748 5047 mirabili
1761 4976 1878 5080 artificio

258 5093 333 5154 dem
345 5091 509 5154 columnis
525 5089 727 5151 iunixumin
742 5089 1052 5151 sacelloaBoniia·
1108 5087 1240 5147 ductam
1269 5083 1425 5159 effigiem,
1462 5084 1575 5159 magni
1613 5083 1761 5143 indicem
1785 5075 1878 5137 anim.

259 5188 311 5250 cio
336 5191 427 5265 Lupo
442 5186 637 5248 Marcbione
665 5188 823 5260 Soragnm
847 5188 1051 5249 constructo.
1107 5182 1371 5259 praeclarumque
1391 5180 1494 5243 totius
1515 5180 1697 5241 maritimae
1718 5170 1879 5250 disciplina

258 5285 459 5347 consecrata
474 5283 527 5344 est
540 5280 856 5343 ecclesiaalacobo
867 5285 998 5344 Zenone
1013 5284 1053 5344 de
1108 5280 1324 5340 simulacrum
1350 5280 1387 5340 ut
1412 5278 1589 5354 posteritas
1628 5276 1779 5344 baberet,
1812 5261 1880 5360 qussd

259 5381 407 5443 venetiis
431 5381 587 5456 episcopo
610 5378 772 5440 Patavina
798 5381 1053 5442 ann01475die
1108 5381 1214 5441 instar
1228 5379 1500 5450 immortalitatis,
1517 5394 1557 5440 ac
1577 5377 1700 5454 gloriae
1722 5374 1815 5436 unice
1834 5380 1880 5427 00·

259 5480 298 5538 18
320 5477 417 5553 junii.
430 5477 591 5537 institutae
607 5476 641 5535 iu
655 5475 771 5537 eadem
792 5476 932 5538 ecclesia
948 5478 1052 5539 soda-
1109 5478 1202 5549 leret,
1238 5493 1281 5538 ne
1318 5477 1496 5553 quidquam
1532 5475 1698 5538 Patauino
1736 5460 1881 5547 splendori

259 5574 370 5634 litates
381 5572 454 5631 duae
465 5586 653 5632 numerosa
662 5572 754 5643 satis,
772 5588 839 5634 una
852 5574 1053 5651 conceptio·
1109 5575 1249 5645 deesset,
1280 5574 1398 5635 Petrus
1426 5576 1459 5635 et
1488 5570 1707 5647 pandulphus
1731 5568 1803 5628 irat.
1824 5562 1880 5634 Op·
