3950 6200
284 370 325 457 79.
723 400 778 460 ΔΙ)
800 400 938 462 OPERA
961 402 994 460 S.
1017 401 1239 463 FRANCISCI
1259 401 1487 463 nselsmrls
1804 457 1806 460 .
1858 407 1888 467 80

283 559 397 629 bobes,
412 555 445 619 ct
461 559 506 619 dn
517 559 727 633 muneribus
739 556 862 637 (ituit,
877 557 1014 638 xrx).1n
1028 575 1079 620 se·
1133 559 1255 623 Gbristl
1270 560 1411 637 gloriam
1428 558 1822 637 praedicandamouadam
1837 577 1887 625 uu·

284 653 394 714 cunda
407 670 418 714 ;
433 656 527 716 Nilett
544 655 693 716 tuleritis
709 658 746 716 tn
761 660 831 717 ow.
848 654 973 734 (Lucae,
989 657 1075 735 xlx.)
1131 660 1199 718 tem
1210 658 1275 729 die,
1291 658 1367 718 dum
1379 656 1795 734 inquodamsolitarioloou
1804 675 1888 720 annos

285 752 321 810 In
333 750 429 812 tertia
440 766 520 811 vero
537 768 544 806 :
562 754 625 817 tini
639 754 843 814 audoenire
855 757 932 827 post
944 768 1011 824 me,
1023 758 1078 814 oo·
1133 769 1210 816 suos
1231 756 1267 814 in
1280 756 1503 815 amaritudine
1515 755 1701 829 recogitans
1711 754 1886 831 deploraret,

282 848 385 922 neget
397 850 631 921 semetipsum,
646 850 680 911 et
698 851 792 910 tottot
805 865 943 912 crucem
962 866 1075 922 sumn,
1133 852 1244 912 Sancti
1261 852 1402 928 Spiritus
1418 852 1452 911 in
1468 865 1544 911 eum
1559 852 1801 926 superueniente
1818 853 1888 914 lati-

283 944 558 1017 etsequotnrme
570 944 784 1024 (Mattmvl).
801 950 880 1008 Haec
895 935 955 1018 e'st,
968 948 1078 1008 aitrir
1131 949 1189 1017 tia,
1206 949 1407 1010 certificatus
1426 949 1477 1009 est
1491 947 1531 1008 de
1555 948 1747 1010 remissione
1764 949 1887 1024 plenaria

285 1044 431 1115 sanctus,
445 1042 514 1103 vita
527 1045 561 1104 et
579 1043 695 1118 regula
713 1047 839 1116 nostra,
851 1044 1075 1121 omniumque,
1131 1044 1278 1106 omnium
1301 1046 1507 1106 delictorum.
1534 1046 1659 1120 Raptus
1674 1044 1786 1106 deinde
1808 1060 1888 1122 supra

284 1139 1078 1218 quinostraevoluerintsocietaticonjungivade
1132 1147 1234 1206 seiae
1256 1143 1292 1202 in
1303 1142 1467 1220 quoddam
1493 1141 1680 1202 mirandum
1698 1142 1802 1202 lumen
1820 1144 1888 1204 totus

282 1236 398 1311 igitur,
415 1235 444 1295 si
459 1235 511 1296 vis
531 1236 696 1313 perlectus
720 1253 806 1308 esse,
823 1240 856 1299 et
871 1239 992 1315 pertice
1004 1254 1077 1315 quae
1132 1238 1318 1316 absorptus,
1334 1239 1471 1301 dilatato
1487 1239 1606 1300 mentis
1631 1240 1717 1310 sinu,
1737 1254 1803 1315 qua
1820 1239 1888 1299 circa

283 1333 419 1395 audisti.
456 1334 529 1394 Non
560 1334 663 1396 multo
689 1337 773 1412 post,
803 1336 930 1396 vocatis
961 1335 1077 1396 eodem
1133 1352 1170 1398 se
1184 1337 1217 1398 et
1233 1336 1317 1398 illios
1332 1335 1529 1397 suoslutura
1545 1338 1652 1405 erant,
1666 1336 1890 1397 luculenteras·

283 1429 404 1506 spiritu
427 1430 573 1506 quinque
604 1430 703 1503 uiris,
733 1431 878 1493 liliorum
907 1432 1077 1493 Francisci
1133 1434 1234 1510 pexit.
1245 1434 1323 1494 Post
1337 1433 1400 1494 boc
1411 1447 1566 1494 reversus
1579 1432 1619 1493 ad
1636 1432 1891 1494 iratres:Gonlor·

283 1541 444 1588 numerus
455 1528 609 1588 senarius
622 1530 672 1590 est
687 1529 881 1605 completus.
897 1531 1078 1605 Interquos
1132 1531 1329 1602 taminiait,
1338 1530 1515 1600 carissimi,
1527 1531 1561 1592 et
1574 1530 1715 1607 gaudete
1727 1530 1889 1595 innomine,

283 1625 419 1686 tertium
447 1624 583 1686 sortitus
612 1627 662 1687 est
688 1626 797 1687 locum
821 1628 957 1688 sanctus
985 1629 1079 1703 pater
1133 1644 1204 1699 nec,
1229 1628 1306 1704 quia
1334 1629 1430 1703 pauci
1454 1628 1545 1698 estis,
1572 1627 1763 1689 efficiamini
1786 1626 1889 1694 uides,

282 1722 449 1796 AEgidius,
476 1722 528 1782 vir
546 1723 659 1799 utique
675 1724 741 1784 Deo
759 1724 887 1800 plenus,
908 1724 941 1785 et
955 1723 1077 1784 celebri
1133 1741 1240 1802 neque
1254 1741 1314 1785 ros
1331 1725 1455 1786 terreat
1479 1739 1552 1786 mea
1571 1725 1625 1788 rel
1640 1726 1748 1785 vestra
1760 1722 1891 1799 simplici-

284 1819 444 1880 memoria
457 1819 577 1895 diguus
595 1840 602 1880 ε
617 1820 679 1882 luit
699 1820 800 1891 enim,
817 1819 905 1882 inter
924 1823 1075 1891 coeteros,
1131 1823 1183 1882 tas
1200 1839 1207 1881 :
1225 1821 1393 1898 quoniam,
1407 1823 1494 1882 siout
1505 1822 1586 1881 mibi
1600 1822 1767 1882 abomiuo
1780 1821 1812 1879 in
1823 1819 1892 1880 reri-

283 1917 443 1979 uirtutum
479 1917 669 1978 sublimium
707 1918 947 1980 exercitatione
986 1933 1077 1993 prae·
1132 1921 1199 1980 tate
1212 1922 1379 1980 ostensum
1395 1920 1456 1990 est,
1473 1919 1505 1980 et
1519 1919 1554 1979 in
1570 1934 1724 1994 maguam
1734 1915 1889 1978 multitudi-

284 2012 395 2075 ularus
420 2013 520 2094 (sicut
536 2015 679 2075 famulus
692 2015 823 2075 Domini
839 2015 879 2076 de
893 2015 967 2091 ipso
991 2030 1079 2091 prae-
1132 2031 1207 2076 nem
1219 2016 1317 2077 saciet
1337 2031 1396 2076 nos
1412 2019 1498 2077 Deus
1513 2031 1677 2086 crescere,
1700 2029 1824 2091 suasque
1844 2012 1889 2072 be-

283 2110 380 2191 dixit)
395 2127 583 2189 quanquam
605 2116 693 2173 esset
704 2112 806 2174 idiota
823 2114 856 2173 et
870 2112 1023 2188 simplex,
1036 2112 1077 2173 ad
1132 2113 1330 2175 relictionis
1345 2113 1453 2188 gratia
1467 2111 1698 2189 multipliciter
1708 2109 1852 2172 dilatabit.

283 2210 424 2270 excelsae
439 2209 729 2286 contemplationis
739 2209 937 2270 sublimatus
946 2211 997 2271 est
1007 2225 1079 2269 ver·
1173 2211 1294 2271 Eodem
1306 2226 1434 2288 quoque
1447 2206 1891 2286 tempore,quodamaliobono

281 2305 393 2367 tieem.
409 2308 494 2368 Nam
510 2307 685 2383 permulta
698 2306 865 2367 curricula
879 2308 1075 2383 temporum,
1132 2309 1205 2368 viro
1231 2308 1428 2384 religionem
1453 2309 1608 2379 intrante,
1635 2308 1677 2368 ad
1700 2305 1891 2383 septenarium

283 2419 416 2464 sursum
439 2404 626 2466 actionibus
644 2404 850 2465 incessanter
875 2405 1036 2476 intentus
1058 2420 1077 2465 a
1132 2421 1305 2467 numerum
1318 2407 1383 2466 viri
1398 2407 1457 2466 Dei
1472 2405 1603 2466 soboles
1615 2405 1784 2466 benedicta
1795 2416 1890 2478 perte·

281 2503 350 2562 Deo
374 2502 500 2563 crebris
523 2503 558 2562 in
581 2504 683 2562 ileum
711 2500 904 2577 rapiebatur
928 2501 1079 2584 excessi·
1132 2503 1191 2563 nit.
1206 2506 1297 2563 Tunc
1309 2503 1384 2579 pius
1395 2504 1489 2579 pater
1503 2517 1623 2562 omnes·
1634 2501 1725 2563 adse
1741 2501 1890 2561 tilioscon·

282 2597 355 2670 bus,
373 2598 692 2675 quemadmodumet
704 2615 765 2675 ego
780 2599 850 2674 ipse
864 2600 998 2660 oculata
1013 2599 1077 2659 lide
1132 2600 1429 2676 maritumum
1444 2601 1494 2661 eis
1511 2600 1552 2660 de
1571 2614 1676 2674 regno
1698 2599 1765 2669 Dei,
1784 2597 1820 2657 de
1832 2610 1893 2655 oon-

266 2683 455 2772 “oonspexi
481 2697 517 2756 ut
545 2696 653 2770 magis
682 2697 877 2757 censeretur
900 2696 987 2756 inter
1012 2697 1077 2756 bo·
1133 2695 1451 2771 temptumundi,'de
1469 2694 1691 2770 abnegatione
1708 2693 1891 2770 propriam

283 2792 392 2854 mines
420 2793 522 2855 vitam
549 2792 735 2868 angelicam
758 2808 872 2868 agere,
896 2808 993 2870 quam
1014 2794 1079 2855 bu·
1133 2793 1282 2858 luntatis,
1303 2792 1518 2869 corporisque
1536 2792 1754 2868 castigatione
1774 2801 1893 2866 pronun·

282 2905 428 2951 manum.
1132 2889 1231 2961 ilaus,
1248 2890 1452 2967 propositum
1465 2906 1561 2950 suum
1576 2888 1618 2949 de
1631 2886 1784 2950 mittendo
1795 2882 1892 2946 illosin

311 2987 371 3050 lllo
380 3003 510 3066 quoque
518 2990 666 3065 tempore
677 2987 808 3050 cuidam
817 2988 981 3050 sacerdoti
991 2989 1079 3049 Assi-
1132 2987 1274 3064 quatuor
1288 2986 1377 3048 orbis
1393 2988 1504 3063 partes
1515 2987 1658 3064 aperuit
1672 2988 1743 3049 Jam
1758 2981 1893 3045 enimste·

282 3086 336 3157 sil,
351 3086 486 3149 nomine
500 3086 673 3159 Silvestre,
688 3086 836 3150 honestae
849 3088 1078 3149 conversatio·
1131 3084 1205 3145 rilis
1216 3086 1250 3145 et
1264 3084 1465 3162 paupercula
1483 3084 1682 3160 simplicitas
1701 3082 1799 3144 sancti
1812 3075 1893 3156 patris

283 3185 427 3255 mistim,
437 3185 587 3262 quaedam
598 3201 617 3245 a
628 3185 839 3247 Dominoiuit
850 3185 1077 3248 ostensarisio
1132 3184 1307 3260 pepererat
1321 3184 1446 3258 septem
1460 3181 1558 3254 tilios,
1575 3183 1607 3244 et
1621 3178 1821 3243 desiderabat
1832 3173 1892 3235 uni·

283 3298 350 3344 non
372 3282 524 3345 tacenda.
548 3285 629 3342 Cum
653 3282 742 3343 enim
766 3281 900 3344 modum
920 3285 952 3344 et
975 3283 1076 3344 vitam
1130 3281 1323 3342 versitatem
1339 3280 1497 3349 bdelium,
1509 3280 1550 3341 ad
1564 3279 1766 3357 penitentia
1777 3272 1893 3337 lamenta

284 3380 473 3453 Francisci,
507 3380 712 3457 fratrumque
746 3395 898 3453 suorum,
930 3381 1077 3441 humano
1132 3379 1294 3446 vocatam,
1324 3378 1455 3439 Christo
1492 3377 1634 3438 Domino
1660 3374 1825 3454 parturire.
1848 3372 1892 3435 lte,

284 3478 405 3556 spiritu
431 3478 639 3548 abhorreret,
668 3493 710 3538 ne
738 3478 987 3554 periclitaretur
1008 3493 1076 3555 prae
1131 3474 1240 3552 inquit
1267 3474 1374 3535 dulcis
1400 3478 1495 3552 pater
1518 3474 1560 3534 ad
1592 3474 1691 3545 tilios,
1717 3467 1893 3534 annuntian-

281 3577 469 3639 temeritate
489 3575 623 3653 judicii,
654 3577 808 3653 respectu
834 3575 895 3637 fult
921 3591 1074 3652 supernae
1130 3574 1180 3634 tes
1200 3571 1389 3632 bominibus
1405 3587 1540 3648 paoem3
1557 3570 1736 3647 praedicate
1752 3567 1892 3645 poeniten-

282 3675 399 3750 gratiae
410 3674 577 3735 visitatus.
589 3672 730 3734 Videbat
743 3688 884 3749 namque
899 3674 934 3732 in
949 3673 1076 3734 somnis
1130 3669 1211 3730 tiam
1238 3670 1272 3729 in
1301 3668 1532 3729 remissionem
1561 3671 1780 3744 peccatorum.
1807 3660 1895 3723 Estote

280 3773 384 3834 totam
410 3772 578 3832 civitatem
601 3769 720 3830 Assisii
739 3785 760 3830 a
781 3771 927 3831 dracone
955 3785 1076 3845 magno
1132 3766 1165 3826 in
1181 3764 1451 3828 tribulationibus
1472 3765 1650 3842 patientes,
1668 3766 1702 3825 in
1718 3757 1894 3824 orationibus

284 3867 496 3939 circumdari,
517 3883 585 3943 prae
609 3868 704 3942 cujus
723 3867 952 3942 magnitudine
973 3868 1076 3928 nimia
1130 3863 1260 3939 vigiles,
1277 3864 1312 3924 in
1327 3862 1499 3923 laboribus
1510 3864 1651 3935 streuui,
1666 3862 1701 3923 in
1718 3853 1895 3922 sermonibus

281 3965 351 4025 tota
370 3964 463 4039 regio
486 3963 664 4024 videbatur
677 3964 874 4024 exterminio
891 3964 1075 4041 subjacere
1132 3960 1282 4030 modesti,
1300 3961 1333 4019 in
1349 3956 1496 4020 molibus
1508 3974 1640 4034 graves,
1656 3962 1690 4021 et
1707 3959 1741 4019 in
1754 3947 1895 4017 beneficiis

284 4062 508 4124 Gontuebatur
539 4062 613 4138 post
640 4061 712 4121 baec
742 4076 874 4121 crucem
901 4062 1077 4137 quamdam
1131 4058 1218 4134 grati
1235 4058 1336 4134 :quia
1349 4073 1409 4134 pro
1424 4056 1476 4117 bis
1496 4056 1651 4118 omnibus
1675 4069 1807 4131 regnum
1820 4045 1895 4110 vobis

283 4174 419 4222 auream
428 4175 471 4220 ex
479 4174 537 4220 ore
547 4158 634 4219 beati
647 4158 816 4221 Francisci
832 4159 1074 4234 procedentem,
1131 4157 1340 4232 praeparatur
1354 4155 1526 4216 aeternum.
1550 4157 1592 4215 At
1606 4155 1658 4216 illi
1678 4151 1837 4214 humiliter
1848 4158 1895 4204 co·

283 4264 379 4338 cujus
403 4258 576 4319 summitas
598 4256 699 4317 coelos
727 4255 895 4331 tangebat,
916 4260 1077 4332 cujusque
1131 4268 1202 4313 ram
1219 4268 1315 4313 servo
1331 4252 1389 4312 Dei
1408 4265 1444 4312 se
1466 4254 1714 4327 prosternentes
1735 4251 1768 4309 in
1784 4250 1894 4309 mnam,

282 4357 419 4418 brachia
436 4358 590 4433 protensa
602 4355 636 4415 in
653 4354 768 4424 latum,
785 4353 944 4431 usquead
961 4354 1076 4414 mundi
1132 4367 1205 4412 cum
1218 4350 1340 4426 gaudio
1353 4350 1490 4427 spiritus
1512 4348 1739 4425 suscipiebant
1765 4342 1897 4407 obedien·

283 4455 367 4515 tlnes
385 4454 583 4514 videbantur
607 4452 751 4513 extendi.
777 4451 825 4511 Ad
856 4454 952 4527 cujus
976 4451 1076 4512 etiam
1130 4451 1187 4510 tiae
1214 4450 1337 4509 sanctae
1364 4446 1567 4508 mandatum.
1592 4449 1666 4523 Ipse
1691 4460 1767 4508 uero
1791 4433 1896 4501 dicebat

284 4553 453 4626 aspectum
475 4550 707 4626 praetlrlgidum
726 4548 826 4610 draco
852 4549 909 4609 ille
934 4551 1020 4610 teter
1045 4550 1078 4610 et
1131 4546 1311 4622 unicuique
1352 4544 1524 4620 sigillatim
1563 4560 1571 4604 :
1599 4545 1702 4607 locta
1737 4536 1897 4616 manorum

285 4647 441 4707 horridus
464 4648 595 4723 penitus
617 4646 803 4722 fugabatur.
828 4648 898 4707 Hoc
916 4645 993 4706 dum
1014 4646 1077 4706 sibi
1132 4646 1232 4705 tuum
1264 4646 1301 4702 in
1330 4645 1493 4712 Domine,
1522 4643 1557 4702 ct
1591 4644 1666 4715 ipse
1703 4641 1736 4701 tc
1770 4625 1895 4699 enarret

284 4745 384 4817 tertio
411 4746 669 4814 monstraretur,
700 4743 848 4803 divinum
881 4744 1077 4805 existimans
1133 4738 1417 4820 (Psal.,n1v).Hoc
1427 4738 1563 4800 verbum
1574 4738 1686 4799 dicere
1699 4733 1897 4805 solebatque

284 4858 359 4905 esse
382 4841 566 4910 oraculum,
589 4839 663 4900 siro
689 4839 749 4899 Dei
772 4840 805 4901 et
823 4839 982 4900 iratribus
1008 4841 1077 4900 suis
1131 4839 1337 4913 tiescumque
1364 4835 1501 4897 tratrem
1532 4835 1676 4912 aliquem
1700 4833 1740 4895 ad
1762 4826 1897 4911 obediet·

284 4924 507 5018 perordiue'm
529 4935 718 5010 enarravit3
736 4951 775 4997 ac
790 4937 971 4997 nonmulto
991 4940 1076 5014 post,
1131 4937 1211 4997 tiam
1238 4934 1414 5009 dirigebat.
1446 4936 1538 4994 ‘luno
1569 4935 1602 4994 et
1636 4933 1707 5009 ipse
1739 4929 1838 4991 sciens
1869 4930 1896 4976 se

285 5038 444 5100 muudum
475 5035 679 5111 relinquens,
704 5033 856 5108 vestigiis
879 5033 1002 5095 Christi
1028 5034 1078 5094 sic
1132 5033 1207 5093 utils
1223 5031 1335 5094 datum
1357 5032 1392 5091 in
1417 5030 1616 5107 exemplum,
1634 5033 1670 5091 ut
1690 5028 1779 5106 prius
1795 5012 1897 5085 lacent

284 5136 429 5215 periente
445 5130 890 5209 adhaesitquodvitaipsius
905 5131 940 5189 in
954 5130 1077 5191 Ordine
1131 5130 1217 5206 quod
1247 5129 1390 5199 doceret,
1418 5144 1493 5188 cum
1516 5143 1582 5191 uno
1610 5127 1774 5188 sociorum
1800 5126 1897 5180 versus

285 5233 510 5295 authenticam
534 5228 677 5291 reddidit
696 5243 768 5287 eam
787 5243 884 5304 quam
900 5228 935 5287 iu
954 5228 1076 5288 saeculo
1132 5242 1231 5288 unam
1245 5225 1334 5286 orbis
1345 5228 1471 5302 partem
1486 5225 1642 5301 perrexit,
1654 5221 1787 5299 reliquls
1802 5228 1853 5277 sex
1865 5204 1897 5269 td

285 5331 448 5392 babuerat
461 5329 634 5389 visionem.
658 5328 706 5385 En
725 5324 826 5402 hujus
848 5324 989 5384 visionis
1011 5340 1076 5384 au·
1132 5325 1264 5385 modum
1285 5324 1393 5384 crucis
1411 5324 1519 5384 tribus
1538 5323 1615 5383 aliis
1636 5320 1749 5382 mundi
1772 5308 1897 5394 partibus

286 5430 356 5489 ditu
378 5430 430 5489 uir
448 5428 505 5487 Dei
532 5440 596 5485 non
620 5426 653 5484 in
678 5423 785 5499 gloria
810 5425 861 5483 est
882 5422 989 5483 elatus
1014 5422 1078 5481 bu·
1132 5422 1307 5496 deputatis.
1332 5421 1461 5481 Modico
1478 5423 1589 5481 autem
1614 5421 1688 5496 post
1711 5418 1817 5492 elapso
1830 5410 1899 5469 tem·

287 5542 406 5598 mana3
423 5525 480 5584 sed
496 5523 676 5583 bonitatem
688 5522 746 5582 liei
761 5522 796 5580 in
819 5519 888 5581 suis
906 5519 1077 5596 benedclis
1132 5534 1222 5594 pore,
1246 5518 1386 5593 benigue
1412 5520 1506 5594 pater
1527 5533 1614 5578 carae
1640 5515 1742 5593 prolis
1760 5506 1898 5582 exollitis

286 5636 539 5699 recognoscens,
557 5619 674 5681 lortius
693 5618 859 5679 animatus
876 5619 929 5679 est
947 5618 990 5679 ad
1004 5618 1078 5681 bos·
1131 5616 1354 5693 praesentiam,
1369 5631 1442 5675 culn
1456 5615 1602 5675 inunum
1616 5630 1672 5675 eos
1683 5627 1741 5689 per
1753 5613 1898 5706 securio-

286 5722 330 5785 tis
348 5718 475 5796 antiqui
499 5717 676 5791 fugandam
699 5715 890 5787 versutiam,
917 5716 950 5778 et
966 5716 1075 5776 crucis
1131 5730 1207 5776 care
1223 5730 1288 5774 non
1302 5716 1423 5790 posset,
1448 5730 1507 5791 per
1526 5729 1601 5774 eum
1616 5710 1732 5773 orabat
1749 5707 1807 5767 boc
1828 5702 1895 5762 nou,
