3950 6200
261 312 320 375 ast

257 471 403 543 tionem3
422 464 564 531 Jacobus
586 466 697 527 autem
720 464 961 542 interpretatur
975 479 1056 541 sup-

256 569 434 647 plantator.
449 567 567 625 Morta
579 564 684 639 igitur
697 565 814 624 Jacobt
829 562 984 636 designat
1006 561 1051 619 il-

258 652 339 737 lum,
354 664 411 740 qui
436 660 665 723 mortificando
696 675 841 730 carnem,
867 662 901 721 et
925 674 1053 719 concu-

256 761 464 840 piscentiam,
490 758 714 835 reprimendo,
740 753 933 834 supplantat
951 756 1053 827 vitia;

257 858 344 935 quod
370 857 454 918 bene
483 855 661 931 respondet
685 854 885 915 sulamitidi.
918 857 1054 915 Satorrw

256 955 495 1030 interpretatur
508 953 657 1029 pacifica,
669 953 702 1012 et
716 951 826 1025 signat
840 965 954 1026 pacem
967 964 1057 1010 men·

256 1052 313 1122 tis,
332 1053 366 1111 et
378 1050 654 1126 tranquillitatem
670 1049 711 1109 ed
734 1048 922 1124 proximum
939 1047 1057 1123 acqui·

257 1149 368 1215 sitam,
393 1150 426 1208 et
440 1147 605 1223 adeptam.
627 1148 666 1206 Et
691 1146 780 1216 nota,
798 1145 883 1222 quod
900 1143 1056 1220 quaslibet

256 1245 357 1308 trium
381 1244 558 1305 mulierum
586 1245 869 1315 vocaturMurta‚
898 1243 1054 1319 quoniam

256 1342 292 1403 in
312 1342 580 1419 supplantatione
600 1341 758 1401 vitiorum
782 1342 833 1400 est
854 1339 1053 1408 amaritudo,

258 1438 293 1499 et
303 1438 338 1498 in
352 1436 826 1514 expugnationetentationum
839 1457 847 1507 ;
862 1436 894 1495 et
906 1451 980 1495 cum
996 1450 1056 1511 per

258 1534 320 1595 hoc
336 1534 454 1610 adepta
471 1533 571 1594 fuerit
585 1549 652 1609 pan
667 1534 797 1601 mentis,
818 1533 922 1593 restat
935 1533 1056 1593 amari·

258 1631 337 1693 tudo
359 1646 402 1691 ex
427 1632 587 1691 dilatione
606 1631 735 1707 patriae,
762 1645 834 1705 quae
862 1629 958 1689 debet
981 1643 1054 1690 esse

258 1728 470 1789 amarissima
484 1728 665 1788 secundum
680 1727 762 1787 illud
788 1726 937 1787 Ezechiae
954 1724 1003 1805 (1)
1018 1730 1055 1787 tn

255 1840 341 1899 pace
359 1826 556 1885 amaritudo
570 1839 648 1885 meu
673 1827 917 1897 amarissima3
945 1823 1054 1900 siqui-

258 1922 332 1980 dem
366 1937 467 1996 super
509 1921 683 1997 epistolam
718 1919 758 1980 ad
804 1920 940 1981 Galatas
973 1921 1055 1982 dicit

257 2016 375 2079 Glossa
389 2017 450 2095 (2),
466 2018 552 2094 quod
574 2018 681 2077 Maria
699 2018 805 2077 mater
824 2017 968 2078 illiorum
989 2019 1052 2078 Ze·

256 2114 363 2177 bedaei
375 2114 438 2175 fuit
452 2115 523 2175 fllia
539 2114 689 2187 Salome;
711 2115 878 2191 quoniam
890 2114 1054 2175 amaritu-

255 2211 352 2272 dines
386 2211 553 2287 praedictae
583 2214 833 2287 consequuntur
859 2226 986 2288 pacem,
1021 2214 1054 2272 et

257 2308 548 2384 tranquillitatem.

297 2406 378 2466 Item
394 2405 434 2466 de
451 2404 503 2464 his
518 2404 759 2475 tabernaculis
784 2404 900 2465 ultimo
922 2404 1051 2465 Zacha-

257 2500 317 2562 riae
345 2500 409 2580 (11,
438 2502 476 2561 11)
497 2488 605 2579 etti)
626 2518 668 2561 :c
695 2504 765 2561 Hoc
791 2503 855 2562 erit
880 2502 1051 2577 peccatum

256 2599 403 2675 aegypti,
419 2598 452 2659 et
462 2599 526 2659 hoc
541 2600 711 2674 peccatum
725 2599 873 2659 omnium
889 2598 1050 2673 gentium,

257 2711 331 2772 quae
346 2710 412 2755 non
428 2695 640 2756 ascenderint
655 2694 695 2754 ad
710 2694 942 2755 celebrandam
958 2693 1051 2755 festi-

256 2792 392 2854 vitatem
403 2791 789 2853 tabernaculorumNon
800 2792 921 2852 eriteis
932 2790 1049 2859 imber,

256 2888 314 2949 sed
330 2890 443 2963 ruina;
460 2906 477 2947 »
494 2887 589 2964 quasi
606 2887 695 2949 dicat
714 2910 720 2947 :
738 2890 807 2949 Hoc
823 2889 887 2949 erit
905 2890 954 2949 eis
970 2903 1051 2964 pec·

256 2986 378 3057 catum,
392 2988 424 3046 et
438 3001 536 3061 poena
551 2986 690 3063 peccati,
708 2986 763 3060 qui
779 2985 960 3046 noluerunt
972 2984 1050 3046 ani-

256 3100 346 3144 mum
370 3099 528 3160 separare
552 3082 593 3144 ab
617 3099 731 3144 amore
751 3083 995 3160 temporalium,
1018 3084 1052 3145 et

256 3181 613 3257 concupiscentiarum,
635 3180 735 3257 ,quod
770 3180 902 3241 deficiet
931 3173 971 3240 in'
1000 3180 1050 3241 eis

255 3276 364 3340 imber
382 3278 512 3353 gratia,
534 3279 568 3339 et
589 3277 832 3339 benedictionis
856 3277 995 3354 dirinae3
1017 3281 1051 3340 et

256 3373 358 3436 instat
375 3374 475 3435 ruina
495 3375 536 3436 de
557 3376 693 3451 peccato
714 3375 749 3434 in
766 3380 950 3450 peccatum.
966 3393 986 3437 c
1000 3375 1049 3436 Ad

255 3470 488 3534 celebrandam
498 3472 711 3534 festivitatem
721 3471 1048 3544 tabernaculorum»

255 3569 344 3631 idest
358 3570 540 3646 judicando
561 3585 598 3630 se
619 3568 777 3638 advenas,
793 3571 828 3630 et
840 3570 1047 3645 peregrinos,

254 3667 342 3729 sicut
362 3666 441 3728 fecit
458 3667 639 3738 Abraham,
655 3668 870 3741 quatetenus
887 3668 1050 3728 tollerm-

253 3764 475 3825 calaminica
487 3767 571 3834 Hei,
584 3765 618 3824 ct
632 3765 750 3824 Bctbet
764 3762 873 3840 (Gen,
889 3765 937 3834 12,
953 3760 989 3840 8)
1006 3763 1048 3824 ad

255 3859 428 3920 orientem.
465 3861 530 3920 Per
563 3864 645 3931 Hui,
687 3860 773 3936 quod
808 3861 1049 3936 interpretatur

255 3955 340 4027 fons,
357 3957 413 4015 rel
427 3957 555 4026 oculus,
573 3957 779 4031 designatur,
796 3958 882 4033 quod
898 3973 958 4033 per
973 3973 1049 4017 ocu·

255 4053 324 4113 lum
339 4051 496 4113 debemus
515 4053 634 4113 sistere
648 4053 683 4112 in
702 4053 793 4114 fonte
812 4054 1046 4130 lacrimarum,

254 4151 289 4212 et
309 4165 475 4228 apponere
499 4151 614 4210 contra
635 4150 758 4225 gaudia
780 4151 990 4227 temporalia,
1016 4152 1049 4212 et

255 4249 371 4309 contra
396 4247 649 4324 prosperitatem
678 4246 885 4318 defectivam,
913 4247 1046 4323 signifi·

254 4347 362 4406 catam
381 4360 441 4421 per
461 4344 634 4415 orientem,
658 4344 746 4405 unde
767 4346 859 4406 venit
882 4344 941 4405 lux
961 4344 1047 4404 deil-

254 4441 364 4516 ciens;
387 4444 424 4502 ut
443 4443 479 4502 in
501 4441 672 4502 occidente
687 4442 763 4502 vitae
789 4444 911 4502 nostrae
929 4442 1045 4518 quies·

253 4553 367 4597 camus
392 4539 427 4597 in
452 4541 583 4609 Bethct,
608 4538 694 4600 idest
720 4539 755 4599 in
781 4539 877 4600 domo
901 4540 1044 4610 Domini,

255 4633 343 4694 sicut
361 4633 482 4709 legitur
496 4635 636 4696 Levitici
652 4635 715 4713 (23,
737 4638 776 4696 42
791 4635 890 4713 6143)
904 4658 910 4695 :
927 4652 946 4695 c
964 4639 1045 4697 Om-

253 4731 318 4803 nis,
332 4732 390 4808 qui
404 4731 445 4792 de
459 4747 582 4807 genere
596 4733 699 4792 lsrael
714 4734 774 4804 est,
792 4733 938 4794 manebit
951 4734 984 4793 in
1000 4736 1046 4795 ta·

252 4829 443 4890 bernaculis
465 4850 472 4889 :
490 4831 526 4890 ut
544 4829 674 4890 discant
689 4830 814 4905 posteri
826 4830 941 4902 vestri,
959 4832 1045 4907 quod

252 4929 288 4987 in
302 4926 528 4988 tabernaculis
551 4926 703 4987 habitare
726 4928 862 4988 fecerim
884 4928 970 4988 filios
990 4931 1044 4988 ls-

253 5025 336 5098 rael,
353 5041 428 5085 cum
443 5024 617 5085 educerem
633 5040 689 5085 eos
703 5024 743 5084 de
758 5026 847 5084 terra
863 5025 1009 5100 AEgypti.
1027 5043 1045 5084 s

253 5123 290 5182 In
305 5123 420 5184 eodem
435 5122 579 5197 capitulo
596 5120 661 5200 (23,
677 5121 730 5197 10)
745 5142 752 5179 :
769 5137 787 5178 ‹<
804 5121 948 5182 Sumetis
961 5122 1047 5184 fruc·

288 5324 329 5395 (1)
342 5323 469 5381 Esecbia
480 5323 584 5381 rectius
599 5323 690 5392 lsaiae,
705 5322 753 5390 38,
770 5324 813 5390 17,
829 5324 853 5379 1.

683 308 715 368 S.
743 306 919 367 ANTONII
948 303 1135 366 PADUANI
1164 304 1301 365 OPERA
1330 300 1477 363 OMNIA.

1819 306 1868 365 852

1109 464 1163 524 tus
1177 463 1307 524 arboris
1329 458 1574 538 pulcherrima,
1596 461 1800 538 spatulasque
1817 465 1875 539 pal-

1109 574 1250 630 marum,
1265 563 1299 620 et
1313 574 1423 620 ramos
1435 558 1519 634 ligni
1532 558 1709 618 densarum
1722 558 1873 630 frondium,

1109 661 1143 718 et
1157 657 1278 717 salices
1293 656 1334 715 de
1348 657 1508 726 torrente,
1526 658 1560 716 et
1578 654 1771 716 laetabimini
1786 671 1874 716 coram

1110 754 1252 813 Domino
1266 755 1333 812 Deo
1348 757 1471 813 vestro.
1486 769 1504 810 s
1525 752 1694 828 Siquidem
1709 750 1803 810 arbor
1818 753 1875 828 pul·

1110 848 1277 910 cherrima
1296 852 1348 910 est
1370 849 1536 921 Christum
1559 849 1647 909 unde
1664 848 1765 925 (Psal.
1780 850 1870 926 ast:

1110 964 1128 1005 c
1144 947 1320 1023 speciosus
1334 946 1439 1007 forma
1455 961 1523 1023 prae
1539 946 1618 1005 filiis
1633 945 1808 1005 hominum.
1821 949 1870 1005 »lu

1109 1045 1255 1105 canticis
1276 1043 1319 1123 (2,
1340 1042 1397 1122 3);
1418 1060 1436 1103 c
1455 1043 1548 1104 Sicut
1570 1044 1679 1103 malus
1704 1043 1787 1103 inter
1806 1043 1871 1117 ligna

1110 1140 1280 1211 silvarum,
1309 1142 1358 1201 sic
1381 1141 1521 1201 dilectus
1545 1156 1639 1202 meus
1663 1139 1873 1201 interillos.»

1111 1238 1290 1300 subditur:
1307 1255 1325 1297 c
1346 1239 1413 1299 Sub
1428 1236 1544 1298 umbra
1565 1238 1669 1310 illius,
1691 1252 1785 1314 quem
1804 1236 1872 1296 desi-
1926 1264 1927 1319 χ

1109 1336 1315 1407 deraveram,
1333 1336 1404 1396 sedi
1417 1353 1424 1396 :
1439 1339 1472 1398 et
1486 1334 1614 1397 fructus
1625 1339 1700 1411 ejus
1714 1334 1812 1394 dulcis
1823 1338 1876 1409 gui
1926 1324 1927 1415 l

1110 1433 1177 1494 turi
1193 1449 1278 1495 meo.
1294 1451 1313 1492 s
1331 1435 1474 1495 Fructus
1493 1433 1616 1493 Christi
1636 1435 1688 1494 est
1710 1435 1815 1493 nostra
1831 1447 1875 1492 rs-
1926 1434 1927 1509 l

1109 1529 1265 1606 demptio,
1299 1532 1337 1592 et
1370 1533 1505 1591 aeternae
1540 1529 1712 1591 felicitatis
1744 1528 1876 1605 jncundi·

1108 1628 1171 1688 tas.
1192 1629 1232 1689 nt
1251 1643 1311 1704 per
1333 1629 1488 1703 spatum
1506 1634 1707 1701 palmarum
1728 1627 1875 1701 signantur
1926 1620 1927 1685 l

1109 1724 1270 1802 triumphi
1297 1728 1481 1801 martyrum
1508 1741 1515 1785 :
1547 1725 1701 1785 Victores
1738 1725 1874 1800 siquidem

1109 1821 1218 1897 palma
1233 1825 1446 1883 coronantur.
1466 1824 1531 1882 Per
1544 1836 1662 1882 ramos
1680 1825 1764 1897 tiqui
1775 1825 1876 1882 densa

1108 1934 1189 1980 rum
1212 1917 1401 1997 frondium,
1433 1918 1577 1980 diversae
1603 1918 1774 1978 sententia
1793 1932 1875 1976 sacra

1110 2018 1290 2092 scripturae
1320 2016 1564 2091 intelliguntur,
1597 2031 1671 2091 quae
1697 2015 1731 2074 in
1756 2029 1792 2074 ea
1816 2016 1874 2073 sunt

1107 2110 1873 2190 tanquamfrondescondensao3undefpsttptt:

1107 2211 1214 2270 «Vox
1229 2211 1359 2271 Domini
1376 2209 1596 2297 praeparantis
1612 2224 1740 2280 cervos,
1759 2210 1790 2270 et
1802 2222 1876 2267 rere

1107 2306 1190 2367 labit
1211 2308 1389 2379 condensa,
1406 2306 1525 2368 »idest
1545 2307 1594 2368 eis
1615 2306 1781 2367 condensa
1798 2318 1876 2365 rere-

1107 2404 1229 2470 lantur,
1248 2403 1336 2465 idest
1355 2404 1506 2465 obscurae
1526 2404 1704 2464 sententiae
1721 2417 1872 2477 exponun-

1106 2503 1171 2572 tur,
1187 2501 1243 2577 qui
1255 2502 1435 2577 properant
1445 2501 1487 2561 ad
1501 2501 1742 2577 poenitentiam,
1758 2501 1790 2560 ut
1800 2498 1870 2559 cerri

1106 2596 1147 2658 ad
1164 2597 1287 2659 fontem
1306 2599 1431 2672 vivum,
1453 2600 1617 2675 quatenus
1636 2613 1796 2658 uenenum
1812 2608 1873 2672 pera

1106 2696 1183 2766 cati,
1206 2695 1292 2772 quod
1313 2696 1506 2766 hauserant,
1528 2695 1727 2770 extinguant
1748 2695 1778 2754 in
1796 2692 1870 2768 aquis

1106 2807 1210 2852 sacrae
1226 2793 1416 2868 scriptura.
1434 2793 1611 2869 Sequitur:
1635 2794 1709 2852 ‹Et
1723 2791 1828 2851 salices
1839 2788 1871 2847 de

1105 2888 1263 2950 torrente.
1280 2906 1299 2947 s
1319 2888 1413 2949 Salia
1430 2889 1482 2949 est
1500 2887 1601 2948 arbor
1621 2886 1827 2954 infructuosa,
1844 2887 1869 2942 et
1926 2892 1927 2927 l

1106 2985 1258 3061 designat
1281 2986 1359 3046 uiiae
1382 2985 1637 3056 continentiam
1665 2985 1723 3045 sed
1744 2984 1815 3044 licet
1829 2982 1871 3041 in·

1105 3081 1266 3144 fructuosl
1299 3082 1367 3143 sint
1401 3080 1610 3144 continentes
1635 3081 1671 3141 in
1706 3077 1871 3157 generando

1105 3180 1193 3240 illios
1215 3180 1378 3244 carnales.
1400 3183 1478 3241 sunt
1499 3180 1596 3241 valde
1616 3178 1776 3239 fructiferi
1795 3191 1877 3252 geue-
1926 3181 1927 3256 t

1104 3277 1209 3339 rando
1230 3277 1391 3339 virtutum
1413 3291 1533 3354 opera;
1558 3275 1647 3336 unde
1671 3276 1766 3336 lsaiae
1790 3274 1871 3353 (511
1926 3259 1927 3342 l

1104 3377 1138 3436 et
1148 3372 1181 3453 5)
1197 3376 1327 3436 :cilaec
1339 3374 1421 3435 dlclt
1432 3374 1594 3436 Dominus
1605 3373 1784 3434 eunuchis:
1799 3369 1872 3432 babo
1926 3353 1927 3424 1

1103 3470 1197 3534 vobis
1211 3472 1245 3532 in
1256 3472 1353 3532 domo
1364 3487 1448 3543 mea,
1464 3474 1497 3532 at
1509 3471 1544 3531 in
1554 3471 1659 3531 muris
1675 3471 1758 3531 meis
1771 3470 1870 3535 locum,

1104 3570 1137 3630 et
1148 3584 1269 3629 nomen
1282 3568 1403 3629 melius
1418 3583 1437 3628 a
1453 3568 1544 3638 tiliis,
1568 3569 1602 3630 et
1616 3567 1758 3638 filiabus,
1774 3577 1870 3627 nomen
1926 3601 1927 3648 ,

1104 3666 1353 3742 sempiternum,
1369 3665 1456 3742 quod
1471 3681 1538 3726 non
1554 3664 1692 3741 peribit;
1708 3680 1727 3725 s
1741 3663 1825 3742 quasi
1835 3660 1871 3720 di·

1103 3766 1178 3824 cat:
1199 3762 1380 3834 Eunuchis,
1397 3762 1483 3824 idest
1499 3763 1612 3834 castis,
1634 3763 1691 3839 qui
1710 3778 1746 3824 se
1762 3761 1870 3822 casda-

1103 3862 1227 3922 verunt
1247 3862 1384 3936 propter
1404 3873 1542 3934 reguum
1568 3860 1728 3921 coelorum
1747 3855 1865 3937 (naal,

1104 3955 1461 4034 19‚12),dabolocum
1480 3956 1516 4016 m
1536 3955 1633 4017 nomo
1650 3971 1736 4026 msa,
1755 3955 1828 4016 um
1841 3951 1867 4009 u

1103 4054 1264 4124 Ecclesia,
1278 4056 1311 4114 et
1325 4068 1447 4114 nomen
1462 4053 1596 4127 melius,
1612 4054 1699 4130 quod
1713 4051 1798 4113 nulla
1808 4046 1869 4110 obli·
1926 4071 1927 4148 t

1102 4151 1202 4213 vione
1225 4150 1400 4223 delebitur,
1424 4150 1461 4211 ut
1484 4151 1640 4212 dicantur
1665 4153 1773 4227 patres
1789 4143 1869 4223 spiri·
1926 4151 1927 4198 l

1103 4249 1221 4320 tuales,
1235 4263 1302 4309 non
1318 4248 1482 4309 carnales.

1143 4347 1301 4422 Sequitur
1321 4367 1328 4405 :
1350 4346 1526 4420 Proteqar
1548 4346 1586 4405 tn
1609 4345 1797 4405 commeato
1812 4344 1871 4400 ua·

1101 4459 1182 4504 rutro
1202 4445 1368 4514 tuarum
1389 4440 1476 4502 unde
1496 4441 1720 4501 Numerorum
1739 4440 1782 4518 (9,
1801 4437 1830 4497 15
1843 4433 1870 4493 61

1102 4539 1176 4619 16):
1193 4557 1210 4599 «
1226 4540 1331 4614 Igitur
1342 4538 1408 4608 die,
1425 4553 1489 4615 qua
1506 4540 1653 4600 erectum
1669 4540 1723 4600 est
1738 4536 1870 4598 taberna·
1926 4585 1927 4646 ἢ

1101 4636 1223 4706 culum,
1251 4635 1383 4712 operuit
1413 4634 1496 4695 illud
1519 4634 1625 4695 nubes
1649 4650 1710 4710 per
1735 4633 1822 4702 diem,
1841 4625 1868 4686 ef
1926 4647 1927 4700 t

1101 4734 1196 4811 quasi
1211 4733 1300 4807 ignis
1314 4733 1443 4808 species
1457 4746 1517 4807 per
1530 4733 1672 4792 noctem.
1691 4749 1710 4791 s
1724 4729 1868 4790 Taberna·

1101 4831 1211 4891 culum
1226 4829 1358 4890 Domini
1377 4832 1428 4891 est
1446 4827 1606 4899 Ecclesia,
1630 4843 1729 4905 quam
1749 4820 1867 4903 proterit

1101 4931 1188 4988 Deus
1203 4926 1290 4987 nube
1309 4926 1477 5000 refrigerii
1495 4925 1531 4984 in
1546 4925 1673 4986 ardore
1686 4919 1865 4989 tentationis,

1100 5027 1134 5086 et
1152 5025 1187 5084 in
1205 5027 1302 5085 nocto
1318 5022 1445 5099 peccati
1464 5021 1690 5084 lllustratione
1706 5020 1823 5097 gratim
1841 5015 1867 5072 ei

1101 5123 1250 5184 caritatis
1265 5121 1306 5183 ad
1320 5120 1499 5182 tollendam
1512 5120 1669 5197 abyssum
1685 5116 1810 5196 peccati.

1137 5325 1179 5396 (1)
1190 5325 1288 5381 Glossu
1303 5324 1364 5381 ord.
1378 5322 1411 5380 ie
1420 5333 1482 5392 cap.
1495 5323 1509 5378 1
1525 5322 1601 5391 dal,
1616 5337 1642 5378 a.
1660 5321 1703 5378 111.
