3950 6200
261 346 322 406 387
699 350 731 411 S.
755 348 973 419 FRANClsct
999 350 1227 413 esstslsrls
1249 348 1478 415 etruscum.
1819 360 1865 423 itt

264 524 277 554 a
295 503 422 578 Oportet,
436 502 533 573 irater,
555 510 586 561 ut
606 504 772 565 mantellum
789 504 854 575 boc,
872 505 948 579 quod
970 520 1058 579 super
1112 505 1215 564 eedem
1226 521 1298 581 erga
1313 522 1453 581 muperee
1469 514 1563 569 autur
1573 505 1868 583 imminentiam,

260 590 391 651 habitum
414 598 504 664 porto,
530 590 684 651 reddamus
708 594 881 666 pauperculo
911 595 967 663 isti,
991 609 1058 655 narn

258 680 427 753 ipsimest.
450 681 547 739 Mutuo
569 681 645 739 enim
668 680 736 739 illud
764 684 939 755 accepimus,
966 681 1060 745 donoc

264 768 463 840 pauperiorem
480 768 609 825 invenire
627 770 818 843 contingeret.
834 793 846 821 r
862 771 948 831 socio
963 778 1060 835 odwin

260 865 379 928 propter
393 857 484 913 saneti
504 857 597 915 Putris
617 859 817 919 necessitatem
837 860 990 931 resistenti,
1011 861 1060 917 ite

260 961 324 1002 rum
341 945 380 1001 ait
393 962 417 1001 r«
432 947 486 1002 Pro
501 944 576 1003 furto
592 946 661 1003 mibi
674 955 773 1019 reputo
787 964 801 1005 a
815 965 922 1022 magno
936 950 1060 1007 eleemo

260 1036 378 1107 synario
394 1033 595 1105 reputandum,
613 1036 638 1091 sl
654 1034 709 1093 boc
720 1036 796 1108 quod
816 1036 887 1107 tero,
902 1053 959 1096 non
974 1038 1060 1096 dede·

258 1138 293 1183 ro
313 1123 407 1197 magis
421 1123 530 1197 egenti.
549 1143 560 1172 r
578 1125 674 1198 (Bon,
686 1140 712 1183 e.
728 1126 896 1196 malms,-
907 1128 992 1198 Μαι,
1004 1129 1016 1191 l
1030 1143 1057 1202 p.

259 1211 414 1281 Cbros.,l.
431 1213 454 1283 l,
468 1226 495 1271 c.
509 1212 560 1283 36;
574 1213 816 1287 Autoncitatus.)

475 1408 749 1468 APOPHTHEGMA
769 1408 842 1467 xla.

295 1523 445 1594 Sidicinis
459 1524 683 1582 modicensibus
695 1526 871 1596 superfluum
887 1529 1025 1598 nmmum

568 1614 745 1684 lugendum.

296 1728 410 1784 Fratres
431 1729 597 1799 quantoties
619 1728 794 1799 hortabatur,
819 1737 849 1787 ut
877 1729 978 1789 inanes
1000 1727 1058 1789 dis·
1099 1766 1105 1779 ·

259 1812 372 1885 eureus,
387 1823 416 1872 et
431 1818 535 1877 nimias
548 1817 753 1875 sollicitudines
773 1818 801 1874 in
821 1817 1003 1891 acquirendis
1016 1817 1062 1879 vel

260 1904 432 1977 colligendis
443 1905 635 1979 eleemosynis
649 1909 784 1975 vitarent,
799 1914 827 1965 et
841 1906 960 1965 omnino
972 1922 1062 1978 ques·

260 2001 307 2049 tus
321 1993 481 2066 superfluos
496 1993 693 2062 abhorrerent,
708 1994 826 2052 dicens:
842 2017 854 2053 r
870 1996 994 2063 Fratres,
1009 2009 1058 2067 pe·

261 2082 313 2139 tite
328 2089 438 2138 tantum
460 2083 544 2139 victui
566 2090 594 2139 et
614 2083 730 2140 vestitui
750 2074 924 2140 necessaria.
945 2085 1009 2155 Ego
1025 2081 1062 2139 de

262 2185 309 2227 me
326 2168 424 2239 iateor,
441 2176 470 2227 et
484 2172 593 2244 gratias
605 2186 663 2245 ago
677 2175 747 2241 bac,
764 2171 839 2243 quod
852 2185 998 2243 nunquam
1022 2168 1061 2227 ini

262 2258 308 2316 iur
320 2266 370 2315 aut
382 2259 455 2315 latro
468 2259 732 2332 eleemosynarum3
745 2275 859 2332 semper
874 2260 951 2317 enim
967 2260 1062 2319 minus

263 2348 373 2420 accepi,
396 2362 482 2420 quam
504 2364 552 2405 me
575 2354 766 2422 contingeret,
789 2364 825 2405 ne
850 2349 898 2405 alii
921 2363 1062 2421 pauperes

261 2450 313 2493 sna
334 2442 411 2494 sorte
435 2434 648 2508 fraudarentur3
672 2438 738 2509 quia
757 2438 930 2495 contrarium
956 2435 1060 2505 iacere,

262 2539 376 2598 semper
391 2523 495 2583 lurtum
519 2526 659 2597 reputavi.
684 2525 833 2596 ›lPisnn.,
858 2527 895 2594 ΙΙ,
920 2526 1004 2596 Cous.
1029 2525 1061 2595 43

263 2614 376 2687 Pelag„
394 2613 443 2670 lib.
459 2615 496 2681 ΙΙ,
512 2628 575 2686 cap.
592 2613 643 2682 blm
664 2613 779 2681 Ftodul„
795 2615 818 2677 l.
836 2611 884 2671 iol.
900 2614 928 2681 9,
944 2627 1013 2686 pag.
1029 2613 1066 2683 1,·

263 2702 374 2771 Spectet.
391 2701 710 2773 resedissetest).
727 2703 784 2771 ii.)

474 2903 745 2962 trocnadensis
763 2903 851 2961 XLli.

350 3018 562 3092 Eleemosyoom
574 3017 727 3090 aliquando
744 3019 872 3075 oratione
883 3018 974 3090 menis

571 3107 759 3166 meritorium.

178 3257 187 3274 .
301 3224 430 3281 Fratrem
443 3222 556 3280 Petrum
571 3220 758 3290 Cathaneunu
775 3229 844 3281 tuuc
858 3224 988 3284 Fratrum
1003 3221 1061 3295 pri·

264 3311 424 3374 micerium.
449 3311 561 3384 rogavit
580 3318 610 3372 ut
627 3311 695 3370 anui
713 3309 839 3380 cuidam,
863 3310 984 3370 duorum
1003 3307 1059 3370 ire·

265 3407 340 3456 trum
349 3401 491 3458 llinorum
502 3398 596 3468 matri,
607 3400 819 3473 eleemosynam
829 3396 1063 3472 noseredinum

1111 594 1160 655 tib.
1177 597 1200 664 l,
1217 596 1299 666 Gaul.
1312 596 1352 667 b.)

1313 736 1588 795 tenebremus
1606 738 1702 797 xciv.

1129 852 1296 907 Sanctorum
1309 851 1476 922 {edidistis
1495 868 1553 909 sorr
1570 854 1711 922 maniciis,
1727 855 1770 911 sed
1780 871 1859 913 sur·

1331 941 1488 997 inritatione
1498 941 1686 998 alebrandus.

1147 1053 1192 1111 Ad
1215 1052 1369 1115 adventum
1392 1054 1542 1131 cujusdem
1565 1056 1743 1128 provincialis
1765 1058 1870 1125 ministri,

1113 1140 1213 1199 iratres
1230 1144 1258 1199 in
1276 1151 1419 1200 conventu
1440 1144 1559 1202 licutino
1578 1145 1660 1201 solito
1675 1145 1769 1201 melius
1782 1160 1873 1203 mensas

1112 1238 1256 1303 parantes,
1279 1239 1307 1288 et
1321 1231 1400 1289 cibos
1420 1233 1566 1304 aliquanto
1581 1231 1872 1291 abundantioreslnd'e

1112 1320 1273 1379 Natiuitatis
1284 1318 1387 1378 Christi
1400 1327 1588 1393 apponentes,
1602 1320 1703 1381 acriter
1713 1319 1872 1393 mpmnordt

1113 1406 1229 1465 dicans:
1247 1429 1259 1459 r
1275 1411 1307 1466 ln
1319 1407 1365 1466 die
1380 1408 1514 1481 pauperis
1523 1409 1637 1473 Chusti.
1650 1423 1667 1465 a
1680 1409 1872 1482 paupertatede·

1113 1496 1217 1553 vietis?
1241 1497 1414 1554 Mementote
1440 1495 1517 1569 quod
1543 1495 1630 1554 bodie
1648 1496 1728 1555 besu
1748 1497 1825 1570 Virgo
1839 1496 1873 1554 tir

1114 1583 1212 1641 babuit
1233 1600 1337 1658 paoem
1358 1584 1657 1655 admanducandum,
1677 1594 1706 1643 et
1722 1584 1810 1643 mundi
1827 1587 1870 1643 lla

1114 1673 1210 1730 minus
1220 1688 1272 1745 pro
1285 1673 1466 1743 incunabilis,
1480 1674 1649 1733 animalium
1660 1672 1755 1733 babuit
1764 1686 1873 1745 recepe

1114 1764 1272 1834 Pauperem
1294 1764 1408 1820 Patr-ern
1429 1763 1594 1832 imitamini,
1612 1762 1751 1835 vagientis
1770 1759 1874 1820 iniantri

1114 1850 1314 1908 recordamini.
1327 1871 1340 1903 r
1352 1851 1475 1925 (Pisum,
1485 1851 1534 1911 lib.
1547 1853 1585 1920 ll,
1598 1850 1709 1923 Genti
1720 1848 1873 1921 et738pscsl.

1117 1939 1187 1996 Vite
1201 1939 1360 2008 Francisci,
1375 1954 1439 2013 cap.
1457 1938 1514 2013 19.)

1320 2099 1594 2159 APOPHTHEGMA
1613 2100 1700 2159 XLV.

1162 2213 1297 2284 Magnum
1309 2229 1366 2273 esse
1377 2215 1544 2273 succorum
1554 2214 1716 2286 imperium,
1724 2213 1844 2284 relipioris

1193 2302 1293 2373 populi
1305 2302 1458 2361 tumultum
1471 2318 1529 2363 etse
1537 2302 1659 2360 sollicite
1672 2303 1815 2360 edendum.

1149 2426 1261 2485 biortuo
1289 2425 1374 2487 brata
1400 2426 1485 2483 Petro
1514 2425 1672 2497 cumeneo,
1699 2441 1762 2487 curu
1788 2430 1875 2497 propter

1115 2513 1176 2585 eius
1190 2514 1369 2575 sodalitatem
1384 2512 1522 2575 etsrebra
1545 2514 1684 2573 miracula
1699 2512 1875 2573 mensurata

1116 2601 1238 2661 ecclesia
1263 2602 1375 2663 Sancte
1388 2602 1486 2663 llario
1499 2600 1672 2676 delegetis
1686 2601 1791 2674 adeius
1800 2599 1873 2673 septi·

1114 2689 1226 2758 chrum,
1247 2704 1303 2747 non
1323 2690 1387 2751 sina
1410 2692 1540 2753 Fratrum
1554 2689 1747 2761 incommodo,
1761 2684 1878 2760 etprictis

1115 2779 1277 2850 silentiique
1297 2779 1450 2836 monastici
1470 2778 1659 2849 detrimento,
1669 2778 1788 2851 undique
1804 2771 1877 2848 popuii

1115 2866 1302 2937 confluerent,
1326 2866 1364 2925 ad
1385 2867 1449 2940 ejus
1473 2868 1615 2931 tumulum
1644 2865 1779 2927 accedent
1802 2863 1878 2921 benus

1116 2957 1209 3025 Pater,
1232 2964 1262 3013 et
1282 2969 1368 3027 snper
1386 2957 1465 3014 illum
1484 2963 1573 3025 stans,
1591 2957 1635 3012 ait
1650 2972 1656 3011 :
1674 2977 1685 3006 r
1703 2957 1793 3013 Frater
1808 2954 1878 3013 rere,
1919 3000 1920 3005 ,

1116 3043 1163 3116 qui
1182 3044 1252 3101 mibi
1270 3043 1299 3101 in
1322 3043 1378 3102 rita
1404 3044 1651 3119 promptissimam
1672 3041 1814 3119 prestitisti
1827 3036 1877 3093 obe·

1116 3131 1264 3204 dientiam,
1282 3134 1311 3188 in
1335 3140 1427 3189 morte
1448 3131 1555 3190 humile
1571 3147 1630 3191 non
1651 3130 1800 3206 denegabis
1814 3127 1877 3184 obse

1116 3221 1223 3296 quium.
1239 3221 1357 3296 Propter
1371 3228 1399 3278 te
1413 3220 1531 3278 fratrum
1554 3228 1672 3282 tuorum
1686 3220 1808 3294 religiosa
1817 3213 1879 3290 nuit

1116 3309 1304 3383 perturbatur,
1321 3307 1389 3366 dum
1405 3315 1474 3366 atot
1497 3310 1645 3381 tantisque
1664 3308 1772 3383 populis
1792 3302 1879 3362 delius

1116 3397 1208 3455 honor
1225 3404 1274 3455 tuo
1288 3398 1399 3469 corpori
1414 3396 1573 3454 exhibetur.
1593 3400 1651 3455 Per
1663 3405 1786 3455 sanctam
1800 3391 1881 3450 tibiis·

264 3494 409 3561 erogaret.
441 3489 503 3558 Quo
529 3485 729 3562 respondente,
762 3486 833 3546 nibil
852 3486 950 3548 domui
974 3486 1063 3550 tuisne
1112 3485 1205 3558 lango
1228 3484 1432 3552 obedientiam,
1460 3499 1497 3541 ne
1517 3485 1597 3558 plura
1613 3484 1750 3559 deinceps
1763 3485 1880 3557 perpetres

267 3574 344 3647 quod
357 3576 473 3648 elargiri
492 3577 639 3647 potuisset,
656 3574 808 3646 solumque
822 3576 851 3630 in
872 3575 995 3632 ecclesis
1009 3574 1062 3632 ba·
1117 3573 1264 3642 miracula,
1280 3587 1317 3630 ne
1335 3573 1410 3645 quod
1423 3574 1452 3629 iu
1468 3574 1520 3630 Dei
1537 3580 1567 3630 et
1580 3581 1745 3631 sanctorum
1765 3569 1884 3628 ordrtttr

267 3662 364 3720 baisse
388 3665 601 3721 Testamentum
626 3677 743 3732 novum,
758 3663 788 3726 ln
807 3678 863 3734 quo
884 3661 985 3724 [rames
1004 3664 1061 3722 leo»
1117 3661 1265 3729 bonorem,
1282 3662 1310 3717 lu
1325 3660 1411 3733 bolus
1431 3661 1574 3735 religiose
1589 3660 1720 3719 aediculae
1735 3653 1885 3717 maniiestlut

268 3751 363 3809 tiones
385 3757 541 3807 nocturnas
559 3749 738 3808 recitabant:
766 3753 847 3819 «Da,
873 3752 972 3823 inquit,
998 3749 1065 3808 huic
1117 3756 1219 3823 vergat
1245 3748 1462 3807 detrimentum.
1486 3770 1498 3800 ι
1520 3750 1652 3808 Mirabile
1679 3748 1766 3807 dictul
1794 3743 1884 3804 nudus

268 3845 373 3896 nostrae
388 3837 471 3914 matri
487 3839 537 3910 lita
554 3837 631 3898 enirn
648 3836 766 3898 iratrnm
788 3838 943 3912 genitrices
965 3839 1062 3913 appel·
1118 3845 1215 3911 postea
1231 3837 1382 3895 defunctus
1396 3836 1462 3894 tecit
1483 3838 1666 3907 miraculum,
1691 3851 1743 3895 nec
1755 3832 1838 3909 popul
1848 3835 1881 3884 il·

267 3923 357 3997 labat)
373 3925 475 3982 librum
493 3925 582 3995 illum,
599 3933 629 3982 nt
647 3926 726 3986 illum
745 3924 852 3983 vendat
865 3942 916 3999 pro
938 3942 990 3984 sua
1012 3942 1062 3988 ne·
1117 3924 1481 3998 multusampliusrenitad
1492 3917 1882 3999 sepulchrum.(r²tsrn.,lb.l

269 4014 403 4072 cessitate
414 4012 581 4084 relevanda,
596 4011 681 4071 credo
695 4014 772 4070 enim
789 4013 914 4082 tirmiter,
929 4014 992 4086 pius
1006 4017 1066 4072 Deo
1119 4016 1200 4086 cons.
1225 4015 1253 4083 8,
1277 4020 1359 4071 tract.
1383 4013 1419 4070 de
1443 4014 1597 4070 Provincia
1621 4017 1650 4073 S.
1675 4017 1771 4072 Frane
1789 4010 1822 4067 de
1835 4006 1882 4062 loeo

269 4109 299 4160 et
321 4102 412 4159 beate
435 4102 547 4174 Virgini
569 4101 748 4174 placiturum,
774 4101 876 4158 librum
899 4100 977 4158 bunc
1000 4102 1067 4161 hnic
1120 4102 1237 4172 Assisii3
1253 4101 1535 4175 Gonsaga,de0rip.
1552 4106 1743 4174 etpropnpnt.
1758 4092 1885 4168 emptio

271 4191 389 4265 pauperi
410 4204 541 4264 erogare,
563 4203 660 4261 qnam,
677 4196 706 4247 ut
726 4190 754 4246 ln
769 4204 806 4246 eo
824 4189 966 4263 legamus,
986 4191 1066 4248 illum
1119 4191 1220 4262 liclip,
1234 4197 1306 4263 part.
1319 4192 1356 4260 il,
1365 4191 1395 4246 in
1409 4197 1490 4247 tract.
1501 4189 1538 4247 de
1549 4189 1652 4247 eadem
1662 4188 1813 4256 Provincia,
1826 4189 1849 4239 et
1857 4177 1884 4234 de

271 4279 355 4337 nobis
367 4294 524 4342 reservare.
539 4278 679 4352 »terram
690 4277 811 4349 ibidem3
821 4278 958 4349 ilar.,ubi
968 4293 1066 4358 supra,
1119 4276 1220 4335 eodem
1233 4275 1408 4350 Conventa.)

272 4381 339 4441 ⁰⁶¹³·
354 4369 413 4441 ³⁷³
1312 4420 1590 4484 arorarancua
1613 4421 1714 4482 xuvr.

471 4511 745 4586 tenebraberis
762 4519 865 4582 titul.
1208 4536 1249 4591 De
1261 4534 1492 4592 immorabilitnie
1504 4539 1532 4592 et
1549 4536 1677 4607 lediots
1689 4530 1821 4591 morib.

274 4634 392 4703 Propter
406 4633 496 4689 Dotem
508 4634 603 4702 potius
618 4647 702 4703 ntem
711 4638 829 4704 mitid*
846 4632 983 4689 mnodum
997 4632 1069 4690 m
1154 4659 1243 4716 Beato
1257 4657 1335 4716 irstri
1351 4656 1477 4730 AEgidio,
1498 4658 1582 4715 tertio
1601 4660 1632 4715 Β.
1649 4657 1742 4715 Patris
1763 4651 1840 4718 socio,
1851 4645 1884 4702 il·

551 4719 789 4790 mmm
1122 4748 1279 4819 terrognnti
1305 4759 1343 4804 an
1370 4745 1476 4817 abnuid
1502 4746 1532 4804 in
1557 4745 1666 4804 mundo
1692 4744 1763 4808 sdeo
1788 4732 1886 4830 terribile

310 4836 343 4892 ln
358 4847 418 4889 sne
438 4831 634 4888 conversionis
652 4831 743 4900 initio,
759 4846 817 4894 non
831 4832 961 4906 deposito
975 4832 1069 4894 adbuc
1122 4841 1208 4903 esset,
1223 4832 1298 4907 quod
1313 4833 1375 4906 eius
1386 4842 1533 4905 aspectum
1549 4833 1622 4890 terre
1633 4848 1692 4890 non
1708 4825 1886 4906 possetalinutt

276 4921 374 4979 babitu
389 4920 530 4988 seculari,
546 4918 671 4991 seipsum
686 4933 826 4978 accusans
840 4921 915 4992 quod
928 4935 998 4994 erga
1015 4921 1067 4984 bo·
1122 4930 1200 4981 tanto
1211 4922 1348 4995 temporis
1358 4922 1518 4991 intervallo,
1534 4929 1641 4994 quanto
1656 4920 1826 4980 Dominlcarn
1835 4912 1886 4970 Ort·

275 5011 369 5066 mines
384 5014 498 5080 propter
518 5005 617 5063 mundi
633 5006 756 5079 gloriam
774 5005 987 5064 liberalissimus
1006 5005 1067 5065 iue-
1122 5012 1230 5072 bouem
1244 5017 1340 5083 pesset
1355 5011 1486 5081 recitare,
1500 5008 1647 5083 respondit
1662 5027 1672 5068 2
1690 5031 1702 5061 r
1718 5008 1794 5067 Adeo
1807 4997 1885 5062 intole-

276 5096 321 5164 rit,
332 5102 362 5153 et
376 5094 494 5151 tirmiter
507 5108 678 5167 proponens,
693 5094 717 5150 si
730 5093 859 5165 quesibi
872 5094 1068 5165 remanebant,
1122 5098 1221 5158 rabilis
1233 5107 1277 5160 est
1293 5098 1433 5160 demonis
1447 5106 1580 5172 aspectus
1594 5097 1666 5170 (quo
1684 5096 1755 5156 nibil
1764 5085 1889 5152 terribilitt

275 5185 304 5240 in
333 5197 490 5257 pauperum
511 5198 584 5239 usas
608 5181 745 5254 deinceps
764 5180 974 5253 dispersurum,
1004 5183 1067 5240 ait:
1123 5186 1349 5250 antiniaetiusin
1366 5186 1472 5252 mundo
1486 5186 1643 5259 excogitari
1654 5183 1758 5258 potest)
1771 5176 1889 5270 quodibi

278 5297 288 5320 ι
306 5274 359 5342 (bri
376 5273 521 5343 bucusque
536 5285 594 5327 non
613 5271 740 5343 pepercit
756 5271 892 5342 sumptui,
913 5276 942 5327 et
954 5271 1070 5328 curialis
1123 5276 1263 5336 tantillum
1273 5277 1409 5347 temporie
1421 5275 1637 5336 compunctum
1648 5261 1888 5345 qumpprmvnlebrt.

275 5361 327 5418 luit
341 5374 410 5434 erga
426 5360 534 5416 amicos
554 5367 668 5431 propter
681 5357 780 5416 mundi
802 5359 916 5415 inanem
936 5359 1069 5432 gloriam,
1123 5362 1372 5426 nisidiriuoiuarit
1383 5364 1538 5424 illustratus
1548 5360 1692 5434 presidio.
1705 5348 1888 5430 »liband-13

275 5458 303 5507 et
332 5449 459 5510 levorem
484 5447 692 5516 transitorium,
725 5462 837 5519 equum
864 5453 907 5505 est
932 5453 964 5505 ut
985 5446 1070 5506 modo
1124 5449 1206 5520 dces.
1223 5451 1249 5517 7,
1265 5449 1355 5518 stit,
1375 5448 1403 5504 in
1425 5448 1527 5521 princ.;
1551 5444 1762 5512 undulttbtl,
1780 5428 1888 5499 tractdt

276 5545 389 5614 propter
411 5540 512 5604 Deum,
538 5536 585 5608 qui
609 5535 825 5598 liberalissimus
845 5544 888 5594 est
907 5534 1068 5608 retributor,
1124 5538 1207 5596 Oror.
1224 5536 1256 5592 F.
1269 5535 1389 5607 Fruar.)
