3950 6200
154 294 215 357 eut

153 451 274 515 mento.
290 429 327 512 ln
341 450 559 513 tabernaculo
571 451 663 512 enim·
681 451 812 513 Domini
834 451 875 512 ab
891 451 943 512 al-

153 549 218 611 tari
238 549 508 611 holocaustorum
519 563 578 624 per
590 549 697 610 altare
717 548 943 626 thymiamatis

151 647 251 708 fiebat
271 662 448 722 processus
462 646 502 707 ad
527 661 641 707 arcam
661 648 877 708 Testamenti.
895 648 943 709 lta

150 743 180 804 si
194 745 231 803 tn
244 743 294 803 vis
313 742 431 803 venire
448 743 488 804 ad
510 758 621 803 arcam
646 744 780 805 aeternae
800 743 945 804 beatitu-

41 835 43 844 ’
148 839 944 916 dinis,oportetteincipereamaceratiouecar-

149 937 214 1006 nis,
228 953 326 1014 quam
342 940 409 1000 Deo
433 937 567 1008 offeras,
581 940 614 1002 et
628 938 795 1000 mediante
817 939 944 1000 oratin-

144 1035 201 1095 nis
215 1034 393 1106 sacrificiu,
408 1034 471 1095 erit
483 1034 544 1095 tibi
566 1050 720 1096 accessus
735 1035 777 1096 ad
791 1051 866 1097 earn
881 1033 941 1114 (1).

408 1302 549 1364 santio
570 1302 687 1363 XLIII.

179 1451 221 1507 lte
244 1449 345 1521 triplici
365 1448 519 1518 obtutibus,
539 1449 648 1508 scilicet
667 1448 761 1519 lactei,
781 1449 857 1518 lecti,
878 1456 908 1507 et

297 1552 410 1608 manus,
431 1553 496 1611 que
515 1537 547 1595 tit
565 1537 594 1595 iu
613 1539 788 1611 poenitentls.

163 1673 301 1734 Lavabo
324 1672 641 1847 totcr(tanoccntes
660 1687 787 1735 mortus
805 1687 912 1735 maus.

435 1769 523 1830 Psal.
546 1770 596 1841 25,
619 1767 667 1850 6.)

181 1911 313 1973 Lauare
337 1911 495 1973 debemus
507 1912 638 1980 taciem,
659 1913 792 1985 lactum,
811 1914 846 1975 et
863 1928 939 1974 ma-

144 2011 279 2070 busita
305 2009 435 2085 primo:
461 2014 552 2087 Uaga
572 2010 675 2084 capot
697 2011 807 2084 tuum,
829 2012 863 2071 et
880 2014 938 2085 so-

142 2110 227 2169 ctcm
242 2109 343 2168 tuam
365 2112 445 2168 mco
469 2104 528 2185 (2).
547 2109 594 2167 Ite
616 2107 762 2170 secundo
779 2128 787 2166 ε
803 2111 940 2169 Lavabo

140 2208 375 2281 persingulas
396 2205 513 2265 noctes
529 2206 654 2266 lectuna
678 2219 795 2265 mcum
816 2202 875 2283 (3).
893 2207 939 2265 De

41 2319 42 2326 ¹
140 2301 238 2363 tortio
254 2302 332 2362 liic:
347 2304 485 2363 Lavabo
496 2302 590 2363 tator
601 2302 799 2364 innocentes
813 2317 939 2364 munros

141 2412 246 2460 meos.
273 2400 355 2459 Haec
383 2401 461 2459 sunt
485 2398 544 2458 illa
565 2398 632 2460 tria
660 2398 836 2470 lavatoria,
864 2415 938 2475 quae

41 2541 42 2548 ι
101 2482 106 2486 ’
141 2496 288 2557 arentin
302 2495 532 2569 tabernaculo,
547 2495 703 2556 videlicet
717 2511 803 2572 aqua
817 2495 939 2557 lustra-

140 2592 250 2665 tionis,
262 2592 336 2654 sive
349 2592 562 2669 expiationis,
575 2594 667 2653 Mare
680 2608 820 2664 aeneum,
834 2595 868 2655 et
878 2596 938 2654 Lu·

41 2753 42 2780 ,
141 2692 235 2751 teres.
249 2692 290 2751 In
301 2689 354 2750 his
364 2691 480 2751 lavare
492 2689 788 2760 debemnssaciem,
803 2691 934 2763 lectum,

41 2817 43 2862 q
140 2789 170 2848 et
180 2803 315 2848 manus.
329 2787 367 2847 In
383 2787 478 2864 aquis
494 2786 697 2864 expiationis
715 2787 872 2849 dehemus
885 2788 937 2849 la-

139 2899 215 2947 vare
237 2884 378 2955 faciem,
395 2885 577 2946 secundum
600 2884 682 2945 illud
705 2885 792 2961 quod
814 2886 937 2962 legitur

139 2982 355 3043 inNumeris.
365 2982 527 3054 Quoniam
543 2982 573 3042 si
588 2983 662 3059 quis
675 2983 840 3059 tetigisset
851 2998 937 3044 mor-

140 3078 230 3142 tuum
245 3094 311 3156 ρει
325 3095 372 3151 se,
389 3080 442 3142 vel
459 3079 618 3154 occisum,
634 3080 692 3143 ant
707 3095 744 3143 os
761 3079 864 3153 illius,
881 3080 935 3143 vel

41 3192 42 3197 ’
139 3179 344 3253 sepulcrum,
360 3176 511 3238 sumebat
527 3193 632 3254 aquas
649 3177 755 3249 vivas,
772 3180 805 3239 et
819 3193 937 3254 asper·

138 3271 233 3347 gebat
248 3286 353 3348 super
367 3271 510 3343 cineres,
527 3274 561 3332 et
576 3271 625 3332 sic
637 3272 762 3333 axillis
774 3288 936 3349 asperges

138 3366 245 3440 batur,
262 3369 298 3429 et
317 3367 550 3430 mundabatur.
564 3370 732 3429 Mortuum
754 3385 814 3445 per
828 3385 865 3431 se
884 3371 935 3431 est

138 3466 262 3543 abquis
278 3481 420 3542 peccans
434 3481 494 3542 per
523 3481 571 3538 se,
588 3482 655 3527 non
674 3481 734 3543 per
748 3468 936 3542 suggestio·

41 3600 42 3603 =
138 3563 394 3629 nemioocisum
409 3563 462 3624 est
476 3563 598 3641 aliquIs
613 3578 755 3640 peccans
770 3580 831 3641 per
849 3580 933 3640 sug-

138 3661 334 3735 gestionem,
361 3660 415 3722 vel
437 3661 626 3736 exemplum
656 3661 807 3722 alterins.
831 3663 874 3722 Os
897 3661 934 3721 in

138 3759 290 3834 sepulcre
305 3759 356 3818 est
370 3759 498 3832 peccati
513 3758 704 3819 occultatio.
721 3758 930 3835 Sepulcrum,

42 3894 43 3897 =
138 3853 204 3917 sive
214 3853 305 3916 ossis
314 3855 477 3916 extractio
491 3857 541 3916 est
553 3856 681 3932 peccati
694 3855 931 3917 manifestatio.

137 3952 183 4011 Tu
198 3968 294 4028 erge,
312 3952 340 4012 si
358 3952 418 4014 tali
438 3954 574 4028 peccato
589 3952 732 4015 iniectus
754 3953 868 4023 tueris,
886 3952 932 4013 ita

137 4049 291 4109 mundari
312 4049 449 4125 poteris,
467 4049 597 4110 scilicet
615 4050 643 4109 si
666 4049 817 4125 accipias
828 4065 932 4126 aquas

136 4145 240 4218 rivas,
258 4145 389 4207 scilicet
409 4145 577 4222 lacrymas
591 4142 681 4207 verae
708 4146 931 4219 contritionis,

136 4255 207 4302 cum
230 4241 401 4303 cineribus
425 4242 548 4314 tamen,
575 4243 662 4305 idest
682 4243 844 4304 memoria
866 4243 931 4304 do·

136 4338 267 4400 minicae
296 4338 475 4415 passionis.
502 4339 595 4400 Nihil
623 4342 712 4401 enim
743 4343 853 4402 movet
884 4340 932 4400 ita

137 4433 361 4505 hominemad
387 4452 503 4497 veram
518 4437 764 4510 contritionem,
781 4440 815 4499 et
829 4437 933 4514 poeni·

134 4532 284 4601 tentiam,
308 4532 396 4595 sicut
418 4534 580 4603 memoria
605 4533 771 4610 passionis
790 4534 928 4597 domini.

41 4682 43 4691 ,,
135 4629 194 4699 His
207 4630 401 4705 assumptis,
422 4629 591 4691 lavabitur
608 4630 716 4692 iacies
728 4631 849 4692 mentis
869 4630 930 4692 de-

135 4726 288 4800 formata,
302 4729 336 4788 et
347 4726 470 4797 inlecta
483 4743 541 4804 per
553 4730 736 4804 peecatum.
842 4796 846 4803 ,

173 4824 212 4884 In
226 4823 317 4887 Mari
329 4838 434 4893 aeneo,
446 4823 533 4886 idest
546 4823 581 4884 in
597 4822 808 4885 consessione
824 4823 929 4885 debe·

135 4934 209 4981 mus
226 4921 349 4982 lectum
364 4921 479 4983 lavare
497 4921 734 4995 conscientiae„
748 4922 929 4999 secundnm

169 5130 270 5199 (libis
296 5132 325 5190 S.
350 5132 523 5205 Aug.,t.11,
546 5140 646 5205 quaest.
668 5133 697 5190 in
725 5130 770 5191 lle
789 5132 929 5201 tataucb,

135 5214 181 5271 qu.
194 5204 256 5272 ill,
273 5204 309 5259 al.
325 5202 396 5272 tri,
411 5202 447 5260 de
466 5203 601 5274 Tubero,
620 5210 699 5262 etex
778 5218 805 5275 a,
818 5203 853 5261 de
872 5205 926 5261 l'a·

135 5267 228 5341 bern,
243 5272 262 5328 l.
276 5275 314 5340 ll,
329 5286 394 5345 cap.
412 5274 437 5331 l.

169 5342 212 5412 (Ξ)
228 5343 327 5401 llattb.
342 5342 370 5414 b,
386 5344 428 5400 ll.

532 292 641 356 PnRs
668 293 814 354 PRIMA.
830 322 871 338 -
889 291 1108 354 uxPuslulo
1137 293 1182 353 IN
1214 292 1418 354 PSALMOS.
1457 295 1459 302 ’

1731 295 1794 356 ,682

1000 450 1083 511 illud
1100 450 1256 513 :Lavabo
1282 451 1511 530 persingulas
1535 453 1649 514 noctes
1672 452 1794 514 lectum

999 564 1118 609 meum.
1137 550 1199 610 Sed
1215 565 1319 626 quare
1334 565 1393 626 per
1408 565 1500 610 mare
1521 565 1652 611 aeneum
1668 550 1794 611 intelli-

998 646 1089 720 gitur
1113 647 1299 707 cousessict
1323 646 1487 708 Debemus
1514 648 1684 709 attendere
1707 648 1793 724 quod

998 758 1090 803 mare
1112 759 1240 804 aeneum
1268 744 1449 805 vocabatur
1474 755 1584 816 boare,
1603 761 1664 806 nec
1682 749 1793 806 tamen

998 838 1790 918 habebatamarasaqnas.n0menhabensmaria,

998 952 1065 997 non
1090 938 1312 999 existentiam.
1326 941 1364 1000 Et
1388 955 1518 1000 aeneum
1545 942 1686 1001 eratin
1714 941 1791 1001 aeris

998 1035 1181 1096 sonoritate
1205 1035 1369 1097 consessio
1394 1036 1598 1112 designatur,
1619 1035 1792 1114 quaelicet

997 1147 1112 1193 amara
1139 1147 1213 1193 esse
1239 1133 1392 1194 videatur
1412 1150 1471 1210 per
1496 1133 1661 1207 ruborem,
1683 1136 1716 1195 et
1739 1134 1791 1196 la-

997 1244 1128 1305 crymas
1166 1229 1349 1292 defluentes
1383 1231 1542 1302 exterius,
1581 1232 1790 1294 dulcedinem

996 1328 1108 1388 amen
1123 1327 1305 1389 serinItatis
1321 1330 1533 1391 conscientiae
1548 1331 1687 1404 generat
1701 1330 1790 1391 inte-

997 1424 1079 1483 rius.
1094 1427 1165 1485 Hoc
1179 1440 1271 1486 mare
1291 1425 1435 1487 habebat
1450 1425 1575 1486 labium
1591 1426 1631 1487 ad
1657 1427 1789 1488 modum

996 1521 1123 1595 calicis,
1138 1522 1234 1598 quasi
1249 1524 1389 1599 expansi
1402 1524 1562 1585 exterius.
1572 1527 1600 1585 A
1612 1523 1701 1584 labio
1715 1539 1790 1600 gus-

995 1620 1086 1680 tatur
1098 1620 1199 1682 calix.
1214 1620 1309 1682 Calin
1323 1636 1403 1696 ergo
1421 1623 1471 1682 est
1483 1623 1599 1697 gustus
1614 1621 1789 1683 dominicae

995 1717 1173 1794 passionis,
1197 1717 1238 1778 de
1262 1734 1326 1795 quo
1349 1718 1493 1779 dicitur:
1511 1720 1675 1781 Transeat
1694 1734 1714 1780 a
1737 1734 1790 1780 me

995 1813 1086 1874 calix
1099 1815 1163 1882 iste
1174 1813 1233 1893 (4),
1250 1815 1419 1892 qui-debet
1433 1816 1572 1892 gustari,
1590 1818 1623 1878 et
1635 1816 1670 1876 in
1681 1817 1791 1877 omni·

994 1909 1056 1971 bus
1075 1911 1232 1972 membris
1247 1912 1404 1986 diffund13
1423 1914 1459 1974 ut
1478 1914 1566 1974 sicut
1581 1914 1615 1973 in
1635 1913 1789 1974 omnibus

994 2007 1151 2069 membris
1171 2009 1321 2070 mortuus
1333 2012 1384 2072 est
1402 2009 1565 2082 Christus,
1582 2011 1630 2071 sic
1646 2009 1789 2088 innubis

994 2106 1158 2167 moriatur
1171 2121 1269 2166 omne
1286 2122 1406 2183 corpus
1420 2109 1558 2183 peccati,
1573 2112 1606 2170 et
1625 2110 1673 2169 sic
1685 2107 1790 2168 habe-

993 2201 1108 2288 bimus·
1117 2202 1242 2263 labium
1259 2204 1352 2280 quasi
1369 2203 1506 2280 repandi
1520 2205 1585 2264 lilii
1594 2204 1642 2282 (5)
1651 2220 1711 2280 per
1724 2220 1789 2265 me-

994 2298 1188 2361 ditationem
1202 2300 1377 2362 dominicae
1389 2302 1658 2362 resurrectionis.
1671 2304 1707 2361 ln
1723 2302 1788 2363 hoc

993 2396 1128 2458 lavacro
1150 2397 1282 2458 lavatur
1305 2398 1426 2470 lectus,
1453 2399 1541 2459 sicut
1566 2398 1690 2460 dictum
1724 2399 1785 2470 est,

993 2493 1101 2554 eundo
1114 2509 1174 2570 per
1186 2495 1336 2570 singulas
1348 2497 1474 2570 noctes,
1488 2495 1574 2557 idest
1585 2510 1644 2571 per
1654 2494 1787 2569 singula

993 2593 1145 2667 peccata,
1161 2606 1201 2652 aa
1226 2591 1424 2653 confitendo.
1451 2592 1531 2653 inde
1555 2594 1617 2664 est,
1641 2592 1727 2668 quod
1751 2592 1787 2652 in
1851 2646 1857 2654 ,

992 2687 1050 2748 illo
1073 2689 1208 2750 lavacro
1239 2688 1434 2751 dicebantur
1468 2705 1542 2750 esse
1571 2689 1635 2749 duo
1669 2704 1787 2751 versus

992 2785 1788 2863 sculptarumbistoriarum.Historiaplenerem
1865 2867 1875 2872 ³

992 2885 1119 2955 narrat,
1133 2887 1167 2945 et
1192 2873 1420 2961 prosequitnr;
1441 2900 1504 2945 nec
1526 2873 1649 2944 sufficit
1663 2885 1695 2945 ei
1716 2900 1787 2944 reru

992 2979 1161 3057 prosequi,
1182 2980 1248 3040 nisi
1262 2981 1358 3041 atrei
1380 2980 1656 3042 circumstantias
1671 2995 1788 3056 prose-
1841 3047 1844 3056 ,

992 3080 1123 3154 quatur,
1149 3077 1306 3140 videlicet
1320 3094 1385 3156 quo
1401 3079 1487 3151 loco,
1511 3093 1575 3156 quo
1596 3078 1787 3155 modoque

990 3176 1140 3252 tempore
1163 3191 1218 3237 res
1244 3175 1332 3237 lacta
1354 3175 1465 3237 tuerit.
1484 3177 1540 3237 Sic
1564 3179 1597 3237 et
1619 3176 1785 3236 confessio

990 3288 1056 3333 non
1073 3272 1179 3333 solum
1195 3276 1378 3348 peccatum,
1396 3273 1453 3333 scd
1469 3273 1502 3333 et
1516 3273 1785 3333 circumstantias

990 3368 1181 3430 manifestat
1205 3369 1315 3444 plene,
1338 3373 1372 3430 et
1393 3369 1492 3440 nude,
1515 3370 1602 3430 sicut
1624 3369 1786 3430 historio·

989 3464 1147 3542 graphas.
1162 3468 1201 3526 nt
1215 3464 1299 3527 bene
1315 3466 1380 3527 dno
1395 3480 1513 3527 versus
1527 3481 1601 3526 esse
1615 3466 1782 3538 dicuntur,

989 3562 1067 3639 quia
1082 3563 1115 3623 et
1133 3562 1220 3622 mala
1240 3564 1429 3639 perpetrata
1451 3562 1618 3639 patefacit,
1636 3567 1669 3624 et
1683 3562 1783 3637 bona,

989 3675 1062 3737 quae
1073 3660 1281 3734 negligenter
1294 3659 1431 3733 dimisit,
1442 3659 1553 3721 dicere
1569 3675 1635 3720 nou
1648 3661 1781 3721 omittit.

1029 3759 1066 3818 In
1082 3756 1257 3818 Luteribus
1271 3756 1390 3817 hostiae
1403 3756 1613 3831 lavabantur,
1629 3759 1662 3819 et
1676 3757 1725 3817 sic
1738 3757 1784 3818 ot·

987 3853 1197 3927 ferebantur3
1212 3856 1245 3914 et
1266 3854 1315 3915 sic
1334 3853 1502 3916 habebant
1524 3854 1649 3916 labium
1668 3870 1785 3915 recur-

987 3968 1065 4013 tum
1095 3952 1254 4023 interius,
1291 3967 1358 4012 non
1392 3953 1542 4014 exterius
1577 3954 1664 4014 sicut
1691 3968 1785 4014 mare

988 4064 1128 4113 aeneum.
1156 4049 1229 4110 Non
1265 4050 1353 4112 enim
1386 4050 1563 4119 sufficitsi
1597 4050 1779 4111 babeamus

987 4162 1088 4222 opera
1111 4147 1317 4222 innocentia,
1340 4146 1406 4207 nisi
1428 4163 1470 4207 ex
1489 4147 1674 4209 Intentione
1698 4162 1782 4222 pura

987 4242 1284 4320 procederentsic
1299 4245 1333 4305 et
1343 4245 1380 4305 tu
1395 4244 1546 4320 quamvis
1560 4242 1701 4303 mundus
1714 4241 1781 4303 iue-

986 4341 1034 4401 ris
1049 4341 1208 4412 exterius,
1224 4356 1299 4400 cum
1322 4339 1556 4401 innocentibus
1570 4355 1780 4416 permanens,
1798 4345 1800 4349 ’

987 4437 1079 4498 laves
1094 4452 1196 4512 opera
1219 4439 1276 4499 tua
1292 4452 1351 4513 per
1364 4436 1618 4508 confessionem,
1634 4452 1707 4513 quae
1723 4452 1783 4513 per

985 4549 1120 4609 agnum,
1134 4534 1191 4610 qui
1207 4532 1348 4594 debebat
1370 4533 1496 4606 offerri,
1518 4533 1733 4609 intelligitur3
1749 4536 1783 4596 et

985 4633 1160 4707 postquam
1173 4618 1307 4700 laveris,
1323 4629 1448 4691 babeas
1463 4629 1589 4691 labium
1604 4646 1782 4693 recurvum

984 4727 1138 4799 interius,
1172 4728 1209 4788 ut
1233 4726 1274 4788 ad
1310 4730 1471 4800 mentem,
1502 4731 1535 4789 et
1563 4728 1781 4790 intentionem

984 4828 1076 4886 tuam
1096 4823 1269 4900 respicias,
1286 4823 1503 4886 considerans
1522 4840 1565 4886 ex
1580 4840 1645 4902 qua
1667 4824 1783 4885 radice

985 4921 1166 4997 procedant
1180 4936 1293 4998 opera,
1305 4924 1339 4983 et
1350 4921 1482 4983 demum
1498 4921 1621 4984 offerre
1640 4921 1780 4999 poteris.

1019 5132 1241 5344 {tinient
1258 5200 1303 5258 a.

1030 5272 1058 5345 e)
1079 5275 1120 5330 ιιι
1136 5274 1221 5344 neg,
1238 5273 1264 5341 r,
1280 5270 1325 5328 so.
