3950 6200
218 298 276 359 135

216 457 320 529 ribus,
331 460 481 535 usuagiis
496 460 681 537 etpasculs,
693 459 839 522 inbosco
849 463 883 523 et
892 462 1003 538 plano,

217 554 252 615 ln
267 557 363 632 aquis
376 559 409 619 et
418 558 627 628 molendinis,
642 559 676 618 in
693 558 757 619 viIs
772 560 806 619 et
820 560 957 629 semitis,
972 560 1006 621 et

216 654 370 714 omnibus
386 654 463 714 aliis
477 654 684 717 libertatibus
695 658 728 717 et
743 656 1004 717 immunitatibus

216 751 297 810 suis.

256 850 342 909 Sane
358 850 526 909 novalium
546 850 742 921 vestrorum,
758 866 832 927 quae
861 850 1005 926 propriis

214 944 366 1004 manibus
375 960 414 1004 ac
427 946 612 1021 sumptibus
625 946 744 1017 colitis,
755 946 865 1006 nullus
880 946 1005 1006 avobIs

213 1039 358 1102 decimas
381 1042 516 1117 exigere
531 1044 583 1103 vel
599 1045 798 1119 extorquere
814 1042 1003 1119 praesumat.

214 1137 328 1200 Liceat
339 1154 467 1215 quoque
478 1139 571 1199 vobis
587 1140 725 1201 clericos
738 1141 791 1200 vel
806 1140 910 1200 laicos
926 1139 1006 1199 libe·

213 1249 269 1294 ros
280 1238 313 1294 et
326 1235 495 1296 absolutos
510 1252 528 1296 e
541 1238 663 1297 saeculo
688 1235 852 1312 inglentes
864 1235 904 1295 ad
919 1251 1004 1296 con-

212 1333 401 1392 versionem
416 1333 576 1409 recipere,
593 1350 633 1394 ac
654 1349 712 1395 eos
727 1334 851 1410 absque
866 1335 1006 1393 contra-

213 1427 358 1489 dictione
370 1430 484 1505 aitqua
498 1430 654 1492 retinere.
671 1429 890 1491 Prohibenms
905 1430 1003 1489 insu-

213 1541 284 1601 per,
301 1525 430 1586 utnulli
442 1525 583 1587 fratrum
598 1529 784 1588 vestrorum
797 1529 871 1603 post
883 1526 1006 1587 iactam

213 1621 248 1681 in
272 1624 475 1685 monasterio
490 1626 600 1685 vestro
626 1623 869 1700 professionem
896 1623 1007 1685 Iassii

213 1719 286 1779 siue
301 1720 422 1795 prioris
446 1720 498 1780 sui
511 1721 647 1782 licentia
659 1721 700 1782 de
720 1721 835 1781 eodem
850 1721 923 1781 loco
937 1719 1005 1779 11131

216 1816 371 1877 arctioris
382 1816 524 1891 legionis
539 1816 586 1896 (1)
598 1817 734 1878 obtentu
744 1816 926 1878 discedere.
937 1816 1008 1876 Dis·

214 1912 384 1974 cedentem
398 1929 478 1975 varo
494 1914 618 1991 absque
639 1914 862 1975 communium
877 1913 1008 1974 littera-

216 2025 288 2069 rum
300 2012 486 2071 vestrarum
501 2012 656 2073 cautione
671 2011 782 2071 nullus
797 2011 918 2072 audeat
931 2011 1009 2070 reti·

215 2121 306 2167 nere.
318 2107 528 2181 sepulturam
537 2122 666 2183 quoque
676 2107 782 2183 ipsius
792 2106 856 2168 loci
869 2106 1007 2167 liberam

215 2217 289 2262 essa
304 2201 420 2262 decere
436 2202 644 2263 decernimus
660 2204 824 2264 uteorum
839 2201 1008 2264 devotioni

215 2299 249 2358 et
272 2299 430 2359 extremae
452 2300 626 2369 voluntatI‚
645 2301 701 2376 qui
716 2316 752 2360 se
775 2300 845 2360 illic
866 2299 1008 2374 sepelire

215 2394 485 2467 deliberaverint,
495 2396 559 2456 uisi
571 2396 656 2458 torte
666 2396 942 2458 excommunicati
955 2395 1008 2456 vel

215 2490 384 2553 interdicti
405 2493 484 2564 sint,
496 2493 607 2553 nullus
623 2493 773 2565 obsistat,
791 2494 1009 2555 salvatamen

213 2588 774 2664 1631111611161111116661631311111116
790 2590 909 2667 quibus
925 2605 1010 2650 mor·

216 2685 350 2747 tuorum
363 2701 503 2763 corpora
516 2687 742 2748 assumuntur.
754 2689 906 2748 Decimas
917 2701 1008 2763 prae-

215 2781 309 2842 terea
335 2783 367 2843 et
391 2783 618 2858 possessiones
644 2782 763 2860 adjus
792 2784 1010 2844 ecclesiarum

217 2880 405 2939 vestrarum
418 2880 615 2955 spectantes,
629 2895 733 2956 quaea
747 2879 843 2941 laicis
856 2880 1011 2940 detinen-

218 2975 283 3046 tur,
296 2974 480 3036 redimendi
495 2978 529 3037 et
541 2976 687 3051 legitime
702 2975 867 3038 liberandi
881 2977 920 3037 de
934 2992 1009 3037 ma·
1100 3038 1103 3048 ,

218 3075 317 3138 nilms
331 3092 445 3139 eorum
460 3081 493 3139 et
508 3078 550 3139 ad
566 3078 736 3151 ecclesIas,
753 3078 794 3139 ad
808 3093 889 3156 quas
906 3079 1012 3155 perti-

218 3175 310 3246 nent,
326 3175 517 3247 revocandi,
539 3176 644 3237 libera
668 3177 712 3237 sit
733 3175 828 3238 vobis
842 3177 883 3237 de
897 3177 1011 3237 nostra

220 3272 419 3334 auctoritate
434 3272 585 3335 facultas,
602 3273 750 3335 obeunte
770 3290 851 3335 vero
879 3274 1011 3334 demum

220 3367 367 3444 ejusdem
383 3367 447 3429 loci
460 3370 571 3444 priore
585 3370 638 3430 vel
652 3369 784 3446 piorum
799 3368 848 3449 (2)
864 3370 1010 3446 quolibet

220 3480 464 3538 successorum,
479 3466 591 3527 nullus
601 3466 648 3527 ibi
661 3468 809 3544 qualibet
820 3466 1011 3543 subreptio-

219 3562 273 3623 nis
289 3564 410 3624 astutia
425 3579 484 3623 seu
510 3564 669 3625 violentia
693 3567 918 3641 praeponatur,
945 3564 1012 3624 nisi

169 3733 176 3746 “
219 3675 316 3737 quem
329 3659 449 3742 iratres
464 3661 630 3722 communi
639 3662 862 3724 consensuvel
872 3662 1011 3722 fratrum

218 3771 297 3833 pars
312 3758 449 3832 majoris
464 3760 496 3818 et
520 3758 665 3818 sanioris
680 3759 812 3818 consilii
832 3759 1012 3819 secundum

220 3855 324 3914 Deum
344 3855 377 3914 et
390 3852 479 3914 beati
498 3854 668 3916 Benedicti
682 3854 831 3930 regulam
857 3854 1014 3931 provide-

219 3949 288 4012 rint
303 3949 502 4025 eligendum.
518 3951 598 4011 Paci
613 3965 743 4027 quoque
765 3953 799 4012 et
816 3952 1011 4027 tranquilli·

221 4047 282 4108 tati
292 4049 412 4108 vestrae
418 4046 600 4124 paternain
614 4049 781 4122 posterum
790 4049 1013 4122 sollicitudine

221 4143 397 4221 providere
419 4142 582 4215 volentes,
607 4144 803 4206 auctoritate
823 4145 1013 4222 apostolica

220 4242 447 4319 prohibemus,
459 4242 495 4302 ut
505 4240 592 4302 inira
607 4241 780 4302 clausuras
794 4242 944 4304 locorum
954 4258 1014 4304 seu

222 4337 437 4416 grangiarum
450 4340 638 4400 vestrarum
661 4338 772 4400 nullus
787 4340 940 4416 rapinam
955 4355 1015 4400 seu

223 4436 347 4497 lurtum
359 4436 481 4508 tacere,
498 4436 609 4511 ignem
622 4451 801 4514 apponere,
817 4437 1015 4512 sanguinem

223 4531 373 4603 tundere,
395 4532 697 4594 hominemtemere
710 4534 892 4610 caperevel
910 4533 1017 4595 inter-

225 4628 335 4699 licere,
350 4643 410 4690 seu
424 4628 617 4690 violentIam
632 4628 752 4691 audeat
762 4644 930 4691 exercere.
947 4634 1014 4691 De-

224 4725 391 4787 cernimus
416 4739 496 4800 ergo
523 4726 559 4785 ut
580 4724 664 4784 nulli
688 4727 821 4786 omnino
845 4726 1016 4788 hominum

223 4823 324 4884 liceat
338 4821 510 4899 praelatum
533 4822 771 4883 monasterium
785 4824 911 4883 temere
934 4839 1015 4900 per-

225 4920 360 4983 turbare
377 4921 435 4980 aut
460 4920 531 4994 ejus
551 4919 778 4994 possessiones
804 4919 936 4980 auterre
964 4922 1016 4981 vel

226 5018 354 5079 ablatas
378 5016 533 5086 retinere,
557 5015 707 5076 mtnuere
733 5030 793 5076 seu
817 5016 1018 5092 quibuslibet

226 5114 458 5178 vexationibus
487 5112 640 5187 fatigare,
665 5112 722 5173 sed
750 5112 861 5174 omnIa
887 5114 1016 5190 integra

227 5212 464 5274 conserventur
478 5225 604 5280 eorum,
620 5224 679 5285 pro
693 5224 832 5286 quorum
850 5212 1018 5285 guberna-

227 5311 318 5371 tione
333 5312 366 5370 at
380 5307 620 5369 sustentatione
630 5322 787 5367 concessa
810 5309 888 5369 sunt
903 5308 1017 5369 usibus

228 5405 425 5466 omnimodis
449 5403 633 5481 profutura,
650 5402 743 5465 salva
759 5403 853 5464 SedIs
871 5406 1016 5484 Aposto-

265 5607 304 5680 (l)
320 5604 487 5678 Religionis.

825 303 1002 363 HONORII
1024 303 1069 363 111
1091 304 1239 365 OPERA.

1794 302 1857 361 130

1059 462 1133 523 lirae
1147 461 1345 523 auctoritate
1357 462 1389 521 et
1402 459 1738 537 dioecesaniepiscopi
1749 475 1858 521 cano-

1060 560 1133 619 nica
1144 559 1287 635 justitia.
1303 559 1337 618 Si
1349 574 1413 635 qua
1425 559 1527 634 igitur
1540 559 1575 618 in
1586 558 1730 618 futurum
1740 557 1857 619 eccle-

1060 656 1194 716 sIastica
1219 655 1431 716 saecularisve
1456 671 1598 732 persona
1616 654 1703 714 banc
1728 657 1856 716 nostrae

1059 754 1304 813 constitutionis
1328 753 1482 829 pagInam
1510 753 1621 813 sciens
1643 753 1759 815 centra
1778 767 1856 811 eam

1059 852 1182 910 temere
1197 851 1312 911 venire
1337 850 1525 918 tentaverit,
1542 850 1688 910 secundo
1711 850 1856 909 tertiove

1059 948 1270 1018 commonIta,
1292 948 1356 1007 nisi
1373 948 1501 1008 reatum
1517 963 1614 1006 suum
1636 961 1785 1021 congrua
1798 961 1857 1005 sa·

1060 1042 1247 1105 tissactione
1270 1043 1465 1113 correxerit,
1494 1043 1667 1119 potestatIs
1695 1042 1857 1102 honoris-

1060 1155 1123 1215 que
1138 1141 1189 1200 sui
1201 1142 1313 1201 careat
1328 1140 1498 1215 dignitate,
1513 1155 1669 1216 reamque
1691 1155 1727 1199 sa
1740 1138 1856 1200 divino

1056 1236 1182 1311 jndicio
1211 1238 1355 1298 existere
1385 1236 1425 1297 de
1456 1237 1644 1313 perpetrata
1678 1235 1857 1312 iniquitate

1060 1336 1238 1408 cognoscat
1250 1336 1313 1395 eta
1329 1335 1540 1395 sanctissimo
1555 1348 1694 1409 corpore
1717 1349 1757 1394 ac
1775 1349 1857 1394 san·

1060 1431 1161 1505 guina
1172 1431 1230 1491 Dei
1240 1430 1764 1507 etDominiRedemptorisnostri
1774 1432 1857 1492 Jesu

1061 1527 1183 1589 Christi
1199 1527 1308 1588 aliena
1330 1528 1399 1600 ilat,
1424 1529 1523 1604 atque
1542 1528 1578 1587 in
1600 1528 1750 1589 extremo
1771 1542 1856 1588 exa-

1062 1624 1150 1684 mine
1177 1624 1336 1685 districtae
1366 1625 1485 1685 ultioni
1511 1623 1690 1701 subjaceat
1720 1624 1856 1684 Cunctis

1062 1722 1171 1781 autem
1187 1720 1294 1781 eidem
1315 1720 1389 1781 loco
1413 1735 1473 1781 sua
1494 1723 1571 1797 jnra
1585 1719 1794 1781 servantibus
1810 1721 1857 1781 sit

1062 1833 1128 1893 pax
1142 1818 1272 1878 Domini
1297 1817 1404 1877 nostri
1426 1821 1507 1879 Iesu
1526 1817 1659 1889 Christi,
1688 1820 1856 1893 quatenus

1062 1915 1095 1974 et
1117 1914 1172 1974 hir
1197 1914 1340 1975 fructum
1360 1913 1455 1975 bonae
1475 1915 1617 1975 actionis
1635 1915 1808 1990 percipiat,
1823 1916 1858 1974 et

1063 2010 1148 2087 apud
1176 2011 1361 2072 dIstrictum
1381 2011 1528 2087 judicem
1554 2010 1691 2088 praemia
1720 2014 1857 2077 aeternae
1924 1998 1927 2001 ’

1063 2109 1154 2182 pacis
1168 2108 1325 2168 inveniat.
1343 2113 1458 2169 Amen.

1103 2207 1221 2266 Datum
1237 2206 1392 2265 Laterani
1409 2221 1468 2281 per
1482 2221 1615 2266 manum
1631 2205 1781 2280 magistri
1797 2206 1858 2266 si-

1063 2300 1188 2360 nibaldi
1200 2300 1363 2361 auditoris
1373 2302 1653 2362 contradictarum
1669 2301 1857 2362 lItterarum

1063 2396 1188 2457 domini
1209 2413 1314 2474 papae,
1343 2400 1449 2459 XVIII
1474 2398 1636 2458 kalendas
1659 2398 1855 2469 decembris,

1064 2494 1243 2556 Indictione
1270 2497 1283 2554 I
1306 2493 1372 2572 (1),
1405 2495 1648 2556 incarnationis
1675 2494 1858 2555 Dominicae

1064 2607 1151 2652 anno
1173 2594 1373 2663 MCCXXVI,
1397 2592 1607 2668 pontificatus
1628 2606 1708 2652 vero
1729 2591 1859 2652 domini

1063 2689 1202 2750 Honorii
1215 2704 1308 2765 papae
1321 2690 1366 2749 III
1381 2704 1469 2750 auno
1486 2689 1670 2750 undecimo.

1433 2948 1489 3035 IX

1104 3101 1156 3160 Ad
1174 3100 1360 3162 Robertum
1373 3101 1667 3174 archiepiscopum
1682 3100 1821 3174 strigo-

1377 3199 1544 3258 aviensem.

1322 3326 1356 3383 II
1370 3324 1503 3383 novemb,
1518 3325 1597 3383 1116.

1207 3447 1298 3512 [Feles
1311 3448 1372 3499 Cod.
1384 3447 1448 3513 dipl.
1460 3448 1553 3511 flung,
1564 3448 1609 3506 ill,
1617 3461 1647 3510 11,
1658 3447 1711 3512 98]

1066 3573 1173 3645 Inopiva
1187 3572 1303 3644 capituli
1315 3571 1500 3631 cenadiensis
1514 3587 1531 3628 e
1546 3572 1662 3644 capellis
1683 3570 1858 3629 dioecesanis

1102 3676 1152 3733 per
1189 3660 1435 3734 archiepiscopum
1470 3661 1696 3734 strigoniensem
1731 3661 1862 3718 succurri

1099 3749 1191 3822 jubet.

1106 3874 1285 3939 Honorius,
1309 3876 1385 3943 etc„
1400 3874 1585 3936 venerabili
1606 3873 1704 3934 fratri
1727 3873 1864 3934 archie-

1067 3971 1201 4047 piscopo
1218 3971 1449 4046 StrigonIensi,
1464 3975 1526 4033 etc.

1107 4067 1318 4128 Venerabilis
1341 4069 1447 4130 trater
1462 4070 1609 4129 noster...
1624 4069 1810 4144 episcopus,
1828 4068 1863 4127 et

1068 4164 1180 4226 dilecti
1192 4165 1253 4226 filii
1267 4165 1447 4241 capitulum
1461 4165 1676 4226 cenadiensis
1695 4164 1860 4234 ecstasim,

1069 4261 1138 4321 suls
1153 4261 1248 4322 nobis
1275 4262 1394 4323 liiteris
1409 4263 1615 4333 intimarunt,
1631 4262 1737 4338 ipsius
1767 4261 1864 4336 capi-

1067 4357 1130 4417 tuli
1143 4356 1290 4418 redditus
1303 4372 1376 4418 esse
1389 4359 1523 4433 propter
1536 4372 1687 4433 guerras,
1702 4356 1735 4416 et
1747 4353 1864 4414 multi·

1069 4452 1189 4529 pIIcem
1203 4453 1364 4514 malitiam
1380 4453 1538 4530 temporis
1548 4453 1631 4514 adeo
1654 4452 1861 4521 imminutos,

1069 4550 1106 4610 ut
1115 4550 1268 4612 nonnulli
1281 4549 1433 4611 canonici
1448 4550 1595 4627 eJusdem
1608 4548 1759 4610 ecclesiae
1775 4563 1866 4623 praef

1069 4645 1193 4706 bendas
1214 4663 1293 4707 suas
1306 4645 1502 4719 dimiserint,
1519 4662 1559 4708 eo
1574 4645 1660 4723 quod
1675 4660 1717 4706 ex
1733 4643 1776 4703 iis
1794 4659 1864 4704 non

1070 4743 1224 4819 poterant
1243 4743 1434 4804 sustentari.
1451 4745 1560 4815 Quare
1581 4742 1668 4803 idem
1685 4741 1865 4817 episcopus

1071 4840 1105 4900 et
1113 4839 1294 4915 capitulum
1309 4839 1405 4900 nobis
1421 4840 1593 4901 humiliter
1619 4837 1862 4914 supplicarunt,

1072 4937 1108 4998 ut
1122 4952 1195 4996 cum
1206 4939 1375 4997 crescente
1385 4937 1497 5013 inopia
1513 4937 1684 4997 decrescat
1696 4936 1732 4994 in
1744 4934 1865 4994 eadem

1071 5033 1213 5093 ecclesia
1250 5030 1408 5095 numerus
1443 5033 1653 5103 servitorum,
1688 5032 1746 5100 ita,
1775 5029 1866 5107 quod

1071 5128 1268 5205 eademjam
1294 5130 1394 5207 coepit
1419 5129 1587 5190 consuetis
1609 5127 1777 5204 obsequiis
1799 5127 1865 5187 de-

1071 5224 1232 5293 fraudari
1244 5240 1344 5302 super
1358 5225 1420 5286 hoc
1433 5226 1571 5302 paterna
1584 5223 1758 5301 providere
1773 5223 1867 5284 solli·

1072 5321 1218 5382 citudine
1240 5321 1463 5399 dignaremur,
1483 5311 1704 5391 concedendo,
1721 5321 1757 5383 ut
1772 5320 1868 5396 ipso-

1072 5432 1145 5477 rum
1163 5418 1398 5478 canonicorum
1414 5416 1600 5493 praebenda
1615 5415 1657 5476 de
1679 5414 1866 5476 reddItibus

1110 5606 1150 5681 (Ξ)
1167 5608 1305 5665 Priorum.
