3950 6200
202 328 310 411 “1143
654 351 688 415 s.
709 349 885 415 aurona
913 351 1105 416 panosus
1132 348 1272 413 orara
1301 350 1447 413 onam
1797 354 1880 413 ran

228 521 294 584 qno
315 504 423 570 cultor
441 505 577 571 dimittit
599 508 788 585 ficulneam,
816 514 854 576 ut
878 512 1022 579 fructum
1078 510 1164 574 lacle
1192 525 1301 572 arcus.
1327 509 1431 573 Docet
1456 508 1557 571 etiam
1580 524 1642 571 nos
1661 504 1882 588 disciplinam

228 603 345 679 racina
357 604 506 683 alioquin
521 607 704 682 excidetur,
721 612 755 685 et
770 610 806 672 in
820 611 933 689 ignem
945 613 1024 677 mit·
1077 607 1250 683 Dominus,
1266 605 1354 669 ande
1367 605 1483 669 iacchi
1493 606 1610 669 ultimo
1620 606 1730 686 (5,11)
1746 611 1881 670 alima

228 702 327 765 tetur.
346 701 479 781 (Matth.
496 706 526 778 3,
544 706 610 785 lo.)
1076 704 1303 767 beatificamus
1317 703 1406 778 illos,
1422 704 1479 781 qui
1489 704 1731 767 sustinuerunt.
1745 706 1883 767 Patien-

221 824 223 831 ⁴
1077 801 1159 863 tiam
1169 798 1219 881 (2)
1229 800 1293 864 Joh
1308 801 1460 876 audistis,
1475 801 1510 863 et
1521 801 1763 863 dnemDomini
1774 803 1882 863 vidis·

462 865 601 929 SERMO
629 867 778 931 CCXXV·
1076 899 1132 961 aa
1160 916 1180 960 ›
1205 900 1334 971 omo
1366 899 1478 974 magas
1507 899 1603 976 impu
1639 899 1882 961 seminanti

229 1000 271 1058 Da
292 998 435 1059 hilaritate
462 1003 576 1076 cordis3
597 1004 635 1069 da
659 1005 820 1081 disciplina,
837 1016 867 1067 at
885 1010 1022 1082 ecienha3
1079 995 1172 1058 Unde
1197 996 1296 1058 1⁸81&
1312 995 1378 1075 (32,
1405 995 1458 1075 13)
1474 1017 1483 1057 2
1499 998 1637 1074 (Super
1660 997 1881 1074 humumpo·

218 1128 221 1133 -
264 1090 386 1161 qualiter
397 1089 472 1151 hone
482 1093 761 1169 nosnadieeipantur
771 1112 822 1170 per
832 1106 993 1171 peccatum.
1078 1093 1220 1171 pulimei
1234 1093 1351 1170 winae,
1365 1094 1399 1158 at
1411 1109 1530 1171 vepres
1543 1093 1881 1172 ascendent:quanto

228 1215 438 1290 hortatorem,
468 1220 502 1280 et
530 1222 758 1296 semeptisum,
786 1224 821 1285 et
841 1224 1024 1288 scentiam
1078 1189 1185 1299 ΜΨ
1212 1205 1313 1267 ⁸⁹⁹⁰*
1336 1204 1460 1299 ,ΟΜ
1494 1189 1611 1252 d⁰¹¹²⁰⁸
1648 1190 1766 1266 gaudia
1790 1191 1881 1252 iffi·

408 1318 489 1378 Μ
501 1332 568 1379 me·
581 1318 685 1399 (pm
698 1321 755 1381 113
775 1318 843 1401 66.)
1077 1286 1156 1349 tatis
1181 1287 1418 1350 exultantrsle
1432 1289 1512 1349 Hae
1527 1288 1578 1349 ast
1596 1288 1754 1362 mundus,
1771 1303 1880 1364 snper

758 1365 766 1393 '
1077 1400 1176 1463 quem
1199 1384 1308 1447 mitet
1327 1386 1415 1446 neus
1441 1383 1587 1459 nagan,
1610 1384 1878 1462 quaeamu-

266 1472 464 1548 Bonilatam,
485 1474 572 1542 idest
596 1477 822 1556 dilectionem,
844 1485 878 1545 et
899 1483 1023 1546 mentis
1077 1482 1167 1543 cium
1183 1481 1285 1559 coepit
1298 1496 1318 1543 a
1332 1481 1431 1544 domo
1442 1480 1556 1558 Dei..(1
1569 1481 1695 1553 Patria,
1708 1480 1776 1560 17).

223 1569 479 1646 jucunditatem,
487 1589 587 1650 quam
602 1575 698 1639 docet
712 1580 810 1650 Deus,
827 1578 915 1644 sicut
924 1579 1024 1643 hahe-
1117 1581 1219 1642 Docet
1240 1580 1433 1641 1111111111.
1459 1580 1535 1640 Non
1560 1578 1656 1641 docet
1678 1579 1879 1651 scientiam,

229 1680 305 1728 mus
316 1665 353 1730 in
372 1669 606 1735 Ecclesiastico
620 1671 687 1752 (30,
702 1677 743 1737 22
757 1677 790 1738 et
803 1676 857 1757 23)
874 1678 1024 1739 :siris-
1078 1677 1144 1738 nisi
1156 1677 1213 1754 qui
1225 1676 1366 1738 solemia
1383 1675 1592 1738 informatur.
1614 1675 1797 1738 wantiam
1813 1692 1879 1737 nos

227 1761 336 1827 titiam
362 1779 429 1827 non
454 1765 512 1831 das
530 1769 653 1833 anima
671 1770 785 1847 tuae3»
806 1772 901 1835 illam
926 1773 1020 1847 dicit,
1077 1774 1174 1837 docet
1188 1774 1345 1837 Salomon
1367 1774 1402 1835 in
1416 1772 1609 1838 Proverbiis
1624 1772 1669 1852 (5,
1692 1775 1732 1835 15
1744 1776 1779 1835 et
1797 1774 1876 1851 16);

228 1874 302 1936 quae
316 1863 369 1929 ,ost
383 1877 426 1926 ex
440 1866 568 1941 peccati
581 1868 800 1942 conscientia,
816 1870 1023 1950 undesequi·
1070 1888 1095 1931 s
1115 1870 1195 1934 Bihe
1216 1886 1337 1949 aquam
1360 1872 1402 1933 de
1425 1871 1573 1933 cisterna
1594 1872 1665 1943 tua,
1688 1872 1722 1932 at
1745 1871 1879 1933 fluenta

227 1956 641 2026 turteiucunditascordis
654 1964 726 2028 haec
736 1967 851 2030 estvia
862 1968 1020 2043 hominis,
1076 1969 1168 2046 putei
1182 1968 1233 2031 tui
1249 1990 1257 2029 ε
1272 1968 1468 2030 deriventur
1482 1967 1590 2031 tontes
1602 1968 1652 2030 tui
1665 1967 1772 2039 foras,
1789 1972 1825 2030 et
1842 1972 1877 2029 in

228 2056 262 2119 et
284 2055 465 2120 thesaurus
487 2060 562 2123 sine
587 2061 773 2127 deiectione
787 2067 1022 2129 sanctitatis.»
1077 2063 1197 2141 plateis
1220 2077 1325 2140 aquas
1347 2063 1423 2124 tuas
1444 2062 1573 2137 divide;
1597 2079 1617 2124 a
1640 2062 1737 2140 quasi
1760 2062 1877 2125 dieat:

226 2153 424 2219 iucunditas
452 2157 572 2232 cordis,
596 2177 669 2238 quae
692 2163 743 2224 est
768 2178 813 2224 ax
832 2179 913 2229 vera
925 2165 1021 2227 cari-
1070 2162 1133 2223 aie
1151 2159 1466 2222 deriventurlontes
1482 2158 1645 2223 doctrina
1659 2160 1701 2221 ad
1721 2159 1822 2235 alios,
1840 2162 1879 2222 ut

225 2250 306 2324 tate,
330 2252 410 2317 talis
434 2257 629 2333 jucunditas
651 2260 720 2322 vita
745 2261 795 2324 est
810 2282 819 2322 a
833 2263 1042 2339 peccatoris'
1069 2260 1144 2320 siut
1157 2259 1227 2320 tuiz
1242 2259 1292 2320 sic
1312 2259 1406 2335 potas
1426 2257 1524 2332 alios,
1546 2259 1588 2320 ut
1603 2260 1641 2319 tu
1663 2257 1743 2319 inde
1763 2257 1875 2330 bibas,

227 2360 308 2412 vcro
330 2353 525 2428 jucunditas
551 2372 641 2418 mors
665 2360 726 2420 est.
743 2359 827 2421 Item
851 2359 886 2421 in
905 2360 1021 2424 eodem
1076 2355 1229 2419 iaciendo
1243 2354 1465 2434 quoddocae:
1481 2371 1550 2417 non
1563 2355 1625 2417 tihi
1644 2355 1795 2417 sufficiat
1809 2370 1876 2432 po·

228 2441 273 2522 (6,
287 2446 341 2525 23)
372 2469 381 2510 a
410 2467 429 2511 c
459 2450 629 2529 Sapientia
656 2452 816 2518 doctrinae
840 2456 1041 2519 secundum
1075 2457 1149 2519 tare
1172 2453 1270 2526 alios,
1295 2453 1325 2515 si
1343 2455 1380 2515 tu
1404 2452 1512 2515 sitias
1533 2454 1655 2515 contra
1677 2452 1756 2515 illos
1775 2453 1875 2525 tales,

228 2549 445 2624 nomenatus,
462 2550 496 2611 et
509 2552 638 2613 nonest
659 2553 773 2615 multis
799 2554 1022 2629 manifesta»
1075 2553 1134 2630 qui
1148 2552 1249 2613 aliter
1262 2550 1400 2623 larium.
1417 2550 1542 2613 dicitru
1556 2550 1591 2611 in
1610 2551 1875 2612 Deuteronomio

227 2641 307 2718 quia
335 2645 472 2707 nonnisi
499 2648 704 2711 amatoribus
728 2652 810 2723 suis,
838 2668 921 2730 quos
945 2668 1020 2719 cunr
1076 2648 1142 2729 (28,
1156 2651 1198 2711 38
1211 2649 1255 2710 ad
1270 2649 1344 2728 1θ)τ
1361 2650 1582 2711 «sementem
1600 2647 1741 2709 multam
1755 2647 1872 2716 lacios,

221 2739 431 2814 jucunditate
457 2746 610 2821 perducit
636 2747 677 2809 ad
705 2751 918 2826 conspectum
947 2750 1019 2812 Dei.
1075 2747 1128 2809 vel
1144 2747 1252 2824 jacies
1270 2746 1306 2807 in
1327 2747 1464 2820 terram
1488 2747 1521 2807 et
1539 2744 1706 2807 modicam
1730 2760 1874 2821 conffle-

227 2835 275 2897 De
298 2835 361 2900 hoc
376 2839 413 2899 in
433 2841 550 2903 eodem
570 2841 617 2922 (1,
633 2843 685 2923 11)
699 2866 706 2905 :
722 2847 866 2908 «Timor
888 2847 1021 2908 Domini
1074 2844 1182 2921 gabis,
1199 2845 1278 2921 quia
1292 2844 1431 2907 locusta
1446 2842 1655 2905 devorabunt
1668 2842 1794 2904 omnia.
1811 2843 1873 2903 vi-

225 2931 345 3007 110111,
373 2937 406 2998 et
431 2937 598 3013 gloriatio,
627 2943 661 3002 et
688 2942 816 3016 laetitia,
838 2946 871 3006 et
896 2960 1020 3007 corona
1074 2956 1173 3004 neam
1197 2940 1376 3019 plantante,
1401 2941 1435 3002 et
1457 2939 1585 3002 fodies:
1611 2941 1646 3002 et
1668 2940 1780 3001 vinum
1802 2955 1871 3001 non

227 3030 599 3100 exultationis.»'rimor
612 3040 744 3103 Domini
756 3041 809 3104 est
820 3041 855 3104 in
867 3057 1021 3105 reveren·
1074 3038 1179 3112 hihcs,
1201 3053 1264 3101 nec
1284 3037 1424 3114 colligas
1443 3053 1487 3102 ex
1509 3052 1549 3100 ea
1569 3037 1767 3115 quippiam:
1788 3052 1874 3115 quo-

224 3127 272 3191 tia
285 3152 293 3191 ι
307 3132 415 3206 gloria
426 3136 557 3196 Domini
569 3137 602 3198 in
614 3139 796 3202 eminentia
807 3155 944 3218 operum
952 3144 1018 3203 est:
1075 3136 1166 3198 niam
1188 3135 1376 3199 vastabitur
1398 3135 1579 3207 vermibus,
1600 3151 1620 3195 a
1637 3135 1729 3198 idest
1750 3150 1873 3197 carna·

222 3227 427 3302 glorlalioin
441 3233 685 3312 tranquillitate
699 3239 915 3301 conscientiae
931 3260 939 3300 2
954 3239 1019 3301 la-
1075 3234 1164 3295 lihus
1177 3231 1416 3310 voluptatibus.
1432 3250 1452 3294 s
1466 3233 1580 3295 olivas
1592 3231 1736 3294 habebis
1750 3233 1788 3293 in
1803 3249 1872 3295 om-

222 3324 803 3406 liliatnspezcoronae'xultatioais
817 3336 852 3397 in
867 3353 1022 3398 remune-
1074 3331 1174 3393 nibus
1188 3331 1341 3393 terminis
1359 3329 1428 3392 tuis
1443 3352 1451 3389 ε
1468 3331 1502 3393 et
1519 3346 1586 3391 non
1601 3330 1743 3406 ungeris
1758 3329 1872 3405 oleo,›
1965 3339 1966 3348 ¹

222 3422 374 3501 ratione;
391 3428 424 3488 et
433 3427 581 3505 loquitar
594 3429 635 3492 de
645 3431 765 3502 timore
776 3432 882 3495 tiltali.
898 3434 1020 3496 Dehoc
1074 3428 1155 3507 quia
1188 3428 1266 3490 aliis
1287 3427 1536 3490 miseridordiae
1568 3426 1774 3504 pmdioane,
1803 3428 1872 3490 sino

221 3517 348 3598 ibidem
358 3521 423 3602 (13,
438 3524 493 3604 30)
511 3528 626 3589 :Bona
641 3530 692 3592 est
715 3529 912 3602 substantia,
933 3531 1022 3594 idest
1075 3527 1150 3589 otoo
1180 3526 1327 3603 pietatis,
1361 3527 1396 3588 et
1428 3524 1670 3587 misericordia
1696 3540 1870 3588 remanes:

219 3618 381 3693 jucunda,
397 3623 450 3687 cui
465 3637 534 3685 non
548 3627 599 3688 eet
613 3628 786 3703 peccatum
800 3629 835 3692 in
850 3630 1021 3691 conedou-
1074 3624 1153 3702 quia
1173 3623 1330 3694 defluent,
1351 3623 1386 3685 et
1398 3620 1566 3699 peribunt.
1586 3623 1653 3684 Par
1666 3624 1869 3694 remearem,

225 3707 274 3778 tia
289 3739 297 3778 ε
311 3719 344 3781 et
358 3720 563 3798 nequissima
587 3727 766 3801 paupertas
780 3726 817 3786 iu
829 3742 891 3788 ore
900 3727 995 3804 impii
1008 3749 1017 3803 3
1073 3721 1228 3784 doctriua
1246 3719 1469 3782 corroborans
1488 3719 1576 3782 sicut
1594 3719 1712 3796 panis,
1723 3719 1805 3797 quia
1816 3722 1870 3795 ja·

224 3818 403 3892 paupertas
429 3820 562 3881 scilicet
591 3820 688 3894 honi,
717 3839 793 3899 quae
816 3825 928 3885 mmor
951 3840 1019 3886 non
1073 3820 1162 3881 ahu
1173 3819 1208 3879 in
1220 3820 1346 3880 terram
1358 3817 1491 3880 manha.
1508 3820 1572 3879 Per
1585 3819 1710 3878 mnam
1721 3817 1870 3880 matrina

224 3910 347 3989 affligit
361 3930 448 3990 eum,
468 3917 535 3979 imo
557 3917 710 3982 delectat.
727 3920 971 3990 concordantia
983 3923 1019 3982 in
1074 3916 1256 3978 inebrians.
1277 3918 1342 3977 Per
1361 3916 1473 3976 oleum
1491 3914 1643 3976 doctrina
1662 3913 1869 3976 exhilarans.

224 4009 342 4072 eodem
368 4009 432 4091 (40,
446 4013 501 4093 32)
517 4032 525 4070 :
542 4018 611 4077 ‹In
625 4032 683 4080 ore
696 4018 925 4094 imprudentis·
941 4035 1020 4081 con·
1079 4017 1186 4076 Vinea
1206 4014 1258 4075 est
1278 4012 1485 4074 conscientia
1504 4011 1678 4074 inebrians
1697 4032 1706 4071 :
1722 4027 1868 4083 ommes,

224 4106 415 4172 duicahitur
441 4111 567 4190 iuopia,
589 4113 624 4174 et
647 4115 682 4174 iu
704 4117 822 4177 ventre
842 4118 915 4192 ejus
931 4116 1019 4192 iguis
1074 4111 1227 4172 carnales
1241 4109 1531 4186 voluptuositas
1544 4110 1680 4186 ungeris
1693 4109 1784 4180 oleo,
1798 4109 1869 4187 quia

151 4272 152 4275 ,
224 4205 395 4269 ardebit.»
410 4210 491 4270 Cum
517 4210 607 4272 enim
635 4211 819 4276 delectatur
842 4213 964 4290 impius
982 4214 1020 4275 in
1074 4209 1221 4271 defluant
1239 4223 1299 4286 per
1318 4206 1493 4269 lasciviam
1512 4206 1706 4283 voluptatis,
1730 4207 1869 4279 scilicet,

223 4302 312 4364 analo
341 4321 413 4377 suo,
443 4305 627 4369 delectatur
652 4309 813 4385 quantum
835 4309 933 4386 inops
946 4308 1020 4385 ,ho-
1074 4306 1132 4385 qui
1143 4306 1230 4367 alios
1243 4305 1444 4382 impinguas,
1457 4319 1524 4366 non
1537 4303 1784 4381 impinguatis:
1797 4303 1870 4365 aliis

224 4414 310 4475 nus;
339 4407 374 4464 et
398 4403 473 4465 haec
505 4406 556 4466 est
585 4403 789 4482 nequissima
822 4408 1018 4483 paupertas3
1075 4402 1338 4465 misericordiam
1356 4401 1556 4479 praedicaus,
1579 4401 1653 4462 sine
1673 4401 1751 4464 oleo
1772 4401 1870 4463 mise-

225 4497 313 4558 unde
336 4496 445 4576 (Deut.
459 4503 512 4573 32,
525 4500 579 4581 33)
596 4523 604 4563 z
621 4502 679 4564 Fel
703 4502 885 4565 draconum
905 4504 1019 4564 vinum
1073 4499 1601 4577 ricordiae,etpietatisrcmanes.
1613 4499 1867 4568 concordantia,

225 4609 353 4667 eorum,
370 4596 458 4658 idest
471 4598 660 4662 delectatio.
1073 4598 1135 4662 ioh
1149 4597 1213 4677 (15,
1229 4597 1303 4676 33):
1318 4597 1504 4661 ‹Laedetur
1516 4596 1614 4674 quasi
1629 4596 1732 4658 vinea
1744 4596 1781 4656 in
1798 4595 1868 4672 pri-

265 4691 368 4755 Docet
395 4694 496 4755 stiam
523 4712 585 4757 noe
608 4696 819 4774 disciplinam
849 4701 948 4773 Deus,
978 4698 1020 4760 do
1074 4711 1128 4757 mo
1147 4696 1232 4758 flora
1243 4694 1360 4756 hotrum
1379 4696 1463 4771 ejus,
1485 4697 1520 4756 at
1538 4694 1635 4771 quasi
1655 4693 1748 4755 oliva
1764 4693 1868 4771 proji-

224 4804 289 4868 qua
317 4791 548 4854 Ecclesiastici
577 4791 621 4874 (1,
646 4792 698 4872 31)
727 4798 824 4857 :alu
848 4795 1019 4858 thesauris
1074 4794 1168 4856 ciens
1191 4793 1308 4855 dorem
1331 4807 1472 4852 suum.»
1492 4792 1610 4862 Vinea,
1639 4792 1669 4853 si
1697 4793 1736 4853 tn
1756 4793 1869 4867 primo

224 4887 399 4965 sapientia
414 4888 616 4966 significatio
636 4890 832 4968 disciplinae.
847 4893 1020 4970 »sapiens
1073 4893 1160 4964 flore
1174 4891 1252 4968 gelu
1269 4890 1429 4966 tangitur,
1447 4904 1514 4950 non
1535 4888 1615 4951 iacit
1637 4888 1799 4963 huctum3
1813 4888 1869 4948 eut

223 4986 313 5046 enim
328 4986 554 5065 indisciplina
581 4988 801 5066 flagellorum,
824 4990 919 5067 quasi
939 4990 1017 5052 the·
1074 4979 1230 5051 si'calore
1251 4987 1355 5049 nimio
1376 4986 1542 5056 aduritur,
1558 4984 1671 5048 delicit
1690 4989 1764 5062 ejus
1782 4985 1869 5045 irne—

222 5098 361 5146 saurum
386 5084 628 5160 absconditum,
656 5085 816 5164 intelligit
842 5087 1018 5163 111111111-
1073 5089 1139 5150 tus.
1152 5085 1272 5161 Frigus
1281 5085 1333 5146 ast
1344 5083 1487 5174 avaritia
1498 5082 1735 5158 constringens
1748 5082 1868 5150 :calon

223 5178 359 5254 tionem,
385 5183 551 5259 quomodo
579 5184 708 5246 scilicet
733 5184 852 5247 deheat
873 5184 1018 5260 lugerea
1074 5181 1220 5254 luxuria,
1242 5184 1276 5243 at
1297 5181 1463 5259 cupiditas
1479 5179 1684 5251 dissolvens,
1702 5184 1739 5242 et
1757 5179 1870 5255 dispo·

221 5275 309 5339 lacie
332 5292 443 5360 arctis,
474 5280 560 5343 idest
576 5281 708 5359 ludicii,
733 5281 774 5343 de
800 5297 864 5359 qua
883 5281 1018 5358 signid-
1074 5298 1157 5344 nens
1183 5281 1225 5344 ad
1252 5279 1363 5342 omnia
1387 5293 1486 5339 suum
1510 5292 1752 5355 possessorem.
1779 5275 1873 5337 Talis

223 5377 355 5438 catione
365 5377 401 5437 in
414 5377 557 5439 Psalmis
573 5376 638 5457 (50,
654 5377 688 5458 6)
702 5400 710 5439 :
724 5396 742 5440 ‹
758 5379 884 5442 Dedisti
897 5381 1019 5442 timen-
1074 5381 1210 5458 propter
1224 5377 1330 5454 frigus
1345 5376 1509 5446 avaritiae,
1520 5375 1554 5437 et
1566 5374 1714 5438 calorem
1726 5372 1873 5435 luxuria

222 5471 311 5534 tihus
336 5470 384 5553 (1)
412 5476 445 5538 te
473 5474 764 5551 significationem,
791 5479 827 5548 ut
851 5476 981 5556 lugiunt
998 5493 1018 5539 a
1073 5476 1289 5540 contabescit.
1306 5473 1413 5547 Oliva,
1427 5473 1456 5534 si
1470 5470 1593 5538 11111111
1612 5470 1766 5546 leniatur,
1781 5468 1869 5532 sini·

261 5646 301 5715 ll)
314 5649 399 5721 vulg.
417 5666 426 5707 :
443 5651 644 5711 manentibus.
1109 5654 1151 5726 (1)
1163 5652 1248 5725 vulg.
1266 5647 1499 5709 :sufferentiam
