3950 6200
58 348 59 401 ᾗ
134 307 184 369 soa
617 302 950 371 *mouucounua
965 331 1008 349 -
1025 300 1229 368 nuensna.
1476 284 1480 289 “
1689 307 1753 371 aaa

133 463 231 529 menta
242 461 329 525 zelus
342 461 421 525 fidel
434 476 510 525 eum
524 461 659 527 enixius
673 462 899 541 perurgebat.
944 436 1009 528 *ret
1030 507 1039 525 .
1062 465 1262 543 periciorem
1285 478 1362 527 eum
1385 463 1552 527 nouerant
1573 462 1695 531 iratres
1713 464 1752 531 iu

133 565 161 627 et
179 559 320 638 martyni
346 561 420 623 sitis
444 560 481 621 in
508 560 609 623 corde
639 561 733 623 illius
759 577 902 624 accensa
957 561 1122 624 abluenda
1149 562 1371 641 suppellectili
1405 562 1558 653 coquine,
1587 577 1687 641 quam
1716 563 1751 625 in

132 660 286 739 quiescere
318 674 397 720 eum
429 658 622 740 nudatenus
661 659 899 736 permittebat.
956 659 1162 736 exponendis
1174 660 1334 722 misteriis
1343 659 1519 737 scripture.
1531 659 1617 733 Quid
1629 660 1752 723 multat

132 756 211 819 unde
224 754 426 818 factumest:
442 755 582 820 utiuxta
592 756 808 833 promissum.
825 755 902 818 data
957 756 1087 819 uiribus
1102 757 1179 820 totis
1193 758 1299 836 quoad
1313 757 1419 835 potuit
1432 758 1600 821 renitens.
1618 757 1751 820 undem

130 853 323 916 sibiliceutia
351 853 507 916 .terram
530 856 793 916 sarracenorum
807 853 903 917 iesti-
956 854 999 915 ad
1027 854 1207 918 clamorem
1244 855 1392 918 omnium
1427 855 1625 933 simpliciter
1659 855 1751 933 loqui

129 967 182 1013 nus
193 950 296 1013 adiret
314 994 323 1011 .
341 951 405 1013 Sed
419 967 483 1029 que
501 951 579 1012 sunt
593 951 740 1014 hominis
755 962 902 1028 cophos-³
956 966 1098 1013 exorsus
1125 954 1185 1015 est.
1221 953 1367 1029 Cumque
1391 952 1539 1014 calamus
1561 952 1620 1014 ille
1643 952 1752 1017 sancti

128 1064 195 1112 cens
214 1048 419 1111 altissimus.
444 1049 482 1110 iu
499 1047 620 1111 taciem
643 1049 675 1111 ei
699 1050 839 1119 restitit.
862 1065 902 1111 ac
957 1049 1103 1127 Spiritus
1123 1048 1237 1126 lingna
1261 1049 1367 1127 ipsius
1389 1050 1559 1113 luculenta
1580 1049 1662 1113 satis
1683 1065 1749 1115 er-

128 1146 270 1211 intentato
284 1149 383 1224 graui
405 1148 542 1211 morbo.
564 1165 624 1226 per
643 1151 749 1213 totum
771 1148 901 1228 hyemis
956 1146 1122 1224 positione
1147 1191 1156 1208 .
1179 1162 1220 1209 ac
1247 1146 1344 1209 breui
1365 1147 1530 1209 sermonis
1555 1146 1751 1226 compendio

128 1245 259 1322 mucium
293 1261 371 1307 eum
400 1246 515 1307 acrius
543 1246 729 1323 flagellauit
755 1291 764 1309 .
786 1247 901 1326 sicque
954 1245 1060 1307 multa
1074 1245 1255 1323 prudenter
1268 1244 1484 1307 disseruisset
1502 1243 1665 1323 stupenda
1679 1244 1751 1305 ha·

128 1341 232 1404 tactum
246 1334 318 1405 e'st:
336 1342 372 1405 ut
385 1358 461 1404 cum
475 1343 516 1405 de
531 1344 700 1422 proposito
714 1360 778 1407 suo
795 1344 901 1408 nichil
954 1341 1024 1404 tres
1036 1341 1258 1405 admiratione
1273 1343 1446 1421 percussi.
1460 1342 1598 1405 intentis
1612 1341 1749 1405 auribus

126 1455 264 1517 prospere
276 1441 389 1501 actum
400 1443 578 1504 cerneret:
594 1457 654 1519 pro
670 1442 901 1520 recuperanda
954 1438 1166 1516 perorantem
1181 1438 1291 1501 uirum
1304 1438 1507 1501 unanimiter
1520 1437 1747 1505 intendebant.

58 1564 59 1621 3
126 1538 228 1598 saltem
242 1539 393 1615 corporis
407 1538 552 1601 sanitate
572 1582 582 1600 .
604 1539 647 1600 ad
661 1540 774 1601 natale
793 1541 900 1603 solum
955 1535 1061 1598 Dabat
1074 1536 1196 1614 quippe
1217 1538 1363 1614 stuporis
1378 1538 1593 1623 augmentum
1611 1579 1619 1596 .
1635 1536 1750 1612 inspe-

126 1634 293 1712 compulsus
315 1637 495 1699 remearet.
521 1637 584 1709 Qui
607 1652 683 1698 cum
707 1637 900 1715 nauigaudc
954 1634 1028 1695 rata
1043 1633 1206 1696 dictorum
1221 1634 1430 1713 profumditas
1451 1633 1533 1696 ised
1555 1649 1618 1696 nec
1637 1632 1749 1694 minus

58 1748 59 1807 u
126 1732 155 1792 in
172 1731 283 1794 linibus
303 1733 471 1811 hyspanie
494 1734 665 1811 applicare
683 1734 897 1812 disponeret.
954 1730 1132 1793 edificabat
1159 1732 1280 1809 spiritu
1304 1730 1352 1811 (1)
1378 1748 1444 1809 quo
1470 1730 1694 1810 loquebatur.
1715 1729 1749 1792 et
1832 1728 1834 1737 ’

58 1834 59 1849 ’
125 1829 269 1892 lusicilie
280 1831 435 1908 partibus
447 1832 623 1893 uentorum
638 1832 784 1910 impulsu
795 1848 831 1895 se
844 1850 901 1911 pc·
954 1828 1201 1892 feruentissima
1212 1830 1346 1893 caritas.
1354 1831 1475 1892 Omnes
1483 1829 1750 1906 deniquesancta

125 1927 207 1988 situm
228 1926 408 1990 cernebat.
431 1928 528 1990 circa
553 1930 685 2008 tempus
717 1932 828 1994 autem
855 1931 901 1992 il·
954 1927 1182 1989 consolatione
1200 1927 1327 2005 perfusi
1348 1926 1571 1989 :humilitatis
1593 1927 1749 1989 meritum

58 2048 59 2053 .
126 2022 183 2083 lud.
196 2024 375 2101 capitulum
390 2026 546 2101 generale
557 2027 644 2104 apud
655 2026 796 2089 asisium
806 2043 900 2090 oons-
954 2023 990 2084 in
1016 2039 1114 2086 seruo
1140 2024 1199 2086 Dei
1227 2022 1373 2087 Antonio
1397 2040 1473 2086 cum
1497 2025 1583 2086 dono
1607 2025 1749 2087 scientie

58 2108 59 2117 ’
125 2119 238 2183 uuum
257 2123 310 2184 est
332 2121 521 2185 celebrari.
545 2124 638 2197 Quod
668 2126 706 2186 ut
737 2126 811 2187 uiro
839 2125 899 2187 Dei
954 2121 1105 2184 uenerati
1121 2122 1209 2184 sunt.

58 2248 59 2273 t
123 2218 245 2280 latomo
257 2234 316 2297 per
331 2219 457 2282 iratres
469 2222 623 2283 Messene
635 2221 783 2285 ciuitatis
795 2222 898 2284 inno·
993 2219 1119 2282 Lectio.
1135 2222 1222 2282 IIII.
1243 2218 1405 2292 Quoniam
1415 2218 1526 2281 autem
1536 2217 1678 2281 testante
1693 2217 1749 2279 do·

58 2312 59 2381 }
124 2314 192 2376 tuit:
205 2317 385 2395 semetipso
410 2316 580 2380 robustior
594 2317 898 2383 iactusradlccum
953 2315 1044 2378 minc
1071 2331 1140 2377 uon
1167 2317 1275 2394 potest
1305 2316 1426 2378 ciuitas
1459 2313 1618 2377 abscondi
1644 2328 1749 2391 super

58 2430 59 2441 ¹
124 2411 240 2489 capituli
253 2416 426 2493 utcumque
440 2415 611 2492 peruenit.
952 2413 1099 2477 montem
1123 2414 1232 2491 posita
1256 2433 1265 2474 r
1287 2428 1354 2475 non
1376 2412 1480 2475 multo
1501 2414 1577 2490 post
1598 2411 1748 2488 tempore

952 2509 1064 2572 delata
1084 2510 1127 2572 ad
1149 2509 1342 2573 ministrum
1364 2524 1481 2571 eorum
1504 2523 1568 2585 que
1589 2508 1745 2583 contige-

316 2612 426 2685 Intt'a
445 2611 677 2674 ebdomadam.
775 2652 778 2657 -
952 2609 1029 2669 rant
1044 2606 1207 2671 relatione
1226 2650 1235 2668 .
1251 2607 1438 2684 interrupto
1461 2605 1583 2684 quietis
1607 2604 1749 2667 silencio

58 2776 59 2793 χ
952 2704 995 2766 ad
1017 2704 1186 2783 publicum
1206 2704 1324 2766 uenire
1352 2704 1543 2780 compulsus
1562 2703 1613 2765 est
1639 2704 1747 2764 antc-

152 2805 263 2867 heotio.
285 2809 315 2867 1.
348 2806 433 2868 Post
452 2804 592 2869 multum
614 2822 695 2869 uero
715 2806 895 2884 temporis.
952 2803 1040 2864 nius.
1074 2802 1227 2864 iniuncto
1253 2817 1397 2879 namque
1420 2800 1485 2863 sibi
1508 2798 1748 2879 predicationis

58 2968 59 2977 .
123 2903 240 2978 mutim
258 2902 382 2965 tratres
413 2901 456 2964 ad
484 2903 653 2966 ciuitatem
684 2903 811 2966 forliuii
837 2920 897 2984 pro
952 2899 1061 2962 officio
1076 2899 1204 2962 heremi
1219 2900 1328 2963 cultor
1341 2899 1522 2963 emittitur.
1539 2898 1572 2960 et
1586 2898 1627 2958 ad
1640 2912 1749 2959 euan-

57 2983 59 2991 ’
124 2999 322 3078 suscipiendis
344 2998 519 3063 ordinibus
539 3001 734 3064 transmitti.
762 3003 896 3064 Conue-
951 2997 1159 3073 gelizaudam
1190 2998 1251 3060 Dei
1278 2997 1420 3075 gloriam
1454 2997 1513 3058 diu
1540 2996 1656 3058 clausa
1688 3009 1748 3056 ora
1824 3063 1827 3069 ,

124 3097 266 3161 aientibus
295 3100 477 3176 igiturex
506 3097 650 3161 diuersis
678 3100 827 3177 partibus
855 3100 897 3163 cb
952 3095 1099 3158 laxantis
1124 3093 1183 3176 (2).
1217 3095 1380 3159 Mittentis
1415 3093 1518 3171 igitur
1548 3092 1747 3156 auctoritate

124 3192 223 3257 dictam
232 3212 369 3259 causam
384 3196 545 3259 tratribus
560 3212 600 3259 ac
610 3197 894 3274 predicatoribus:
951 3193 1129 3255 suffultus:
1145 3194 1181 3254 in
1195 3193 1324 3256 tantum
1338 3191 1575 3271 predicationis
1590 3206 1673 3269 opus
1686 3205 1748 3250 ex-

58 3325 59 3334 .
124 3291 201 3356 adult
218 3295 305 3357 inter
325 3310 385 3357 ecs
411 3294 587 3356 Antonius.
616 3296 765 3358 Instante
785 3297 896 3357 autem
951 3290 1043 3367 plere
1064 3289 1215 3352 studuit.
1236 3291 1273 3353 ut
1294 3305 1416 3352 nomen
1438 3288 1646 3364 euangelista
1663 3302 1745 3362 ges-

123 3388 286 3453 collationis
316 3392 431 3454 hora.
454 3406 584 3453 necnon
605 3392 639 3453 et
664 3392 823 3454 iratribus
854 3408 896 3454 ex
950 3387 1060 3449 torum
1086 3387 1283 3451 strenuitate
1307 3387 1548 3465 compensaret.
1578 3383 1748 3446 Circuihat

58 3477 59 3550 3
123 3500 195 3548 nore
221 3488 443 3567 congregatis.
467 3488 623 3551 Minister
649 3489 715 3551 loci
736 3488 895 3552 tratribus
950 3484 1090 3562 proinde
1117 3484 1273 3547 ciuitates
1298 3488 1332 3548 et
1364 3485 1502 3547 castra.
1529 3483 1622 3544 uicos
1647 3483 1747 3559 atque

58 3571 59 3628 ἒ
124 3581 155 3643 de
171 3585 276 3648 ordine
305 3586 555 3665 predicatorum
576 3586 634 3664 qui
656 3588 692 3648 in
719 3588 895 3664 presencia
950 3582 1173 3659 campestria:
1194 3583 1227 3644 et
1247 3582 1317 3644 uite
1340 3580 1557 3644 seminarium
1580 3580 1668 3642 sicut
1690 3576 1745 3640 al-

124 3684 200 3744 aaut
221 3684 413 3761 supplicare
447 3683 566 3761 cepit.
589 3685 626 3746 ut
651 3684 895 3747 exhortationis
950 3679 1199 3742 liuentissime.
1220 3679 1267 3742 ita
1291 3680 1325 3742 et
1349 3675 1756 3741 feruentissime-cunctis‘

58 3801 59 3848 t
123 3779 210 3851 naua
240 3781 360 3844 salutis
382 3778 523 3842 uerbum
550 3780 746 3843 sicientibus
772 3798 895 3861 propo-
950 3775 1137 3855 spargebat.
1154 3777 1368 3839 Discurrente
1383 3777 1494 3838 autem
1512 3791 1553 3839 eo
1567 3773 1653 3839 &ob
1667 3772 1745 3837 ani-

58 3855 59 3944 t
125 3876 209 3938 noret
949 3874 1352 3953 marumzelumrequiem
1363 3873 1426 3936 sihi
1437 3888 1575 3952 prorsus
1585 3874 1744 3949 negante.

156 3974 266 4035 Lectio
281 3978 331 4038 II.
356 3978 505 4053 Cumque
519 3974 738 4053 improuisum
752 3992 788 4039 se
802 3976 897 4055 quis·
949 3971 1089 4047 contigit
1102 3987 1178 4034 eum
1192 3971 1234 4033 ad
1249 3971 1420 4034 ciuitatem
1435 3971 1672 4033 ariminensem
1685 3984 1744 4031 oe·

123 4080 172 4142 i¹¹0
190 4086 246 4133 nec
265 4073 355 4134 uelle
376 4087 440 4134 neo
460 4072 581 4135 debere
602 4072 776 4150 predicare
796 4089 896 4136 cons-
949 4068 1029 4130 litus
1044 4069 1257 4146 applicuisse.
1273 4068 1336 4132 Ubi
1357 4084 1432 4131 cum
1453 4069 1576 4132 multos
1596 4066 1746 4129 heretica

58 4175 59 4248 ζ
121 4162 229 4229 unam
241 4169 466 4231 asseruisset:
489 4185 673 4232 conuersus
694 4170 734 4232 ad
757 4170 910 4234 tratrem·
949 4169 1103 4229 cerneret
1116 4167 1283 4244 prauitate
1297 4166 1451 4229 delusos:
1468 4167 1652 4228 conuocato
1667 4179 1747 4225 mox
1817 4185 1820 4192 ·

58 4285 59 4290 ¹
120 4259 274 4328 munium
295 4266 448 4345 precepit
466 4266 521 4337 ei.
538 4269 575 4330 ut
593 4267 815 4346 quodcunque
829 4268 893 4331 sibl
948 4264 1052 4327 totius
1073 4263 1221 4327 ciuitatis
1241 4265 1362 4343 populo
1385 4264 1422 4325 in
1445 4262 1579 4326 feruore
1605 4261 1744 4338 spiritus

58 4367 59 4438 ξ
123 4359 236 4433 pinus
255 4363 480 4440 suggereret.
503 4365 715 4441 congregatis
735 4364 894 4429 tratribus
948 4359 1123 4439 predicare
1141 4362 1248 4438 cepit.
1264 4363 1298 4424 et
1311 4363 1368 4439 qui
1383 4360 1665 4439 phylosophorum
1678 4361 1745 4420 non

58 4485 59 4490 .
121 4458 327 4522 annunciaret.
341 4461 419 4521 Nou
432 4459 523 4521 euim
537 4459 781 4524 credebateum
796 4462 893 4540 quic·
948 4459 1090 4521 nouerat
1123 4460 1279 4535 argucias
1307 4502 1316 4520 .
1348 4461 1486 4521 uersuta
1520 4458 1745 4520 hereticorum

58 4571 59 4574 ¹
122 4563 201 4625 quan
221 4555 260 4617 de
280 4556 457 4635 scripturis
478 4573 579 4619 nosse
600 4602 608 4619 .
632 4558 689 4620 sed
711 4574 774 4621 nec
799 4560 894 4636 quic-
949 4555 1103 4632 dogmata
1118 4555 1188 4617 sole
1202 4556 1345 4618 lucidius
1360 4555 1555 4619 contutauit.

123 4661 201 4721 quam
214 4652 276 4715 nisi
296 4653 384 4716 torte
405 4670 469 4732 que
490 4654 533 4716 ad
555 4654 698 4717 officium
720 4657 894 4719 ecclesias-
986 4653 1115 4715 Lectio.
1131 4655 1166 4714 V.
1184 4655 1233 4715 Ita
1245 4654 1376 4715 demum
1389 4653 1530 4716 uerbum
1542 4654 1615 4716 eius
1628 4654 1746 4716 etdcc·
1787 4707 1792 4716 .

122 4741 204 4808 ticum
215 4753 362 4828 spectant
372 4751 509 4829 putabat
521 4753 662 4829 legisse.
681 4769 748 4815 uno
764 4756 893 4817 tantum
946 4750 1037 4812 trina
1052 4750 1210 4813 salutaris
1226 4752 1261 4812 in
1276 4751 1431 4814 cordibus
1451 4752 1663 4814 audiencium
1681 4765 1743 4811 ra·

123 4848 357 4923 presumptionis
389 4848 535 4910 conlisus
577 4849 737 4926 suffragio
767 4894 775 4912 .
806 4851 891 4928 quod
948 4847 1039 4910 dices
1053 4848 1146 4910 drit.
1168 4850 1206 4911 ut
1223 4849 1396 4911 eliminata
1415 4850 1540 4913 erroris
1555 4847 1742 4929 spurcicia.

58 4979 59 4986 .
123 4935 255 5004 uidelicet
279 4960 357 5005 eum
387 4945 577 5008 litteraliter
598 4946 710 5023 loqui.
735 4947 795 5010 uix
818 4964 893 5010 cum
948 4960 1015 5007 non
1033 4962 1140 5024 parua
1161 4947 1372 5009 credencium
1393 4947 1491 5020 turba
1511 4950 1579 5008 Deo
1602 4943 1745 5010 fideliter

123 5040 281 5102 neamus
294 5043 483 5119 exegisset.
507 5043 670 5106 audierat.
947 5043 1135 5106 adhereret.
1159 5046 1195 5105 In
1220 5045 1340 5123 quibus
1368 5044 1743 5106 heresiarchamunum

153 5134 264 5199 Lectio.
285 5142 355 5200 III.
378 5142 508 5201 Reuera
521 5140 610 5201 enim
626 5157 701 5202 cum
715 5141 793 5203 talis
805 5145 895 5205 esset
947 5141 1113 5202 Bouillum
1127 5140 1175 5222 (3)
1192 5142 1347 5222 nomine.
1363 5141 1517 5203 abannis
1529 5140 1667 5215 triginta
1682 5154 1742 5200 er-

124 5223 281 5295 industrie.
303 5238 340 5297 ut
361 5237 520 5299 memoria
542 5253 602 5315 pro
624 5237 720 5299 libris
745 5242 893 5302 uteretur
947 5251 1058 5299 rorem
1070 5236 1118 5319 (4)
1133 5240 1340 5303 infidelitatis
1351 5238 1527 5300 abductum
1538 5252 1597 5314 per
1607 5252 1742 5300 serrium

1067 5319 1071 5328 ι

125 5323 150 5382 et
171 5328 285 5407 eloquii
305 5334 427 5395 mistici
455 5335 562 5411 gratia
592 5334 746 5412 copiosus
770 5337 890 5400 afflue·
948 5351 1045 5397 suum
1066 5338 1247 5399 Antonium
1267 5335 1398 5416 beeth)
1418 5336 1460 5397 ad
1480 5336 1569 5401 uiam
1589 5335 1742 5400 ueritatis

152 5479 186 5550 (tl
203 5486 328 5559 Spiritus.
984 5495 1026 5638 (ἢ
1047 5498 1158 5552 Errorc.

161 5552 187 5621 2)
204 5558 351 5618 laxantur.
983 5566 1013 5636 (5

161 5623 185 5691 3)
201 5627 241 5684 h.
258 5647 265 5686 :
281 5631 476 5703 &cavillum
490 5634 545 5691 al:
562 5633 719 5692 fflncllum.

1046 5569 1132 5624 Deus.
