3950 6200
235 287 294 347 151
854 284 1030 346 HONORII
1051 285 1098 345 111
1119 285 1267 346 OPERA.
1823 294 1881 354 152

235 445 336 509 venia
350 444 446 509 nobis
463 446 635 509 humiliter
643 446 885 523 supplicarunt,
898 446 945 519 ut,
957 461 1033 508 cnm
1086 444 1207 506 litteris
1238 444 1315 505 inde
1339 446 1498 508 coniectis
1521 449 1652 524 plenius
1676 452 1878 527 continetur,

236 544 466 619 possessiones
481 545 625 606 habeant
638 545 673 605 in
692 544 883 621 Semigallia
899 546 932 606 et
949 559 1033 605 con·
1087 543 1172 603 sicut
1185 543 1250 605 rite
1264 543 1337 604 sine
1345 546 1508 620 pravitate
1523 544 1610 607 iacta
1623 548 1684 618 est,
1698 550 1882 624 provideat

237 640 345 715 tingat
379 642 569 714 interdum,
604 643 690 719 quod
725 643 760 702 in
796 641 1033 719 quaestionibus
1087 639 1128 699 ab
1163 642 1303 716 utraque
1340 645 1457 717 sponte
1492 647 1642 718 recepta,
1678 647 1881 707 auctoritate

238 739 482 812 emergentibus
502 740 534 799 in
548 756 616 811 eos,
632 756 691 800 seu
705 741 741 800 in
758 755 874 800 eorum
889 739 1030 815 aliquos>
1086 737 1273 812 apostolica
1283 738 1516 798 confirmamus
1529 742 1562 800 et
1570 742 1746 816 praesentis
1760 744 1881 818 scripti

238 849 265 896 a.
278 836 463 896 venerabili
485 837 588 899 iratre'
612 838 726 898 nostro
745 838 900 915 episcopo
925 836 1034 897 Semi·
1086 835 1272 910 patrocinio
1298 836 1549 897 communimus.
1576 837 1624 897 Ad
1641 841 1800 914 majorem
1817 856 1882 900 an-

238 931 348 1007 gallim
379 936 732 997 excommunicationis
761 935 924 997 sententia
952 950 1034 1010 pro·
1086 933 1153 991 tem
1168 932 1217 991 rei
1229 932 1439 1003 evidentiam,
1453 935 1602 995 tenorem
1622 935 1810 996 litterarum
1825 938 1883 1013 ip-

238 1027 376 1098 ieratur‚
393 1032 426 1093 et
446 1034 581 1108 propter
603 1033 751 1093 locorum
773 1031 965 1093 distantiam
980 1031 1030 1091 eis
1086 1043 1198 1089 sarum
1211 1030 1366 1090 duximus
1381 1030 1421 1091 de
1446 1031 1547 1092 uerbo
1563 1031 1605 1091 ad
1631 1033 1769 1093 verbnm
1791 1049 1883 1110 prae-

237 1124 373 1187 dillloile
389 1128 433 1189 sit
446 1129 668 1204 Apostolicam
690 1128 807 1189 Sedem
822 1128 926 1199 adire,
942 1143 1031 1203 qno·
1086 1126 1236 1187 sentibus
1250 1126 1477 1188 inserendum:

238 1221 327 1282 tiens
350 1223 383 1283 id
405 1226 576 1300 contingit,
602 1241 702 1303 snper
724 1225 797 1287 baec
820 1226 869 1287 eis
890 1227 1032 1302 paterna
1125 1223 1331 1285 «innomine
1344 1226 1467 1286 sanctae
1483 1225 1516 1286 et
1530 1225 1711 1287 individuae
1731 1226 1884 1291 Trinita-

237 1320 411 1395 providere
446 1322 671 1383 sollicitudine
705 1323 931 1398 dignaremur.
969 1324 1033 1382 Vo·
1085 1319 1140 1380 tis.
1157 1323 1379 1393 Hermannus,
1395 1322 1455 1382 Dei
1475 1323 1767 1397 gratiaLealensis
1788 1324 1885 1400 epis-

238 1416 345 1477 lentas
359 1417 463 1492 igitur
476 1420 608 1480 eosdem
634 1420 829 1496 magistrum
852 1421 885 1481 et
908 1418 1031 1480 iratres
1086 1432 1199 1493 copus,
1232 1417 1384 1479 omnibus
1406 1418 1469 1480 hoc
1495 1420 1656 1496 scriptum
1677 1420 1878 1495 legentibus,

239 1512 300 1574 sub
327 1515 500 1590 religionis
522 1517 658 1580 obtentu
681 1518 717 1578 in
741 1519 803 1578 hoc
826 1517 859 1578 et
882 1517 916 1577 in
941 1516 1029 1587 aliis,
1085 1514 1226 1576 salutern
1241 1515 1274 1575 in
1288 1531 1338 1587 eo,
1349 1516 1405 1593 qui
1418 1516 1470 1577 est
1489 1516 1580 1577 salus
1595 1518 1754 1581 omnium.

239 1613 397 1687 quantum
412 1615 592 1675 secundum
607 1618 710 1676 Deum
727 1630 914 1692 possumus,
931 1630 1032 1675 exau·
1124 1613 1276 1673 «Notum
1287 1629 1360 1674 esse
1375 1614 1527 1676 volumus
1545 1616 1612 1676 tarn
1630 1615 1763 1687 suturis,
1780 1631 1884 1692 quam

238 1706 321 1780 dire,
338 1710 537 1773 fraternitati
551 1715 615 1774 tuae
629 1728 688 1790 per
698 1712 887 1788 Apostolica
908 1712 1031 1788 scripta
1085 1710 1314 1784 praesentibus,
1345 1711 1431 1787 quod
1456 1712 1496 1772 de
1521 1712 1662 1773 consilio
1675 1712 1883 1774 venerabilis

238 1807 444 1880 mandamus,
461 1814 622 1887 quatenus
641 1810 821 1888 requisitus
838 1809 879 1869 ab
898 1808 946 1869 eis
966 1824 1030 1869 ex·
1084 1805 1197 1867 fratris
1216 1807 1323 1868 nostri
1342 1808 1479 1880 Alberii,
1495 1809 1650 1884 Rigensis
1669 1811 1831 1887 episcopi,
1849 1812 1884 1872 et

239 1906 548 1968 communicationis
570 1924 629 1968 seu
647 1908 817 1968 interdicti
835 1907 1028 1977 sententias,
1084 1903 1236 1965 ecclesiae
1247 1920 1328 1976 suae,
1356 1907 1608 1982 peregrinorum
1626 1923 1758 1983 quoqne
1770 1922 1811 1968 ac
1827 1909 1882 1968 ci-

238 2017 321 2079 quas
354 2004 389 2062 in
421 2020 478 2064 eos
505 2005 559 2067 vel
590 2021 705 2067 eorum
734 2006 807 2066 loca
835 2005 1030 2081 praedictum
1085 2001 1176 2062 vium
1212 2002 1418 2075 algendum,
1451 2020 1525 2064 curn
1558 2004 1717 2065 iratribus
1748 2005 1883 2066 militiae

240 2100 431 2177 episcopum
453 2103 628 2177 contigerit
646 2103 874 2187 promulgare,
898 2101 1031 2163 relaxes
1086 2096 1219 2168 Christi,
1232 2099 1330 2173 juxta
1353 2099 1439 2174 quod
1460 2100 1493 2160 in
1517 2101 1708 2162 authentico
1729 2103 1881 2178 ipsorum

235 2197 332 2272 Juxta
343 2198 482 2259 sormam
491 2199 647 2260 Ecclesiae
656 2202 857 2271 consuetam,
867 2199 931 2258 nisi
942 2199 1030 2259 idem
1085 2194 1284 2266 continetur,
1305 2194 1406 2255 talem
1425 2195 1564 2258 lecimus
1587 2199 1878 2274 compositionem,

237 2295 411 2371 episcopus
435 2312 455 2356 a
478 2297 510 2357 te
533 2296 751 2358 commonitus
783 2313 839 2358 eos
875 2296 1030 2357 relaxare
1085 2292 1122 2351 ut
1136 2291 1321 2352 videliceta
1334 2292 1430 2353 nobis
1447 2296 1479 2354 et
1492 2309 1511 2353 a
1526 2296 1648 2355 nostris
1664 2295 1882 2356 successori-

238 2393 406 2453 curaverit
420 2392 506 2454 inira
522 2395 710 2465 terminum,
724 2410 819 2470 quem
835 2394 866 2455 ei
884 2396 940 2454 tua
952 2409 1032 2469 pro·
1085 2387 1147 2447 bus
1160 2389 1224 2463 ipsi
1235 2389 1370 2450 teneant
1390 2390 1533 2450 mediam
1547 2391 1683 2452 circiter
1703 2393 1880 2467 regionem

237 2488 384 2550 videntia
412 2490 546 2552 duxerit
572 2490 824 2568 praeligendum,
855 2489 1029 2550 auditurus
1085 2485 1296 2561 episcopatus
1312 2487 1428 2557 nostri,
1441 2487 1778 2562 iurisdictionecivili
1794 2505 1880 2564 per-

169 2572 174 2583 ’
211 2619 216 2628 ·
238 2586 457 2662 postmodum,
475 2588 503 2647 si
516 2589 594 2664 quid
608 2589 807 2649 remanserit
822 2587 1029 2664 quaestionis,
1085 2583 1183 2657 petuo
1193 2583 1435 2657 possidendam,
1453 2600 1527 2644 curn
1555 2584 1718 2656 ecclesiis,
1735 2585 1878 2645 decimis

237 2682 272 2742 et
285 2682 351 2743 fine
365 2682 482 2744 debito.
496 2684 678 2744 decisurus.
701 2686 736 2745 Si
755 2686 866 2745 autem
881 2686 913 2746 te
928 2699 1029 2744 causa
1083 2680 1116 2739 et
1125 2679 1215 2738 omni
1233 2679 1454 2741 emolumento
1468 2681 1654 2756 temporali,
1678 2682 1805 2743 terram
1826 2683 1883 2743 ri-

238 2779 441 2854 praedicandi
470 2780 510 2840 ad
542 2781 615 2842 loca
645 2782 824 2842 remotiora
847 2783 898 2841 ire
920 2782 1029 2841 conti·
1083 2774 1202 2836 delicet
1243 2777 1408 2849 sechem,
1441 2778 1689 2853 N⁰rmlgssssdae2
1731 2780 1876 2851 Mockae·

237 2876 334 2950 gerit,
345 2875 527 2938 alicuiviro
537 2878 689 2954 prudenti
699 2878 884 2939 committas
894 2878 1029 2938 interim
1083 2873 1254 2954 cumsuig
1267 2873 1464 2945 attinentiis,
1488 2876 1521 2936 et
1546 2875 1717 2935 dimidiam
1744 2878 1876 2953 partem

237 2972 423 3034 ricestuas.
438 2977 555 3036 Datum
568 2976 736 3047 Laterani,
751 2978 795 3037 IV
807 2975 881 3035 idus
896 2974 1030 3035 decem·
1082 2968 1181 3029 101¹?ae
1196 2969 1355 3044 Vaigelae‚
1368 2970 1460 3031 Salvo
1471 2970 1506 3030 in
1522 2971 1673 3031 Omnibus
1688 2970 1784 3032 nobis
1794 2975 1876 3048 jure

1082 3065 1260 3144 spirituali.
1291 3068 1328 3127 ln
1357 3066 1489 3145 illisque
1514 3069 1613 3130 terris
1640 3085 1699 3146 per
1713 3070 1878 3131 ecclesias

1082 3179 1161 3224 snas
1176 3179 1335 3240 personas
1351 3164 1487 3226 idoneas
1500 3166 1675 3228 instituent
1689 3168 1721 3229 et
1736 3183 1795 3228 eas
1808 3168 1879 3228 ins·

1081 3261 1248 3322 tituendas
1263 3261 1358 3322 nobis
1377 3262 1633 3337 praesentabunt.
1652 3266 1716 3323 Pro
1736 3264 1790 3324 his
1805 3280 1876 3326 au-

1081 3357 1880 3436 temterrisnullumnobisiemporaleservitium

237 3069 317 3142 bris,
334 3071 545 3150 pontificatus
559 3073 666 3135 nostri
680 3087 768 3135 anno
783 3073 967 3135 undecimo.

571 3341 698 3427 XXIV

249 3492 301 3551 Ad
315 3490 522 3566 magistrum
538 3490 571 3552 et
582 3492 715 3565 fratres
726 3491 859 3552 militiae
873 3490 1013 3551 obusti.

497 3622 531 3678 10
545 3619 674 3677 decemb.
692 3619 771 3678 1225.

236 3741 330 3806 [blitth.
341 3756 364 3793 a.
380 3743 405 3793 d.
420 3742 536 3795 Geschir.
547 3745 604 3797 Liv.
615 3745 686 3796 Ehst.
700 3758 726 3793 u.
744 3742 882 3802 Kurlunds,
895 3742 960 3800 vill,
973 3742 1027 3800 iel,

595 3839 622 3873 n.
632 3825 669 3885 6.]

235 3928 478 4000 compositionem
503 3930 577 3986 inter
594 3930 763 4001 magistrum
779 3927 936 3999 fratresque
950 3928 1025 3986 mili·

271 4017 318 4073 tiae
335 4015 479 4075 christiin
496 4016 615 4075 livonia
630 4032 666 4074 ex
676 4024 756 4089 parte
769 4031 827 4074 una
841 4026 869 4073 et
885 4018 1025 4074 llerman-

270 4119 339 4161 num
351 4105 516 4177 episcopum
532 4105 699 4162 beclensem
709 4119 746 4162 ex
757 4105 843 4162 altera
863 4119 949 4177 super
964 4105 1026 4178 qui·

267 4191 389 4250 busdam
405 4194 487 4250 terris
497 4194 657 4250 confirmat.

274 4321 452 4401 Honorius,
469 4328 545 4401 etc,
555 4329 715 4404 magistro
722 4329 758 4390 et·
770 4327 928 4389 iratribus
942 4328 1028 4388 mili·

235 4417 317 4485 litiae
336 4425 470 4498 Christi,
487 4426 549 4487 etc.

274 4523 321 4581 Ea
336 4538 408 4597 quae
420 4522 546 4598 judicio
561 4522 614 4583 rel
630 4522 806 4583 concordia
822 4521 1025 4593 statuuntur,

1081 3454 1172 3515 aliud
1188 3453 1401 3525 exhibebunt,
1419 3455 1483 3515 nisi
1506 3457 1591 3534 quod
1606 3472 1665 3533 pro
1682 3458 1881 3534 episcopatu

1082 3553 1878 3630 nostroincursushostiumjugiterdecantabunt,

1081 3648 1164 3709 etin
1189 3649 1417 3724 spiritualibus
1444 3650 1539 3711 nobis
1552 3650 1717 3722 obedient,
1739 3654 1786 3723 et,
1800 3668 1881 3712 curn

1081 3745 1211 3806 ratione
1233 3745 1335 3806 cilicii
1359 3745 1557 3823 episcopalis
1581 3748 1742 3809 ecclesias
1759 3763 1881 3810 eorum

1081 3841 1301 3913 visitabimus,
1337 3859 1501 3919 expensas
1533 3844 1628 3905 nobis
1663 3847 1878 3906 necessarias

1081 3938 1327 4001 ministrabunt.
1345 3941 1497 4002 Fluvium
1520 3943 1630 4002 autern
1653 3944 1811 4020 Emajoga
1833 3942 1881 4003 li-

1080 4035 1196 4097 berum
1221 4037 1453 4113 relinquimus,
1479 4037 1531 4099 rel
1554 4039 1766 4115 gurgustium
1785 4041 1880 4114 regis

1082 4133 1255 4194 dimidium
1264 4135 1314 4195 eis
1327 4134 1539 4196 dimittemus.
1550 4137 1600 4196 Ne
1615 4136 1689 4212 quis
1703 4136 1814 4197 autem
1827 4137 1880 4197 eis

1082 4245 1182 4306 snper
1204 4230 1266 4290 hac
1295 4234 1408 4291 nostra
1433 4232 1652 4292 concessione
1670 4232 1879 4294 malitiosum

1082 4326 1203 4389 afferat
1213 4327 1496 4403 impedimentum,
1512 4328 1573 4388 sub
1589 4329 1812 4391 anathematis
1828 4331 1881 4390 in-

1081 4424 1317 4486 terminatione
1331 4425 1556 4501 prohibemus,
1567 4428 1600 4487 et
1613 4428 1649 4488 ut
1662 4425 1787 4487 factum
1799 4444 1881 4489 nos-

1082 4522 1171 4584 trum
1187 4521 1290 4581 robur
1310 4523 1503 4597 perpetuum
1519 4522 1676 4595 obtineat,
1700 4523 1788 4585 hanc
1800 4540 1881 4585 cer-

236 4616 331 4677 firma
344 4617 463 4688 debent
485 4619 518 4680 et
540 4619 668 4680 illibata
682 4619 867 4680 consistere
878 4619 921 4690 et,
938 4634 980 4678 ne
992 4618 1027 4679 in
1081 4621 1148 4679 tarn
1182 4618 1259 4678 inde
1294 4618 1460 4679 conscribi
1486 4619 1519 4680 et
1546 4619 1657 4694 sigillo
1690 4622 1805 4682 nostro
1845 4626 1882 4685 et

235 4713 391 4774 recidivae
407 4716 628 4776 contentionis
652 4715 844 4792 scrupulum
872 4715 1029 4776 relaban-
1081 4715 1207 4776 domini
1230 4715 1383 4790 Rigensis
1408 4716 1555 4792 episcopi
1579 4719 1612 4777 et
1638 4717 1790 4778 ecclesiae
1806 4735 1881 4800 suae

236 4811 302 4882 tur,
319 4811 509 4886 apostolico
528 4811 684 4873 convenit
697 4812 854 4888 praesidio
875 4799 1040 4871 commu·⁸
1081 4811 1202 4873 muniri
1220 4802 1485 4889 iacimusflnjus
1500 4812 1641 4873 actionis
1655 4814 1758 4874 testes
1774 4819 1875 4878 sunt:

236 4907 316 4968 niri.
352 4909 552 4984 Eapropter‚
583 4908 696 4969 dilecti
729 4907 763 4968 in
784 4907 924 4968 Domino
948 4908 1026 4977 lilii,
1081 4909 1241 4970 Dominus
1275 4908 1444 4980 Albertus,
1484 4909 1640 4984 Rigensis
1683 4910 1880 4988 episcopus,

233 5006 356 5066 restris
367 5005 468 5081 justis
483 5004 763 5081 postulationibus
779 5005 1028 5079 gratoconcur-
1080 5010 1227 5068 ioannes
1251 5005 1449 5082 praepositus
1477 5007 1510 5065 S.
1527 5005 1643 5067 Marim
1669 5006 1704 5066 in
1732 5008 1819 5084 Riga
1845 5014 1882 5072 et

233 5104 347 5164 rentes
367 5118 519 5173 assensn,
547 5102 831 5178 compositionem,
849 5118 923 5178 qum
938 5102 1027 5161 inter
1081 5105 1153 5178 ejus
1164 5102 1357 5172 conventus,
1371 5099 1490 5161 Albero
1504 5100 1596 5176 prior
1608 5102 1643 5160 in
1659 5104 1883 5169 Dunemunde

233 5216 292 5261 ros
307 5217 351 5261 ex
373 5201 467 5276 parte
492 5215 557 5260 una
587 5201 620 5261 et
640 5198 864 5260 venerabilem
890 5198 1026 5259 fratrem
1081 5196 1340 5260 cumfratribus
1377 5197 1459 5268 sule,
1486 5198 1664 5258 Rotmarus
1697 5214 1883 5274 germanus

232 5299 419 5359 nostrum...
433 5298 628 5378 Lealensem
643 5296 834 5373 episcopum
849 5311 892 5356 ex
906 5293 1024 5367 alte'ra,
1081 5297 1206 5365 noster,
1223 5294 1366 5354 Thomas
1378 5292 1540 5370 plebanus
1552 5293 1586 5353 in
1600 5296 1790 5372 Luneburg‚
1805 5315 1885 5360 ras·

234 5408 334 5469 super
349 5395 544 5470 quibusdam
566 5395 677 5464 terris,
693 5392 914 5453 mediantibus
926 5409 1028 5453 vene·
1081 5392 1155 5453 salli
1172 5392 1322 5452 ecclesiae
1337 5390 1491 5465 Rigensis
1509 5411 1515 5450 :
1532 5406 1642 5452 comes
1660 5394 1880 5459 Burchardus

232 5490 333 5552 rabili
346 5490 447 5554 iratre
463 5493 577 5554 nostro
591 5492 729 5568 Rigensi
744 5491 941 5567 episcopoet
952 5492 1026 5566 ejus
1080 5489 1122 5550 de
1134 5487 1337 5562 Aldenbnrg
1353 5486 1471 5547 Daniel
1486 5486 1526 5546 de
1539 5488 1728 5562 Lineward,
1746 5493 1880 5555 Conra-

236 5587 385 5665 collegis,
411 5589 631 5652 amicabiliter
654 5581 844 5660 intervenit,
872 5588 969 5665 prout
990 5587 1025 5648 in
1080 5585 1140 5647 dus
1156 5585 1196 5647 de
1218 5583 1379 5655 lkesoola,
1395 5583 1565 5645 iohannes
1587 5583 1627 5647 de
1647 5586 1763 5659 Dolon,
1779 5606 1882 5666 pere·
