3950 6200
86 313 130 374 501
613 301 937 379 PROLEGOMENA.
951 336 993 350 -
1012 308 1120 368 VITA.
1626 307 1688 371 502

86 469 212 533 debiliter
222 463 460 534 commendans,
472 463 547 540 post
566 465 707 525 mortem
719 478 840 541 corpus
895 465 1054 536 omnium,
1069 482 1143 543 quae
1156 466 1286 539 dorent,
1301 466 1432 529 urbium
1456 450 1687 529 fortunatissi-

87 574 138 646 ojus
156 564 287 642 quinque
302 561 417 622 diebus
431 562 640 623 inhumatum
665 562 837 634 remansit,
893 579 981 623 mam
997 560 1255 626 conimbricam
1266 565 1314 626 Ad
1329 581 1469 641 quarum
1481 564 1688 627 feracitatem

87 682 131 728 nec
140 664 197 723 ulla
205 660 322 723 exinde
338 660 503 735 corruptio
514 658 689 721 subsecuta
704 662 765 733 θεῖ,
782 661 841 721 aut
894 661 968 731 soli,
986 661 1216 724 salubritatem
1228 662 1314 730 coeli,
1336 662 1596 739 hospitalitatem
1611 662 1686 733 sali,

86 765 157 825 latur
178 758 352 828 exhalavit,
366 773 439 818 cum
463 759 575 818 tamen
597 757 690 819 calor
704 758 840 817 immen·
894 772 1005 819 rerum
1018 760 1177 831 omniurn,
1192 775 1273 837 quas
1287 759 1467 829 desideres,
1481 760 1685 831 felicitatem,

87 858 204 921 ειεθεεθῖ
214 855 422 933 utpotejunio
433 870 557 927 mense,
566 854 719 915 omnibus
728 855 837 930 aegris,
895 872 1000 917 novus
1015 856 1148 932 quidam
1162 857 1312 919 cumulus
1325 859 1477 931 accessit,
1492 873 1558 919 non
1574 858 1688 935 huma·

86 956 169 1035 quiad
182 953 403 1032 eJusluculum
427 952 641 1020 accedebant,
663 967 722 1029 pen
747 952 838 1029 ipsos

86 1055 198 1132 qnoque
210 1052 497 1129 diesquocumque
515 1049 678 1126 languore
696 1050 835 1111 sanatis.

87 1153 197 1231 (lacus
208 1146 306 1227 uita)

125 1347 273 1409 Antonius
297 1349 509 1408 Possevtnus
534 1345 657 1409 Soctet.
682 1347 776 1408 lesa.

110 1518 148 1577 23.
166 1514 321 1577 Antonius
353 1514 638 1592 Ulissipponensis
659 1514 839 1576 Lusitanus

87 1613 186 1675 Ordinis
204 1612 368 1673 hilnorum
392 1615 426 1673 S.
445 1611 616 1674 Francisci
641 1610 837 1688 discipulus,

88 1710 234 1779 sanctitate,
258 1710 443 1782 miraculis,
477 1711 510 1771 θῖ
538 1709 689 1771 doctrina
715 1708 837 1781 clarus,

88 1824 154 1884 quen
165 1812 251 1883 creg.
266 1823 376 1869 nonus
392 1807 547 1870 Pontifex
557 1809 646 1868 Max.
656 1822 768 1868 arcam
776 1808 840 1868 tes·

89 1906 187 1967 bnenti
197 1905 334 1968 vocavit.
351 1904 493 1982 Scripsit
506 1920 676 1966 sermones
700 1904 740 1965 de
755 1906 840 1967 tem-

88 2020 141 2079 pore
149 2003 176 2065 et
187 2004 224 2064 de
236 2003 375 2065 sanctis.
388 2000 665 2082 (inapparatu.)

112 2221 288 2279 Francscus
297 2221 450 2280 Maurus
458 2219 596 2280 ordiaris
608 2218 794 2280 Miaccum.

88 2382 117 2439 a.
126 2385 179 2441 ...lli
188 2385 284 2442 virtute
300 2400 387 2458 pares
400 2384 451 2457 (l),
467 2384 630 2457 tenerisque
644 2383 802 2457 subsonis,

89 2471 150 2528 tntu
159 2487 206 2531 una
221 2473 366 2532 obducunt
381 2473 481 2547 rigidis
495 2488 546 2531 sua
561 2488 680 2546 corpora
691 2474 777 2546 lanis,

89 2559 150 2617 tubo
159 2562 322 2621 seaddicunt
336 2563 424 2631 divis,
436 2563 550 2635 arisque
564 2561 695 2634 deorum,

90 2647 134 2705 luda
143 2664 209 2707 acres
222 2652 360 2710 membris
371 2651 518 2723 solidaque
532 2658 615 2709 atate
629 2652 767 2723 virentes,

89 2735 123 2792 tre
132 2744 211 2797 boare
221 2740 316 2812 ambo,
331 2755 388 2798 ceu
403 2739 515 2813 fulgura
529 2739 752 2813 blandientur,

88 2824 175 2884 hient
193 2829 320 2887 mandata
339 2829 431 2902 patris
444 2836 613 2901 vastumque
626 2845 677 2902 per
691 2828 800 2900 orbem,

89 2914 196 2986 suggestis
207 2933 287 2991 super
306 2919 426 2989 excelsi,
440 2933 474 2975 ac
488 2918 624 2976 divinitus
644 2919 709 2989 acti,
775 2917 834 2992 [tis.

89 3001 173 3075 lingere
182 3007 258 3063 corda
270 3007 422 3065 hominum
435 3010 464 3064 et
476 3010 583 3065 sanctis
592 3022 766 3081 componere
777 3007 835 3065 die·

239 3115 290 3194 (ln
302 3105 466 3179 Historia
480 3120 652 3189 Francis„
668 3116 724 3177 lib.
738 3114 795 3196 ΙΙ.)

59 3403 60 3408 ¹
89 3318 247 3383 Fruwbcas
263 3324 469 3385 Merrdostus
493 3323 615 3384 societ.
640 3326 724 3385 lesu
738 3323 833 3385 Dect.

59 3415 60 3424 ’
296 3424 409 3483 Tbeot.
432 3422 590 3498 testonis.

111 3585 147 3644 25.
160 3588 302 3661 Felicem,
311 3588 417 3661 actor,
428 3589 461 3651 et
471 3588 614 3665 amplius
625 3589 756 3652 felicem
769 3592 837 3651 Lu-

88 3679 215 3746 sinnam!
229 3688 379 3761 Beatam,
395 3688 428 3749 et
440 3686 553 3748 multis
563 3687 838 3750 nominibusbea·

88 3777 131 3838 tan
148 3782 372 3862 Ulissiponemt
403 3785 717 3847 Fortunatissimam
738 3786 837 3864 atque

894 970 946 1016 uae
959 954 1139 1027 beatitatis,
1154 956 1211 1016 sed
1225 954 1386 1017 divinae...

933 1052 1047 1113 Virtus
1062 1053 1209 1124 Antonii,
1227 1069 1325 1129 quam
1341 1054 1490 1113 omnium
1507 1053 1687 1119 Lusitano-

893 1164 967 1209 rum
977 1149 1154 1226 imperium
1164 1151 1265 1211 latius
1276 1166 1312 1211 εθ
1325 1150 1466 1211 effundit
1476 1150 1508 1210 θῖ
1520 1150 1684 1211 extendit!

893 1247 1210 1324 illienim,quamvis
1221 1249 1372 1309 inomnia
1382 1248 1485 1308 libere
1494 1248 1685 1319 excurrant,

893 1347 1004 1406 tamen
1012 1345 1160 1421 ejusdem
1168 1347 1267 1408 terrae
1278 1345 1436 1407 limitibus
1444 1344 1687 1422 circumscripti

892 1442 929 1502 in
943 1442 1215 1517 angustissimum
1227 1443 1449 1520 possessionis
1459 1459 1577 1521 gyrum
1592 1458 1686 1504 com·

894 1539 1074 1618 pelluntur.
1090 1540 1254 1601 Antonius
1269 1542 1404 1611 terram,
1415 1555 1621 1617 quacumque
1632 1555 1687 1617 pa·

893 1638 950 1708 tet,
972 1638 1092 1715 premit
1118 1638 1257 1714 imperio
1275 1659 1282 1699 :
1297 1639 1402 1699 maris
1427 1639 1553 1699 nullius
1568 1641 1686 1715 jugum

892 1735 1050 1812 patientis
1077 1736 1251 1797 contundit
1279 1736 1349 1798 iras
1375 1757 1383 1796 ι
1409 1751 1521 1798 aerem
1547 1736 1688 1797 licenter

892 1834 1104 1909 evagantem,
1130 1837 1212 1895 nutu
1236 1834 1322 1910 regit
1338 1833 1447 1910 :ignis
1474 1833 1684 1905 edacitatem,

892 1946 935 1993 ne
950 1932 1061 1993 omnia
1077 1933 1203 2009 pariter
1217 1932 1364 2005 devoret,
1376 1932 1557 2010 compesuit
1572 1953 1579 1992 :
1596 1931 1688 2009 quid·

892 2029 970 2106 quid
982 2029 1072 2091 inira
1085 2029 1198 2092 lunam
1212 2032 1273 2102 θεῖ,
1288 2031 1468 2107 supercilio
1483 2030 1684 2091 moderatur.

933 2127 1082 2189 Gaudeat
1098 2128 1254 2205 Ulissipo,
1268 2128 1450 2206 triumphet
1463 2127 1684 2200 conimbrica,

892 2225 1066 2286 Lusitania
1081 2226 1239 2289 universa
1252 2226 1427 2299 hilaretur,
1444 2226 1559 2288 nutrix
1572 2225 1687 2286 coeles·

891 2323 934 2385 tls
949 2323 1077 2394 militis,
1095 2324 1128 2384 et
1139 2324 1307 2384 tantarum
1320 2338 1441 2401 parens
1454 2322 1606 2385 loecunda
1621 2321 1687 2383 vir·

890 2421 1009 2492 tutum,
1026 2436 1099 2497 quae
1123 2421 1275 2483 eumdem
1294 2421 1394 2482 habet
1417 2420 1503 2498 apud
1521 2422 1636 2492 Deum,
1652 2420 1686 2481 θῖ

891 2518 1074 2585 alumnum,
1091 2518 1125 2581 et
1148 2520 1336 2596 patronum.
1359 2521 1428 2580 lmo
1450 2518 1539 2580 totus
1558 2516 1685 2579 exultet

891 2614 993 2687 orbis,
1019 2632 1097 2678 nam
1118 2616 1197 2678 licet
1221 2613 1401 2695 (Antonius
1423 2612 1619 2694 Patauinae)
1642 2615 1686 2676 sit

891 2713 1067 2790 privilegio
1082 2713 1262 2790 sepulchri,
1280 2713 1552 2790 Ulissiponensis,
1569 2710 1687 2774 condi-

889 2811 981 2873 tione
991 2810 1187 2883 incunabili,
1202 2810 1493 2883 conimbricensis,
1506 2810 1596 2872 sorte
1607 2809 1687 2871 edu-

890 2908 1045 2981 cationis,
1069 2909 1216 2971 omnium
1239 2911 1352 2971 tamen
1378 2911 1430 2971 est
1453 2907 1685 2970 communione

891 3005 1066 3082 suffragii:
1084 3023 1151 3068 non
1176 3006 1264 3067 enim
1288 3006 1455 3068 clauditur
1475 3004 1571 3077 locis,
1597 3004 1684 3081 quod

890 3103 1072 3166 effunditur
1083 3106 1222 3167 meritis.
1234 3106 1394 3168 Omnibus
1404 3104 1518 3181 lingua
1534 3104 1592 3165 illa
1607 3103 1686 3168 data

890 3203 941 3263 est
955 3203 991 3262 in
1015 3202 1147 3279 pignus
1174 3206 1210 3265 ut
1231 3219 1290 3279 pro
1306 3202 1459 3264 omnibus
1483 3205 1587 3262 Deum
1601 3200 1682 3262 oret.

891 3301 928 3360 ln
944 3314 1009 3361 uno
1024 3299 1197 3371 Zacharia,
1207 3321 1208 3325 ¹
1219 3315 1296 3361 nam
1310 3300 1359 3362 ait
1374 3299 1579 3370 Ambrosius,
1595 3298 1684 3360 totus

890 3396 931 3457 ad
945 3400 1048 3458 Deum
1066 3397 1206 3474 populus
1219 3396 1427 3474 loquebatur.
1441 3400 1480 3458 ln
1493 3411 1559 3457 una
1568 3395 1684 3471 lingua

889 3495 1025 3557 Antonii
1038 3496 1107 3558 tota
1121 3495 1278 3572 Ulissipo,
1295 3496 1363 3558 tota
1378 3493 1599 3566 conimbrica,
1614 3493 1683 3556 tota

891 3592 1076 3664 Lusitania,
1091 3594 1160 3655 tota
1182 3593 1291 3665 Italia,
1306 3594 1396 3655 totus
1418 3592 1508 3653 orbis
1523 3591 1564 3652 ad
1580 3594 1684 3651 Deum

891 3690 1039 3767 loquitur
1054 3690 1128 3751 sine
1138 3689 1237 3751 dubio
1248 3689 1445 3752 audiendus.
1462 3688 1639 3769 (Oratione
1652 3689 1682 3760 l,

891 3791 933 3850 de
944 3791 980 3851 S·
995 3789 1144 3851 Antonio
1155 3791 1193 3851 tn
1207 3785 1404 3868 viridario.)

435 4137 549 4195 VITA
584 4137 769 4197 SANCTI
800 4137 1019 4198 ANTONII
1050 4137 1293 4199 PADUANI.

261 4405 402 4466 CAPUT
423 4405 605 4465 PRIMUM.

135 4542 355 4609 cenzusauctt
369 4548 522 4615 Antonii,
543 4547 577 4608 et
596 4546 760 4621 emata.

890 4403 1027 4467 Antonii
1038 4408 1193 4481 parentes
1209 4405 1383 4466 honestum
1394 4403 1685 4466 habueredomici·

889 4502 982 4575 lium,
993 4503 1076 4579 ipsis
1088 4502 1440 4580 templiloribusvalde
1449 4502 1682 4580 propinquum.

877 4599 1033 4670 catillis,
1050 4600 1172 4676 inipso
1188 4601 1373 4677 juventutis
1388 4600 1471 4662 flore
1487 4602 1684 4678 procreatus

114 4687 194 4754 tutin
209 4698 387 4759 Lusitaniae
402 4712 506 4774 regno
529 4697 571 4759 ad
586 4696 719 4774 plagam
740 4695 833 4757 occi·
889 4699 925 4758 B.
950 4697 1125 4769 Antonius,
1151 4714 1225 4759 cum
1248 4698 1336 4759 sacri
1358 4697 1566 4776 baptismatis
1591 4698 1685 4759 salu·

88 4777 220 4866 dentatam,
241 4795 275 4857 in
299 4797 457 4859 extremis
486 4794 576 4857 orbis
605 4794 727 4855 linibus
755 4792 834 4854 urbs
888 4793 1017 4857 taribus
1032 4794 1227 4872 expiaretur
1248 4795 1358 4869 undis
1377 4796 1544 4859 Fernandi
1563 4811 1684 4857 nomen

88 4884 207 4960 llaedam
221 4909 315 4968 quam
331 4895 452 4955 incolae
474 4892 676 4970 Ulysbonam
689 4893 832 4954 vocant:
888 4892 1029 4969 accepit.
1044 4892 1106 4965 Qui
1117 4893 1237 4954 deinde
1252 4892 1293 4955 ab
1308 4895 1391 4971 ipsis
1415 4909 1517 4972 prope
1536 4894 1682 4954 incuna-

88 4979 145 5047 quod
155 4984 189 5045 ab
201 4989 312 5066 Ulysse
330 4991 380 5069 (ut
399 4990 506 5070 aiunt)
521 4990 606 5051 bene
625 4991 669 5050 sit
688 4988 832 5050 condita.
887 4989 986 5061 bulis,
1002 4991 1106 5052 multa
1118 4991 1318 5052 luitmorum
1329 4991 1492 5068 probitate
1504 4988 1683 5064 etintegri·

88 5069 303 5162 lfleatemplum
320 5087 412 5149 mirae
425 5087 664 5163 magnitudinis
677 5088 833 5148 exstruc—
887 5089 1043 5156 teleneu
1067 5089 1153 5150 sicut
1165 5091 1279 5150 tenera
1296 5104 1474 5165 puerorum
1489 5087 1573 5147 solet
1586 5088 1682 5157 aetas,

89 5166 133 5231 illm
143 5182 193 5250 est,
202 5182 233 5242 in
242 5184 399 5246 honorem
414 5185 530 5246 matris
544 5184 605 5246 Dei
619 5186 652 5245 et
665 5185 833 5261 perpetua
888 5186 1003 5247 mundi
1012 5186 1411 5248 lasciviametvanitatem
1420 5182 1611 5261 complexus
1620 5183 1681 5255 est;

87 5262 196 5343 Virginis
206 5281 336 5356 Mariae;
353 5283 387 5342 in
399 5283 559 5359 quobeati
569 5282 738 5344 Vincentii
749 5297 834 5343 mar·
888 5282 944 5346 sed
970 5282 1133 5345 bonorum
1156 5284 1328 5361 parentum
1360 5281 1495 5342 sedulus
1521 5279 1680 5350 imitator,

88 5360 145 5436 tyris
156 5387 272 5439 sacrum
293 5395 413 5457 corpus
428 5377 612 5442 honorilice
627 5383 831 5442 asservatur.
889 5381 1107 5442 ecclesiarum
1123 5383 1156 5443 et
1170 5379 1447 5443 monasteriorum
1463 5377 1579 5439 crebro
1593 5378 1683 5438 iere-

87 5460 184 5542 Aditus
200 5475 306 5553 templi
323 5479 448 5554 partem
464 5477 648 5549 occiduam,
664 5477 779 5539 felices
794 5481 831 5540 B.
888 5479 944 5541 bat
954 5479 1082 5551 limina,
1100 5493 1284 5555 manusque
1303 5492 1381 5538 snas
1402 5475 1545 5537 libenter
1564 5476 1684 5536 exten-

110 5619 141 5692 dl
152 5627 314 5702 laquitmde
324 5636 351 5694 S.
362 5637 428 5695 Ant.
439 5643 469 5694 ot
478 5637 506 5695 S.
523 5619 708 5726 bernardino..
