3950 6200
222 362 279 421 aaa
650 364 682 421 s.
706 364 925 424 nnxnmsm
951 363 1180 423 xssrsmms
1207 342 1436 423 censebas.
1796 362 1845 423 aaa

482 519 687 578 aucensem
702 519 765 578 XV.
1071 517 1222 577 nicationis
1234 519 1373 576 senmntia
1391 516 1559 587 absolveret,
1572 514 1647 588 quod
1659 514 1781 590 pontifex
1794 517 1847 589 cius
1916 518 1917 531 ¹

224 634 389 706 superbiam
408 639 434 691 ct
456 636 564 705 filatum
578 636 761 707 religionibus
773 637 971 708 perniciosum,
991 641 1017 693 et
1071 607 1243 678 prmum
1257 604 1654 680 ¹⁰⁰¹Ymi⁸pefm⁰²u⁸⁰ff⁶⁰i²
1668 602 1720 678 (¹)-

292 724 415 794 fratrea
427 724 522 779 liliam
535 728 618 781 retro
638 725 765 781 ordinem
777 726 959 782 moriturum.

1317 782 1523 841 PROPHE'I'IA
1536 780 1614 841 XVI.

258 839 355 896 Frater
371 838 1016 914 EliasCortonensis‚seuutuliisplacat,Bi·
1324 898 1353 910 ..
1501 898 1507 909 ¹
1776 893 1783 907 ·
1833 896 1839 907 ¹

221 927 326 995 villius,
352 934 383 983 ut
407 927 471 984 aliis
497 942 576 996 vcro,
602 928 842 998 Pedcmontanus,
870 930 917 1002 qui
943 944 959 986 a
983 931 1015 986 B.
1071 899 1237 955 smmum
1259 902 1368 955 ΜΨ*
1395 898 1537 954 'mmm‘
1561 898 1651 954 Dm
1671 910 1691 953 α
1712 896 1849 967 Mil

222 1016 305 1072 Patre
318 1022 512 1087 postmortem
526 1018 557 1074 B.
575 1018 648 1073 Petri
663 1016 814 1075 Carthanei
825 1018 948 1074 vicarius
962 1032 1014 1091 ge·
1278 987 1470 1058 dmm
1479 1001 1507 1042 ⁸⁶
1517 1000 1651 1043 ⁶⁰⁶²'W-

221 1103 326 1160 neralis
341 1104 508 1161 substitutus
522 1111 575 1170 cst,
590 1112 619 1161 et
633 1104 734 1162 eodem
754 1121 770 1163 e
785 1107 858 1163 vivis
867 1105 977 1163 sublato
988 1106 1017 1162 iu
1107 1104 1224 1160 Famem
1240 1115 1291 1173 per
1304 1107 1394 1158 totam
1409 1099 1520 1158 ltaliam
1533 1106 1729 1172 grassaturam
1737 1097 1851 1172 predixit

222 1199 354 1263 quartum
370 1190 1017 1265 ordinisgeneralemestelcctus,h0motauta
1072 1199 1162 1257 semel
1189 1200 1221 1256 B.
1238 1198 1318 1255 iratri
1339 1197 1437 1263 Leoni,
1458 1196 1557 1253 diceus
1572 1213 1579 1252 :
1596 1217 1607 1246 ι
1625 1197 1689 1253 Heu
1712 1193 1795 1252 irater
1809 1196 1851 1264 mi,

125 1308 134 1327 ·
221 1281 362 1352 sapientia
384 1280 518 1353 praeditus
533 1280 670 1351 humana,
688 1281 885 1355 utadmagna
902 1282 1017 1353 negotia
1072 1295 1185 1361 propter
1201 1294 1315 1360 pemnta
1330 1285 1498 1360 populorum
1517 1285 1609 1341 mittet
1630 1285 1708 1340 Deus
1729 1298 1852 1357 maguam

221 1368 386 1441 peragenda
400 1368 543 1426 videretur
553 1369 588 1426 ab
607 1370 666 1442 ipsa
688 1377 787 1427 natura
802 1384 867 1427 esse
882 1370 1015 1442 progeni·
1073 1375 1179 1433 famem
1193 1378 1221 1432 in
1241 1373 1390 1443 mundum,
1404 1373 1454 1430 sed
1468 1380 1583 1447 propter
1594 1373 1694 1429 merita
1718 1371 1851 1444 enjusdam

220 1463 276 1527 tus,
293 1472 386 1529 neque
401 1458 429 1515 in
446 1459 523 1515 ltalia
544 1456 649 1516 hahere
669 1460 697 1515 in
712 1457 767 1516 hoc
781 1460 925 1531 aequales:
942 1457 1018 1515 ualde
1072 1465 1215 1537 pauperis,
1232 1463 1328 1521 nascio
1349 1462 1441 1533 cujus,
1457 1462 1505 1534 qui
1523 1459 1609 1518 modo
1620 1461 1692 1518 vivit
1705 1461 1734 1516 in
1745 1459 1847 1528 munda,

222 1543 397 1618 principibus
418 1546 551 1602 omnihus
577 1561 661 1604 carus
685 1545 747 1615 luit,
770 1553 798 1604 et
824 1562 839 1604 a
864 1548 973 1604 cunctis
989 1546 1017 1602 in
1072 1551 1127 1609 hoc
1150 1552 1295 1626 flagellum
1316 1550 1425 1608 distulit
1447 1547 1672 1607 Dominuszsed
1691 1564 1727 1605 eo
1741 1556 1845 1616 mortno,

221 1633 313 1705 prelio
329 1631 443 1690 habitus
459 1633 546 1690 :dum
573 1633 642 1691 vidit
657 1633 772 1692 beatum
788 1636 901 1693 Patrem
915 1633 1019 1691 iratres
1072 1642 1110 1699 ian
1137 1639 1229 1698 lernen
1256 1639 1318 1697 haec
1346 1639 1516 1708 invalescet,
1539 1636 1615 1711 quod
1644 1636 1849 1695 innumerabiles

221 1720 361 1792 quosdam
378 1720 499 1778 humiles
514 1729 542 1779 et
556 1723 702 1796 simplices
716 1723 843 1797 hospites
859 1723 1015 1781 adventan·
1071 1730 1204 1788 nomines
1218 1727 1372 1787 miserabili
1388 1734 1516 1801 egestate
1526 1726 1689 1799 peribunt..
1703 1727 1762 1783 Hoc
1772 1732 1850 1782 morte

221 1810 368 1882 tespjuxta
381 1826 413 1866 se
429 1811 455 1867 in
471 1826 571 1868 mensa
591 1812 717 1869 assidere
727 1812 890 1884 Jubentem,
906 1812 1018 1884 sibique
1071 1820 1196 1875 instante
1219 1819 1250 1875 Β,
1274 1817 1362 1875 Leoni
1384 1815 1463 1877 dixin
1485 1814 1537 1872 aad
1560 1816 1590 1872 in
1609 1821 1706 1872 monta
1733 1814 1849 1872 nivernen

222 1905 251 1953 et
263 1897 326 1953 aliis
340 1898 481 1970 gravitate
491 1906 519 1955 et
531 1899 659 1957 doctriua
671 1901 832 1974 conspicuis
847 1900 1016 1973 protulisse,
1071 1907 1181 1966 Christo
1196 1905 1306 1978 accepit
1316 1919 1326 1976 ;
1336 1903 1422 1977 quod,
1438 1911 1570 1976 utsupra
1584 1902 1691 1960 dictum
1712 1910 1755 1959 est
1767 1901 1845 1960 dolo·

222 1999 300 2057 aegre
315 1983 370 2042 hoc
384 1987 457 2054 tulit,
473 2002 507 2043 ac
522 1987 594 2044 intra
612 2003 643 2043 se
662 1987 924 2046 stomachabundus
938 1986 1016 2044 dice·
1071 1997 1139 2069 quin
1150 1995 1184 2053 23
1194 2010 1226 2052 sa
1239 1993 1310 2051 uixit
1323 2000 1388 2051 cam
1408 1992 1472 2050 aliis
1490 1993 1544 2050 sihi
1567 1992 1703 2049 revelatis
1714 1991 1741 2047 in
1759 1990 1848 2047 horam

220 2072 270 2129 hat
283 2088 289 2128 :
302 2075 364 2131 ileu
379 2076 530 2132 Francisee
546 2074 667 2148 simplex
680 2090 714 2133 ac
732 2075 884 2146 illitterata
907 2085 937 2135 ul
950 2077 1017 2150 quid
1072 2087 1171 2141 mortis
1185 2083 1345 2141 taciturum.
1368 2082 1468 2139 Statim
1482 2080 1518 2138 ab
1530 2080 1592 2153 ejus
1607 2086 1699 2137 morte
1711 2077 1847 2151 Prophetis

221 2160 284 2218 haec
305 2168 353 2219 tua
378 2162 540 2220 indiscretio
555 2177 590 2221 ac
604 2164 792 2237 simplicitas?
808 2164 958 2237 praeclaros
972 2181 1017 2222 or·
1072 2172 1135 2230 nnc
1146 2172 1348 2244 complessem.
1359 2167 1615 2227 Namtsntaiames
1627 2169 1785 2227 universam
1796 2180 1848 2238 aar·

222 2248 297 2306 dlssifl
318 2251 406 2319 viros,
420 2251 567 2323 Γθῑῑὲῑθῐὶῑθ
581 2252 730 2309 ⁰⁰ll¹ffl¹ifls
743 2252 904 2321 00⁰fussdi⁸‚
916 2259 945 2310 el
963 2252 1019 2310 11⁰⁰
1072 2263 1146 2319 vasit
1159 2261 1280 2328 Italiam,
1294 2266 1324 2316 ut
1339 2258 1436 2316 miseri
1449 2257 1581 2315 homines
1592 2272 1648 2314 non
1660 2257 1748 2315 solum
1757 2254 1848 2322 herbis,

222 2345 271 2396 tuo
288 2337 430 2395 idiotismo
450 2339 619 2413 religionem
639 2347 717 2397 tuam
735 2341 942 2414 pessumdabis.
967 2342 1019 2401 Cui
1073 2349 1123 2407 sed
1148 2356 1176 2406 er
1202 2348 1334 2404 arborum
1355 2346 1508 2404 corticibus
1529 2360 1581 2418 pro
1601 2344 1665 2403 cibo
1685 2346 1728 2401 usi
1751 2342 1848 2400 luerint.

223 2427 320 2484 statim
332 2426 536 2497 beatusPater,
548 2436 689 2486 secretum
705 2432 823 2487 audieus
835 2429 929 2487 cordis
942 2444 1018 2488 mur·
1074 2435 1154 2496 Unde
1172 2443 1201 2492 et
1220 2441 1298 2491 tanta
1322 2431 1418 2491 clades
1432 2440 1530 2489 secuta
1545 2439 1599 2502 est,
1612 2438 1643 2488 ut
1655 2429 1751 2488 nihils
1766 2429 1851 2486 mortis

223 2528 296 2584 mur,
308 2515 494 2588 inquimlmo,
507 2515 592 2574 irater
600 2517 671 2588 Elia,
683 2524 749 2575 tute
761 2526 789 2575 et
797 2518 885 2587 illam,
893 2518 1019 2575 fastuosa
1073 2524 1201 2598 imagine
1211 2522 1315 2595 ubique
1326 2522 1553 2595 appareret.Qua
1566 2518 1850 2589 debacchanteappa·
1916 2524 1917 2555 1

223 2610 270 2658 tua
286 2605 476 2676 pompositate
497 2612 524 2660 et
539 2606 633 2661 carnis
648 2604 797 2677 prudentia
815 2605 954 2664 destrues.
977 2608 1019 2663 Tu
1073 2614 1129 2670 ruit
1148 2612 1248 2669 beatus
1276 2613 1359 2669 Pater
1383 2610 1473 2667 Fratri
1497 2609 1597 2678 Leom,
1610 2615 1640 2665 et
1663 2622 1694 2665 se
1712 2619 1853 2680 pauperem

224 2690 323 2762 tuique
341 2692 450 2748 similes
473 2690 601 2750 ordinem
627 2693 662 2750 ad
685 2694 804 2751 nihilum
818 2693 922 2752 ducent
939 2712 946 2751 ι
965 2693 1021 2752 Sed
1075 2702 1153 2758 illurn
1169 2698 1267 2768 luisse,
1283 2705 1492 2771 propterquam
1508 2691 1853 2769 Deushancplagamdis
1916 2722 1917 2729 ι

226 2775 308 2847 heus,
332 2779 452 2845 miselle,
478 2794 532 2836 nec
556 2781 585 2836 in
605 2781 651 2837 illa
669 2782 744 2838 mori
762 2782 812 2839 tibi
837 2782 1019 2841 concedetur.
1075 2790 1147 2859 uniit,
1159 2786 1282 2847 ostendit
1297 2785 1351 2857 (2).

224 2866 305 2934 Quod
320 2868 358 2923 ita
372 2866 531 2925 factumest
546 2884 553 2923 :
566 2884 633 2926 nam
656 2868 729 2927 lastu
749 2868 876 2927 humano
895 2878 1019 2939 tumens,

225 2961 377 3026 postquam
403 2958 432 3011 in
451 2957 611 3014 ministrum
640 2958 805 3030 generalem
831 2960 938 3017 electus
966 2966 1021 3027 est,
1110 2958 1148 3016 N.
1163 2958 1230 3014 ileo
1248 2968 1340 3027 pauca
1363 2952 1400 3011 de
1421 2954 1457 3010 iis
1479 2968 1544 3025 quar
1557 2954 1590 3011 B.
1607 2953 1692 3009 Pater
1712 2948 1852 3023 propheta·

223 3042 349 3101 laxiores
363 3043 454 3101 ordini
476 3044 583 3103 dimisit
607 3043 745 3118 habenas,
766 3047 846 3120 plura
860 3054 959 3107 contra
974 3062 1020 3105 re·
1075 3053 1166 3116 verat,
1179 3045 1314 3119 colligere
1326 3043 1450 3116 placuil3
1466 3042 1569 3116 quihus
1582 3054 1639 3097 non
1655 3039 1747 3097 solum
1761 3036 1854 3096 Pred-
1916 3054 1917 3057 ¹

225 3132 301 3203 gulas
325 3133 477 3206 puritatem
504 3134 634 3193 molitus:
657 3144 770 3209 propter
785 3136 860 3209 quod
879 3140 1020 3196 innocen·
1076 3143 1203 3193 eamrem
1218 3131 1610 3207 egisse‚sedetProphetam
1622 3128 1710 3188 fuisse
1723 3127 1858 3202 perspicia

224 3219 282 3277 tius
305 3222 345 3281 lV
365 3236 462 3280 euma
487 3225 670 3296 generalatus
691 3223 785 3283 officio
802 3224 952 3297 abdicavit,
970 3243 1021 3284 ex·
1076 3232 1131 3281 tur.
1147 3223 1210 3280 alis
1221 3222 1387 3296 quamplura
1403 3221 1531 3294 ingentia
1547 3218 1755 3278 etChristianae
1769 3216 1859 3288 lleipn·
1916 3251 1917 3254 κ

225 3311 459 3382 communicavit,
472 3320 500 3369 et
512 3312 609 3370 habitu
625 3313 828 3387 privavitzqui
844 3313 940 3373 lureus
953 3317 1020 3373 Fre·
1077 3313 1158 3370 hlicae
1179 3311 1409 3383 supervenientia
1432 3309 1518 3377 mala,
1545 3306 1711 3382 prophetica
1732 3304 1857 3378 prebuit,
1916 3381 1917 3390 ἵ

226 3395 322 3455 derico
333 3400 497 3473 imperatori
509 3401 638 3460 adhaesit.
648 3403 914 3462 Tandemcortonae
926 3419 1021 3478 aegro·
1077 3409 1106 3459 ct
1115 3401 1152 3458 de
1161 3399 1333 3458 instantibus
1347 3398 1431 3455 honis
1441 3397 1637 3471 praenuntiatis
1650 3395 1785 3469 plurimas
1795 3392 1858 3450 ciri-
1916 3443 1917 3448 ,

226 3493 303 3557 tans,
317 3488 395 3545 misit
408 3487 524 3546 iratrcm
542 3505 626 3548 suum
644 3505 815 3565 germanum
833 3491 869 3550 ad
881 3495 1022 3551 innocen·
1079 3498 1151 3548 tates
1165 3489 1334 3546 exhilaravit
1342 3495 1371 3545 et
1382 3501 1484 3560 regna,
1495 3501 1551 3558 qua
1563 3486 1688 3559 sparsim
1698 3493 1792 3542 nostra
1803 3495 1856 3539 mn·

227 3575 311 3646 tium,
322 3578 444 3637 summis
458 3578 590 3652 precibus
608 3595 742 3651 exorans,
762 3590 793 3639 ut
807 3580 843 3639 ab
857 3596 1022 3640 excommu-
1079 3587 1214 3638 humente
1228 3586 1257 3636 et
1268 3592 1294 3635 c.
1313 3578 1355 3634 ll.
1369 3574 1579 3650 Vitaeejusdem
1592 3574 1689 3632 videre
1702 3572 1804 3632 licebit.
1916 3613 1917 3616 η

517 4193 523 4202 ’
596 4227 1229 4290 nununroulonesn.exre1s
1263 4226 1512 4287 auxumam.

478 4491 589 4540 unave
610 4493 779 4540 Montanum.
1082 4470 1179 4530 brians
1194 4470 1296 4545 (Eccl,
1311 4485 1409 4535 xxx1x,
1429 4470 1488 4538 el),
1504 4466 1572 4525 dum
1588 4473 1617 4524 et
1635 4480 1686 4540 per
1707 4465 1769 4523 illas
1781 4467 1861 4558 muta·

1082 4561 1189 4617 tionum
1204 4561 1335 4616 humanas
1349 4559 1478 4626 extinxit,
1494 4564 1523 4613 et
1541 4555 1645 4613 mentis
1664 4553 1816 4611 siccitatum
1828 4563 1860 4604 n·

269 4601 322 4668 Qui
341 4608 370 4657 et
387 4598 511 4671 Regulus
524 4606 554 4656 ct
571 4601 664 4673 Leges
678 4598 715 4656 ad
729 4596 904 4672 paupertatis
918 4604 947 4654 ct
961 4611 1026 4671 per·
1199 4655 1230 4706 ut
1252 4649 1281 4704 in
1305 4646 1351 4704 his
1368 4661 1432 4720 ΨΜ
1455 4645 1660 4713 subnectimus,
1680 4641 1774 4700 licebit
1790 4652 1860 4696 com·

235 4688 365 4747 iectionis
387 4688 563 4759 evangelicae
586 4689 698 4760 apicem
728 4686 931 4745 anhelantibus
954 4699 1025 4757 pre·
1082 4656 1178 4749 gf³v¹²3

234 4777 356 4850 scripsit,
376 4774 590 4832 benedictiones
604 4783 634 4832 et
645 4776 704 4849 jam
719 4777 815 4848 plures
832 4774 948 4832 casdem
964 4787 1027 4831 sec·
1084 4752 1188 4810 mmm·

234 4867 359 4926 tentibus
373 4872 401 4921 et
415 4864 577 4936 religiosius
595 4863 813 4922 observantibus
827 4862 941 4937 adjecit.
960 4864 1027 4919 Ete·
1348 4883 1566 4944 BENEDICTIO
1585 4884 1607 4942 1·

235 4958 294 5013 nim
304 4953 532 5012 benedictionem
542 4951 628 5011 dabat
638 4954 796 5026 Legislator
808 4967 863 5025 qua
876 4950 965 5022 adjuti
975 4948 1031 5006 dis·
1456 5001 1462 5013 ,
1572 4998 1578 5011 ,

233 5044 320 5116 crpus
334 5042 433 5100 tomas
446 5048 475 5099 cr
488 5040 631 5098 retusam
642 5040 723 5098 roam
736 5041 772 5098 ae
786 5040 912 5096 virtitute
925 5038 955 5095 m
969 5038 1029 5094 vn-
1360 5002 1477 5064 araon
1492 5001 1603 5057 nemu.

236 5140 336 5200 tutem,
363 5131 455 5188 donec
481 5129 617 5187 videbant
638 5132 729 5187 Deum
749 5128 867 5185 deorum
895 5129 925 5183 in
949 5125 1029 5183 Sion.
1120 5118 1212 5176 Fratri
1225 5118 1313 5175 Leoni
1329 5117 1359 5174 in
1379 5122 1478 5174 monte
1497 5114 1629 5172 alvernus
1649 5109 1758 5171 fortiter
1773 5114 1867 5168 mnan

235 5220 399 5279 Benedictio
414 5233 538 5291 namque
554 5219 629 5275 illius
646 5217 728 5290 quasi
743 5216 846 5273 durius
864 5220 926 5271 erat
945 5214 1029 5270 inun-
1086 5207 1161 5263 hauc
1173 5205 1403 5264 benedictionem
1423 5204 1500 5261 misit
1514 5204 1546 5260 B.
1567 5204 1660 5271 Pater,
1680 5201 1799 5275 signans
1813 5208 1867 5254 eam

238 5309 319 5376 dans,
357 5314 386 5364 et
420 5305 563 5379 quomodo
598 5306 788 5378 cataclysmus
824 5301 933 5359 aridam
968 5301 1029 5358 ine·
1086 5294 1260 5364 charactere,
1285 5302 1314 5352 et
1335 5301 1401 5350 uota
1423 5293 1470 5350 illa
1497 5291 1664 5364 mysteriosa
1688 5289 1787 5347 littere
1808 5287 1866 5346 ‘lau

265 5473 500 5547 -(l)1lbert.,lib.
516 5475 551 5541 V,
570 5488 634 5546 cap.
650 5475 676 5542 7,
689 5487 788 5546 parum
815 5478 878 5544 post
895 5470 1032 5540 initium.;
1124 5465 1165 5539 (ἲ)
1180 5463 1348 5532 Pisau.‚l.l‚
1365 5463 1447 5533 Cous.
1463 5462 1491 5529 8,
1507 5462 1536 5517 in
1549 5458 1868 5541 VituB.Leon;Goum·‚

239 5545 347 5611 Pisan,
359 5545 407 5601 lib.
420 5548 457 5611 ll,
474 5545 556 5615 Cous.
576 5546 609 5613 u;
625 5542 778 5615 Rodulph.‚
793 5541 842 5599 lib.
855 5544 893 5611 ΙΙ,
904 5548 984 5599 tract.
1000 5542 1034 5596 de
1088 5539 1114 5595 ΙΙ
1130 5552 1157 5609 p.
1173 5536 1217 5593 sui
1231 5536 1349 5617 Chronq
1363 5540 1445 5590 tract.
1465 5531 1501 5589 dc
1519 5533 1605 5588 Pron.
1624 5531 1740 5599 Tmetu,
1753 5528 1788 5586 de
1798 5527 1868 5585 datv-

238 5613 522 5753 fflfftliffriilhffl'
536 5615 605 5684 177;
622 5614 749 5686 Raphael
761 5613 912 5680 Volaterr„
925 5613 955 5669 in
971 5613 1030 5718 Aa·
1087 5608 1183 5665 niver.
1196 5614 1262 5663 ame
1275 5604 1410 5662 medium.
