3950 6200
116 305 133 363 9
758 306 989 368 EPISTOLAE.
1011 306 1091 365 LIB.
1114 307 1154 364 X.
1739 303 1778 363 10

120 461 338 540 mirationis,
362 465 407 528 ut
425 465 462 526 id
480 479 541 544 par
554 464 812 528 sollicitudinem
829 454 931 526 officit
984 462 1138 536 demoni
1154 462 1331 540 superboe
1354 461 1553 540 praepositus
1570 460 1776 538 compatiens

122 561 223 623 nostri
238 561 282 622 ad
296 560 459 625 debitum
471 563 671 640 perducatur
685 562 848 624 effectum.
865 565 931 624 Ea·
983 560 1195 632 memoratus,
1233 576 1253 621 a
1283 560 1379 622 nobis
1403 559 1573 622 humiliter
1600 559 1705 635 petiit,
1740 560 1777 621 ut

107 663 265 738 propter,
278 659 405 721 dilecti
417 661 453 720 in
464 661 602 721 Domino
613 661 684 731 tilii,
700 661 820 722 vestris
830 661 929 735 JustIs
984 657 1161 718 subvenire
1187 658 1238 718 illi
1267 657 1529 748 misericorditer
1549 656 1773 732 dignaremur.

127 757 926 833 postulationibusgratoconcurrentesassensu,
983 755 1140 815 Volentes
1167 756 1280 829 igitur,
1316 758 1353 814 ut
1392 754 1568 831 quodcirca
1609 753 1775 829 praedictae

129 855 408 931 compositionem
424 872 498 931 quse
513 855 673 915 intervos
695 871 737 915 ex
755 857 848 930 parte
863 870 928 914 una
982 851 1252 913 reformationem
1278 851 1428 912 ecclesiae
1455 851 1628 920 memorati
1660 850 1777 925 aucto-

129 957 162 1013 et
177 952 333 1013 abbatem
349 956 384 1013 91
404 952 583 1013 canonicos
604 952 645 1013 de
668 955 788 1022 Soona,
806 955 838 1011 S.
855 954 928 1012 An·
983 948 1082 1009 ritate
1093 948 1204 1023 legati,
1218 949 1377 1009 canonice
1390 964 1429 1009 ac
1442 949 1567 1008 utiliter
1577 948 1698 1008 lactum
1712 947 1772 1017 est,

128 1048 215 1109 dreae
230 1048 401 1119 dioecesis,
425 1064 468 1108 ex
482 1049 598 1120 altera,
616 1064 717 1124 supra
732 1048 928 1124 quibusdam
982 1045 1223 1106 inviolabililer
1231 1046 1436 1115 observetur,
1450 1044 1642 1106 discretioni
1654 1045 1774 1105 vestrae

127 1145 278 1217 decimis
304 1146 533 1206 mediantibus
565 1145 683 1207 abbate
702 1146 742 1206 de
766 1145 872 1205 Kelch
896 1147 927 1206 et
983 1144 1242 1219 perApostolma
1256 1143 1378 1218 scripta
1392 1142 1596 1212 mandamus,
1610 1143 1773 1217 quatenus

128 1242 268 1317 collegis
281 1242 392 1318 ipsius
405 1242 524 1318 quibus
538 1243 712 1303 commissa
725 1258 826 1319 super
835 1243 928 1303 hoca
982 1239 1023 1298 ad
1040 1240 1215 1300 ecclesiam
1238 1241 1433 1301 accedentes
1446 1239 1606 1309 eamdem,
1632 1238 1664 1300 61
1689 1255 1773 1315 sup-

129 1338 213 1399 sede
227 1338 425 1413 apostoliea
445 1341 527 1410 erat,
543 1338 763 1399 amicabiliter
780 1338 928 1399 interve-
982 1335 1108 1411 pientes
1137 1337 1299 1412 siquidem
1320 1338 1356 1396 in
1378 1335 1612 1413 praedictorum
1638 1334 1774 1395 ordina-

128 1435 191 1505 nit,
202 1435 293 1495 sicut
306 1435 382 1495 sine
398 1435 561 1511 pravitate
579 1435 716 1511 provide
732 1435 818 1495 tacta
831 1436 881 1496 est
895 1436 928 1495 et
981 1433 1071 1493 tione
1086 1433 1160 1494 utili
1176 1435 1209 1494 et
1223 1434 1384 1494 canonica
1398 1432 1593 1493 inveneritis
1614 1447 1686 1491 essa
1708 1430 1770 1490 de-

128 1531 170 1591 ab
180 1534 323 1608 utraque
335 1534 429 1607 parte
442 1533 558 1608 sponte
569 1532 711 1608 recepta,
724 1533 757 1593 et
767 1532 926 1592 hactenus
981 1528 1113 1600 lectum,
1127 1530 1299 1601 decanum,
1324 1531 1356 1592 91
1371 1529 1552 1606 capilulum
1573 1528 1772 1589 memoratos

126 1629 268 1705 pacifice
282 1628 472 1701 observata,
489 1645 529 1689 ac
547 1629 582 1689 in
602 1629 751 1691 contecto
768 1630 845 1688 inde
860 1645 924 1689 au·

126 1725 276 1786 thentico
302 1725 426 1787 dicitur
449 1725 580 1802 plenius
604 1725 779 1798 contineri,
806 1727 924 1787 aucto-

125 1823 227 1883 ritate
240 1822 435 1897 apostoliea
455 1823 688 1883 confirmamus
702 1824 734 1883 et
750 1824 924 1899 praesentis

126 1920 243 1995 scripti
265 1920 455 1995 patrocinio
468 1921 718 1981 communimus.
735 1920 827 1981 Nulli
845 1936 924 1995 ergo

126 2016 275 2087 omnino,
303 2019 368 2077 etc.
402 2017 541 2093 Si-quis
567 2020 689 2089 autem,
715 2019 777 2079 etc.
806 2020 924 2078 Datum

126 2114 242 2184 Reate,
257 2115 368 2175 XVIII
381 2113 542 2175 kalendas
554 2114 725 2187 februarii,
748 2114 924 2190 pontifica-

125 2212 179 2272 tus
193 2210 304 2273 nostri
319 2226 410 2272 anno
425 2210 564 2273 decimo.

442 2424 615 2510 LXXXV

128 2576 178 2636 Ad
201 2577 412 2650 episcopum,
440 2578 608 2636 decanum
626 2576 660 2636 et
685 2577 922 2638 scholasticum

398 2675 659 2734 Toraucenacm.

395 2813 428 2869 17
441 2811 564 2885 januarii
576 2813 654 2870 1116.

166 2933 289 2998 [Iteqest.‚
299 2933 345 2983 tib.
358 2934 391 2991 X,
406 2947 447 2998 ep.
459 2934 513 2983 loa.
527 2935 584 2985 idm.
597 2935 634 2984 La
648 2935 722 2985 Porta
735 2935 769 2986 du
792 2936 885 3001 Theti]

129 3057 242 3116 Handat
256 3057 301 3116 eis
314 3064 346 3115 ut
356 3056 392 3113 ad
406 3057 556 3115 ecclesiam
572 3058 667 3116 Sancti
677 3057 833 3117 audomari
843 3075 921 3119 acce

161 3146 314 3204 (1611199611
337 3146 567 3204 observationem
589 3147 776 3207 ordinationis
793 3151 920 3222 alegate

162 3235 327 3307 apostolico
354 3235 423 3291 olim
449 3232 531 3292 lacte
551 3234 690 3293 decanum
710 3242 739 3293 et
765 3239 920 3311 capitulum

161 3330 278 3396 cogant.

164 3449 836 3527 Honoriusepiscopua,servusservorum
847 3454 917 3527 Dei,

125 3544 310 3605 venerabili
348 3544 482 3608 tratri...
516 3546 682 3622 episcopo,
721 3549 754 3609 61
788 3548 919 3611 dilectis

126 3640 241 3701 tiliis...
255 3642 394 3712 decano,
410 3643 479 3703 et...
496 3627 917 3719 scholasticoTornaceusi,

125 3739 265 3799 salutem
281 3741 315 3799 et
329 3739 554 3815 apostolicam
567 3739 842 3803 benedictionem.

163 3835 311 3897 Dilectus
351 3836 483 3895 lilius...
524 3839 721 3914 praepositus
767 3842 918 3903 ecclesiae

126 3932 239 3992 Sancti
273 3931 472 4004 Andomari,
511 3933 714 3994 Morinensis
747 3935 915 4010 diseccata,

124 4031 278 4104 porrecta
298 4027 394 4089 nobis
417 4029 576 4105 petitIone
601 4032 807 4101 monstravit,
831 4036 917 4110 quod

124 4139 196 4185 cum
222 4125 303 4185 olim
319 4123 414 4185 bonae
429 4124 598 4186 memoriae
615 4130 666 4199 R,
692 4128 782 4189 tituli
804 4132 916 4191 Sancti

124 4221 281 4298 Stephani
298 4222 335 4281 111
356 4222 459 4283 Coelio
483 4225 594 4283 monte
615 4223 788 4301 presbyter
802 4228 915 4288 cardi-

123 4319 221 4390 nalis,
236 4320 316 4380 tunc
330 4317 529 4394 ApostolIcae
546 4319 640 4380 Sedis
655 4321 794 4396 legatus,
813 4324 914 4385 intel-

124 4415 219 4487 lecto,
243 4415 331 4492 quod
347 4416 462 4476 eadem
491 4417 632 4478 ecclesia
661 4419 734 4479 erat
757 4421 791 4479 in
812 4422 915 4496 spiri-

124 4512 268 4573 tualibus
294 4514 328 4574 et
352 4512 590 4588 temporalibus
606 4516 786 4576 enormiter
800 4518 914 4578 delor-

122 4611 219 4681 mata‚
243 4624 320 4685 quae
342 4609 431 4669 111191
445 4609 529 4669 alias
544 4610 703 4672 floruerat
716 4613 752 4672 in
767 4615 915 4691 utrisque

121 4721 214 4780 per...
241 4705 516 4766 archidiaconum
541 4709 736 4768 Remensem
752 4710 785 4771 91
808 4712 913 4772 66119-

118 4817 194 4877 gam
208 4803 318 4880 ipsius
336 4803 367 4862 91
383 4802 585 4864 visitationis
605 4805 750 4866 osticium
768 4808 913 4884 impendi

118 4900 296 4970 mandarit,
307 4899 695 4974 lpsiadreiormationem
706 4903 913 4968 intendentes

118 4997 279 5074 ejusdem,
295 4996 447 5072 quaedam
460 4995 593 5070 ibidem,
605 5015 678 5075 quae
694 4999 798 5075 ipsius
811 5004 915 5064 eccle·

117 5096 175 5155 siae
190 5093 332 5156 utilitati
348 5093 507 5169 expedire
526 5097 689 5158 noverant
704 5098 911 5174 ordinarunt,

116 5192 201 5253 dicto
226 5192 341 5265 legato
363 5189 514 5266 quaedam
530 5206 604 5251 curn
625 5193 674 5252 eis
689 5196 814 5269 pariter
839 5198 913 5258 sta-

114 5290 238 5351 tuente.
256 5287 360 5349 Sed...
378 5288 535 5358 decenne,
555 5292 587 5348 et
607 5290 788 5365 capitutum
807 5295 913 5370 ipsius

981 1627 1022 1686 ad
1034 1626 1298 1689 observationem
1311 1627 1531 1688 ordinationis
1540 1625 1775 1702 ejusdemmo—

980 1724 1106 1784 nitione
1121 1726 1304 1800 praemissa,
1326 1740 1386 1800 per
1408 1740 1582 1785 censuram
1595 1722 1774 1783 ecclesias-

980 1821 1090 1891 ticam,
1103 1821 1324 1897 appellatione
1337 1823 1474 1893 remota,
1486 1820 1619 1895 cognita
1632 1819 1772 1880 veritate

979 1918 1118 1991 cogatis.
1146 1919 1289 1988 Quodsi
1316 1934 1383 1978 non
1410 1933 1536 1989 omnes,
1562 1918 1623 1978 etc.
1652 1916 1771 1978 Datum

979 2017 1094 2086 Reate,
1124 2015 1252 2077 docimo
1283 2017 1377 2077 sexto
1407 2014 1568 2076 kalendas
1599 2012 1769 2084 februarii,

979 2126 1067 2172 anno
1080 2111 1219 2173 decimo.

1277 2343 1471 2431 LXXXVI

977 2494 1030 2552 Ad
1043 2493 1199 2554 abbatem
1212 2495 1246 2554 S.
1266 2496 1459 2567 dertosane,
1475 2495 1663 2568 maptstros
1677 2496 1772 2554 Gatt-

1017 2592 1149 2663 srtdum
1160 2590 1194 2652 et
1209 2593 1401 2652 Jobauoem
1415 2593 1456 2652 de
1476 2591 1593 2651 Monte
1604 2593 1767 2662 Mirabili,

1017 2689 1298 2748 archidiaconum
1311 2690 1561 2749 Pentelensem.

1243 2828 1277 2884 19
1289 2827 1412 2902 januarii
1424 2827 1503 2885 1116.

1009 2949 1129 3013 [Regest.,
1140 2948 1185 2999 lib.
1203 2951 1235 3008 X,
1248 2950 1323 3015 epist.
1338 2951 1390 2999 loo.
1402 2951 1459 3000 iuss.
1468 2951 1504 3001 Le
1513 2950 1588 3000 Porte
1598 2950 1633 3000 du
1644 2950 1738 3018 Thali]

976 3066 1030 3123 ilat
1046 3066 1088 3123 eis
1103 3067 1277 3138 provinciam
1290 3066 1472 3124 examinandi
1485 3080 1601 3124 causam
1615 3083 1679 3140 quae
1694 3069 1767 3126 inter

1011 3156 1176 3226 episcopum
1196 3157 1409 3228 Lingonensem
1427 3154 1463 3212 ab
1477 3170 1544 3224 una,
1565 3164 1594 3213 et
1611 3158 1767 3228 capitulum

1011 3244 1194 3316 Lingonense
1222 3243 1257 3300 ab
1287 3245 1373 3300 altera
1408 3251 1488 3315 parte
1513 3260 1599 3317 super
1629 3246 1769 3317 Hospitali

1009 3332 1161 3389 1161111611ῑί
1176 3330 1359 3389 reformando
1370 3331 1542 3389 vertebatur.

1014 3468 1764 3545 Honoriusepiscopus,servusservorumllei,

974 3564 1103 3625 dilectis
1130 3564 1246 3625 tiliis...
1279 3565 1389 3627 abbati
1424 3567 1553 3628 Sanctae
1587 3567 1763 3628 Genovesae

974 3662 1007 3721 et
1021 3661 1189 3737 magistris
1201 3661 1359 3722 Ganlrido
1375 3663 1408 3724 91
1429 3662 1574 3724 Iohanni
1597 3662 1638 3723 de
1653 3665 1765 3725 Monte

973 3758 1131 3828 Mirabili,
1160 3759 1395 3820 archidiacono
1412 3759 1605 3831 Parisiensi,
1623 3759 1764 3822 salutem

973 3855 1007 3916 et
1019 3855 1242 3931 Apostolicarn
1256 3856 1531 3917 benedictionem.

1013 3952 1173 4027 Exposuit
1199 3952 1295 4014 nobis
1330 3953 1410 4013 olim
1442 3969 1501 4028 per
1535 3954 1663 4015 litteras
1688 3970 1766 4016 suas

973 4047 1173 4109 venerabilis
1185 4048 1445 4111 fraternoster...
1460 4051 1636 4127 episcopus
1648 4052 1767 4127 Lingo-

971 4145 1097 4216 nensiS,
1118 4146 1291 4221 quodcum
1314 4147 1484 4223 Hospitale
1505 4150 1765 4211 Mormontisuae

971 4240 1125 4302 dioecesis
1140 4243 1175 4302 in
1192 4243 1420 4318 spiritualibus
1436 4245 1533 4314 esset,
1547 4245 1580 4304 91
1591 4245 1763 4320 tempora·

971 4336 1058 4398 libus
1078 4340 1126 4400 sic
1141 4339 1335 4416 collapsum,
1353 4341 1438 4416 quod
1462 4357 1520 4416 per
1535 4342 1692 4416 degentes
1714 4344 1762 4405 ibi

970 4449 1130 4509 personas
1144 4436 1319 4496 reformari
1333 4437 1494 4512 nequiret,
1514 4437 1677 4514 disposuit
1690 4440 1762 4516 ipse

970 4528 1095 4591 dictum
1133 4533 1304 4607 Hospitale
1342 4549 1415 4593 curn
1450 4535 1658 4610 pertinentiis
1693 4538 1763 4599 suis

970 4625 1128 4688 tratribus
1154 4629 1447 4705 Hierosolmetani
1472 4632 1653 4708 Hospitalis
1680 4651 1763 4696 con-

969 4724 1164 4784 vertendum
1186 4725 1219 4785 in
1240 4742 1355 4787 eorum
1370 4727 1520 4788 ordInem
1535 4730 1568 4789 61
1581 4746 1641 4805 per
1654 4731 1763 4807 ipsum

968 4819 1004 4879 in
1015 4821 1139 4882 statum
1153 4822 1298 4883 debitum
1306 4823 1554 4886 reformandum
1568 4829 1761 4901 concedere,

969 4915 997 4975 si
1006 4915 1047 4977 de
1060 4919 1172 4979 nostra
1184 4920 1377 4993 procederet
1391 4921 1572 4983 voluntate.
1585 4926 1654 4994 Quo
1668 4926 1763 4986 nobis

969 5012 1141 5074 humiliter
1160 5016 1377 5091 supplicante,
1401 5017 1438 5078 ut
1463 5018 1669 5095 dispositioni
1692 5039 1762 5085 suae

969 5110 1758 5193 superbocbenevolumpraeberemusassensum‚

968 5222 1030 5266 nos
1058 5207 1189 5282 plenam
1219 5209 1258 5269 de
1289 5209 1490 5271 discretione
1514 5228 1574 5272 sua
1606 5219 1760 5288 gerentes

969 5301 1135 5381 fiduciam,
1161 5304 1223 5364 sibi
1240 5321 1299 5381 per
1314 5306 1442 5366 litteras
1466 5309 1598 5368 nostras
1622 5313 1762 5374 manda-

113 5388 267 5452 ecclesia
302 5386 546 5447 ordinationem
582 5387 715 5449 illorum
754 5407 813 5466 pro
844 5409 913 5454 suae
968 5399 1076 5458 vimus
1093 5402 1128 5460 ut
1142 5401 1182 5460 ad
1199 5402 1231 5461 id
1245 5402 1441 5463 auctoritate
1458 5404 1579 5464 nostra·
1596 5410 1759 5481 procede-

111 5485 297 5550 roluntatis
321 5482 464 5544 arbitrio
488 5499 553 5545 11611
577 5487 761 5558 servantes
778 5491 914 5564 gravius
968 5497 1019 5556 161
1034 5497 1107 5557 sine
1123 5498 1226 5558 aliani
1246 5500 1333 5575 jnris
1359 5499 1553 5576 praejudicio
1576 5505 1609 5563 91
1631 5520 1703 5578 suo,
1720 5524 1760 5570 ac

111 5600 212 5664 quam
237 5585 340 5644 antea
365 5580 543 5643 ecclesiam
569 5581 797 5646 deformarunt
822 5602 915 5648 earn-
970 5592 1190 5668 LingonensIs
1223 5596 1371 5658 ecclesiae
1401 5598 1478 5672 jnre
1509 5599 1613 5660 salvo.
1647 5603 1761 5681 Nuper
