3950 6200
105 336 137 396 ss
552 277 875 424 rnonaeonnnn,
899 359 940 376 --
960 331 1226 394 rnsrruonn.
1351 391 1355 399 „
1675 333 1715 394 sl

102 491 236 567 pendet,
250 503 319 550 non
329 489 442 563 potest
455 503 554 551 meus
567 503 643 552 esse
664 492 862 563 damnatus.

102 587 264 650 Dochmam
285 586 371 647 hanc
396 585 459 646 sibi
483 602 541 662 pro
564 586 699 647 vinculo
721 586 866 648 haeredi-

101 687 163 747 tatis
181 683 351 759 adscripsit
370 685 592 744 Franciscus:
616 685 756 744 «Nemo
777 683 867 744 enim

101 785 179 845 «tam
193 781 273 851 auri,
289 796 387 857 quam
404 781 476 857 ipse
490 780 630 856 cupidus
643 782 863 856 paupertatis

101 895 175 939 «nec
188 879 329 940 thesauri
351 878 558 938 custodiendi
575 878 751 940 sollicitior
765 879 864 948 ullus,

99 991 206 1053 «quam
224 976 285 1035 iste
304 975 404 1051 hujus
430 975 639 1050 Evangelicae
661 976 864 1050 margaritae.

99 1076 153 1132 «in
164 1073 220 1132 hoc
231 1072 398 1150 praecipue
411 1088 492 1132 suus
506 1071 735 1133 offendebatur
747 1087 867 1147 aspec—

99 1171 178 1240 «tus,
204 1170 231 1229 si
256 1170 336 1246 quid
359 1169 488 1231 videret
515 1170 550 1230 in
574 1170 758 1241 Fratribus,
779 1168 866 1246 qued

99 1268 290 1344 «paupertati
316 1282 383 1328 non
408 1282 468 1343 per
493 1267 607 1328 omnia
632 1268 864 1328 consonaret:

100 1365 224 1425 «namet
233 1364 407 1426 Fratribus
418 1365 453 1424 in
464 1364 615 1425 conclavi
627 1364 866 1440 quaerentibus,

99 1461 866 1538 aquerirtusmagisamicumredderetsshristo3

99 1559 200 1635 «quasi
219 1561 387 1620 secretum
407 1558 460 1618 sui
483 1559 593 1619 cordis
613 1559 767 1635 aperiens
786 1573 863 1619 res-

99 1655 265 1731 ‹pondebat
293 1673 302 1716 :
329 1658 565 1732 Paupertatem
592 1656 769 1727 noveritis,
797 1655 867 1716 ira-

101 1757 186 1824 «tres,
195 1753 376 1829 specialem
389 1753 478 1814 riam
489 1769 563 1815 esse
573 1753 865 1829 saluiiS,tauquam

102 1849 298 1911 «humditalis
310 1850 574 1922 fundamentum,
587 1849 867 1926 perfectionisque

98 1946 256 2019 «radicem,
272 1951 373 2025 cujus
388 1951 439 2009 est
460 1947 588 2008 fructus
604 1946 789 2023 multiplex,
806 1946 863 2007 sed

98 2046 249 2106 «omnibu
265 2043 327 2125 (1).
345 2062 364 2105 s
379 2045 474 2106 Certe
494 2061 567 2122 quae
590 2047 623 2106 et
642 2046 764 2121 quanta
780 2043 867 2105 dixit

98 2141 195 2204 etiecit
206 2158 262 2219 pro
277 2144 478 2219 paupertate
494 2142 712 2214 observanda,
729 2141 865 2217 longum

98 2243 163 2299 esset
175 2240 306 2300 reterre.
325 2243 374 2301 De
388 2240 499 2301 cordis
513 2240 648 2316 pietate,
665 2240 865 2300 mansuetu-

99 2334 163 2408 tine,
173 2338 201 2398 et
215 2339 369 2409 caritate,
389 2337 463 2414 quis
484 2352 671 2397 sermonem
688 2337 867 2398 contexere

99 2432 211 2494 raleiiti
227 2436 325 2496 Certe
344 2433 514 2494 aldrmare
529 2434 649 2505 ausim,
666 2434 744 2495 licet
763 2434 866 2495 merita

98 2527 127 2589 de
143 2529 230 2608 hujus
250 2532 318 2593 viri
344 2531 524 2593 virtutibus
546 2531 579 2592 et
597 2546 676 2592 vera
701 2531 866 2608 sapientia

99 2628 194 2704 scripta
206 2630 279 2702 sint,
299 2629 417 2691 omnia
430 2630 466 2689 in
476 2630 725 2705 comparatione
736 2641 863 2697 eorum,

98 2725 222 2800 quedici
235 2729 388 2804 possent,
408 2727 505 2804 quasi
524 2726 554 2787 si
576 2726 665 2787 uiam
687 2725 775 2786 roris
793 2740 868 2786 ma·

98 2822 171 2883 utini
180 2839 259 2897 esse,
272 2824 381 2885 maris
392 2823 614 2899 magnitudini
625 2825 864 2900 comparatam.

98 2918 190 2981 leram
207 2920 410 2998 sapientiam
433 2921 560 2992 didicit,
576 2936 597 2981 a
621 2936 701 2982 vero
717 2936 869 2997 praecep-

98 3016 281 3080 toredhristo
306 3018 437 3090 didicit,
461 3034 481 3079 a
506 3020 606 3079 Patre
625 3017 741 3080 didicit
759 3034 767 3078 :
784 3018 867 3079 doc-

43 3114 44 3195 ]
96 3113 256 3178 musenim
279 3116 420 3189 Christi,
446 3116 556 3178 Patris
580 3116 732 3178 doctriua
754 3120 805 3178 est
821 3131 867 3178 :e

97 3212 197 3286 Spiritu
215 3216 341 3277 Sancto
363 3214 489 3286 didicit,
511 3230 571 3290 per
595 3229 692 3290 quem
716 3214 867 3276 Christus

43 3300 44 3333 ³
98 3311 222 3383 promisit
235 3328 271 3374 se
291 3313 470 3374 docturum
485 3312 622 3390 omnia:
642 3311 784 3388 optimos
805 3311 867 3372 ha=

95 3403 149 3467 buit
172 3411 360 3486 magistros,
391 3409 536 3486 optimus
562 3410 634 3487 ipse
669 3409 863 3487 discipulus.

96 3502 234 3570 Didicerat
258 3524 344 3584 ergo
363 3507 546 3584 justitiam,
568 3508 781 3585 sapientiam,
809 3521 867 3567 ca-

43 3636 45 3683 3
97 3600 211 3676 nutem
227 3605 453 3667 humilitatem
477 3620 497 3666 a
517 3605 660 3667 Christo.
683 3604 767 3676 Quid
786 3619 867 3680 ergo

96 3702 209 3762 nossuis
219 3702 386 3780 Operibus
401 3703 550 3764 docebitt
564 3703 728 3763 eructavit
741 3702 866 3779 absque

43 3798 45 3867 ζ
97 3792 173 3858 dubio
194 3801 276 3877 quod
300 3800 444 3872 biberat,
467 3801 504 3862 ut
523 3800 608 3861 alter
628 3803 776 3862 Joannes
803 3798 864 3877 (2),

97 3892 139 3965 qui
150 3896 226 3971 quod
240 3913 260 3958 e
273 3898 402 3959 Christi
418 3898 551 3973 pectore
570 3896 710 3968 biberat,
727 3896 865 3957 verbum

43 4070 44 4077 ἵ
98 3992 254 4068 eructabat3
278 3997 316 4056 et
343 3994 419 4055 ideo
444 3995 479 4054 in
502 3994 664 4071 Operibus
686 3998 759 4072 ejus
781 3994 866 4054 nihil

99 4083 232 4163 invenies,
246 4092 315 4152 nisi
330 4090 515 4153 doctrinam
530 4092 665 4152 Christi.

127 4186 235 4250 Poterit
257 4204 341 4266 ergo
358 4192 430 4266 jam
454 4190 653 4250 Franciscus
678 4187 863 4249 detrahent

101 4278 167 4344 Zoilo
187 4288 294 4348 serbis
319 4285 486 4348 Ambrosii
513 4285 570 4364 (3)
595 4286 812 4362 respondere,
837 4285 866 4345 si

102 4374 196 4443 dixerit
209 4385 318 4446 Zoilus
333 4383 385 4444 illi
401 4404 408 4442 :
429 4401 447 4444 «
466 4383 561 4444 Unde
576 4383 724 4444 habuisti
738 4382 868 4444 intelli-

101 4480 176 4545 geret
185 4482 347 4558 Scriptum
356 4482 422 4542 est:
435 4482 606 4557 Interroga
616 4481 748 4541 Patrem
759 4484 863 4552 tuum,

101 4574 124 4630 et
132 4579 325 4641 annuntiabit
334 4579 394 4641 tibi
410 4600 418 4638 ι
431 4579 594 4650 seniores,
606 4596 625 4638 a
636 4578 669 4638 id
682 4580 734 4639 est
745 4578 867 4653 Magis·

101 4664 234 4740 instet
253 4677 367 4738 dicent
388 4675 460 4748 tibi,
476 4693 495 4735 s
509 4675 741 4753 respondebit:
760 4676 865 4736 Etiam

101 4768 228 4845 scriptum
241 4779 292 4836 est
304 4775 345 4836 de
360 4777 428 4835 Deo
443 4796 451 4834 z
466 4778 540 4851 Epo
554 4790 634 4835 stem
645 4774 757 4836 Pater
773 4775 864 4846 tuus,

101 4863 249 4946 immega
261 4888 318 4934 me
331 4869 577 4950 (Deut.,xxx11)
593 4888 600 4932 ε
613 4873 646 4932 et
661 4886 705 4932 ex
716 4871 774 4931 illo
787 4870 865 4932 nori

102 4967 281 5043 remunero,
303 4972 336 5031 et
355 4985 399 5030 ex
413 4969 472 5029 illo
493 4983 594 5045 supra
614 4968 691 5029 illos
714 4967 864 5043 intelligo

102 5060 167 5130 qood
178 5080 238 5125 non
251 5066 494 5142 intehigebant,
508 5066 587 5143 quia
604 5064 795 5126 testimonia
808 5064 863 5124 di-

102 5150 161 5226 dici,
174 5176 240 5236 qnae
253 5164 302 5224 illi
318 5179 386 5225 non
402 5166 576 5225 noverant.
593 5162 700 5224 Didici
717 5183 724 5221 :
740 5162 801 5234 Qui
816 5156 866 5222 se

103 5252 190 5323 quitur
202 5275 260 5332 me,
275 5261 372 5323 tollat
386 5276 518 5323 crucem
534 5276 639 5322 suam.
653 5259 761 5321 Didici
777 5281 784 5319 :
799 5263 864 5320 Dt-

103 5349 866 5432 twtntmnosvestros.attacosaperomnes

131 5489 163 5558 dt
175 5496 285 5567 Bonan,
299 5479 327 5557 in
341 5502 453 5570 hegen,
469 5513 496 5555 c.
513 5501 539 5556 7.

130 5562 164 5630 lt)
176 5566 215 5621 Sic
228 5568 261 5626 de
270 5587 303 5635 ea
318 5572 442 5667 loquitur
456 5572 572 5628 hieron.

920 492 1078 553 docentes
1101 494 1268 563 tntettetct
1301 497 1383 566 quta
1418 494 1615 555 testimonia
1642 497 1715 556 Do·

919 592 1007 650 mint
1041 590 1219 650 meditatie
1243 605 1323 651 meo
1347 591 1409 652 est.
1441 590 1544 669 (Psal.
1579 590 1715 670 cxvru.)

921 687 1025 757 Quam
1049 687 1159 747 autem
1188 685 1310 747 divinae
1334 687 1422 763 legis
1444 688 1615 750 meditatio
1637 705 1713 750 eum
1765 737 1773 748 .

921 797 1021 858 super
1047 798 1162 844 omnes
1185 784 1342 845 docentes
1366 785 1496 846 doctum
1519 786 1712 860 reddiderit,
1757 767 1773 794 '

920 880 1066 956 accipies
1081 879 1124 940 ab
1139 879 1365 942 illustrissimo
1380 885 1413 942 S.
1435 885 1474 943 R.
1496 885 1532 943 Ε.
1553 884 1716 944 cardinali

919 978 1179 1038 Bonaventura:
1204 978 1288 1038 «Ad
1313 981 1439 1040 tentam
1461 982 1571 1042 autem
1595 982 1715 1043 mentis

920 1075 1179 1147 «serenitatem,
1211 1075 1415 1137 indefessum
1453 1078 1614 1139 orationis
1645 1080 1718 1140 stn-

919 1170 1054 1243 «dium,
1088 1187 1163 1232 cum
1190 1173 1350 1234 continua
1377 1175 1616 1236 exercitatione
1642 1176 1713 1236 vir-

920 1270 1071 1338 «tutum,
1088 1269 1199 1329 virum
1215 1270 1273 1330 Dei
1285 1270 1498 1346 perduxerat,
1516 1274 1552 1333 ut
1564 1273 1714 1349 quamvis

920 1381 1022 1426 «non
1044 1364 1200 1428 hahuerit
1224 1369 1402 1428 sacrarum
1421 1368 1607 1430 litterarum
1626 1370 1716 1446 peri-

919 1462 1045 1534 «tiam,
1062 1478 1123 1539 per
1137 1463 1333 1536 doctrinam,
1350 1466 1483 1526 aeternae
1502 1467 1614 1526 tamen
1630 1465 1716 1526 lucis

919 1559 1136 1621 «irradiatus
1151 1560 1349 1636 fulgoribus,
1374 1561 1620 1638 scripturarum
1637 1577 1717 1639 pro-

920 1655 1055 1717 «tunda
1082 1656 1165 1717 miro
1187 1657 1377 1719 intellectus
1405 1660 1611 1721 scrutaretur
1631 1675 1714 1720 acu-

920 1753 1053 1814 «mine.
1075 1753 1277 1816 Penetrabat
1291 1755 1381 1816 enim
1396 1755 1438 1816 ab
1453 1758 1543 1816 omni
1561 1756 1636 1817 labe
1650 1774 1716 1834 pu-

920 1867 938 1911 «
953 1867 1027 1911 rum
1039 1850 1209 1926 ingenium
1219 1852 1451 1928 mysteriorum
1460 1853 1655 1916 abscondita
1665 1876 1672 1914 :
1683 1857 1717 1916 et

920 1966 938 2006 «
954 1948 1011 2008 ubi
1024 1948 1228 2023 magistralis
1241 1949 1381 2011 scientia
1392 1950 1473 2011 ioris
1486 1952 1561 2024 stat,
1575 1951 1714 2015 affectus

920 2044 1114 2108 «introibat
1130 2047 1285 2108 amantis.
1301 2047 1445 2124 Legebat
1464 2049 1662 2125 quandoque
1679 2049 1716 2109 in

920 2158 938 2200 «
954 2141 1064 2204 Libris
1078 2143 1185 2204 sacris
1203 2160 1210 2203 :
1232 2145 1264 2206 et
1279 2144 1365 2220 quod
1381 2144 1492 2205 animo
1512 2145 1614 2206 semel
1630 2146 1717 2222 inje-

919 2241 1057 2310 «cerat,
1084 2241 1247 2301 tenaciter
1277 2241 1487 2317 imprimebat
1514 2243 1714 2303 memoriae:

920 2353 939 2395 «
954 2337 1032 2412 quia
1046 2352 1112 2397 non
1125 2337 1249 2399 frustra
1265 2339 1421 2400 mentalis
1435 2339 1629 2400 attentionis
1644 2354 1716 2415 per·

920 2451 938 2492 «
954 2433 1235 2512 cipiebatauditn‚
1248 2435 1333 2512 quod
1348 2437 1515 2498 continuae
1527 2436 1714 2498 devotionis

920 2548 938 2589 «
953 2531 1144 2594 ruminabat
1163 2533 1295 2594 affectu.
1310 2550 1328 2593 »
1341 2534 1381 2594 nt
1398 2536 1471 2610 post
1485 2549 1592 2610 pauca
1605 2554 1613 2593 ε
1627 2550 1646 2593 «
1658 2535 1716 2594 in-

921 2646 939 2687 «
953 2631 1142 2705 terrogatus
1157 2632 1252 2692 Senis
1265 2647 1285 2691 a
1301 2632 1443 2709 quodam
1456 2631 1616 2706 religioso
1627 2632 1713 2702 viro,

920 2726 1130 2802 «theologiae
1157 2744 1262 2790 sacrae
1286 2730 1432 2800 doctore,
1458 2729 1499 2790 de
1520 2728 1716 2806 quibusdam

920 2825 1196 2901 «questionibus
1215 2825 1406 2887 difficilibus
1423 2826 1605 2899 intellectu,
1622 2827 1716 2888 tanta

920 2937 939 2980 «
954 2923 1107 2984 claritate
1123 2923 1295 2996 doctrinae,
1307 2924 1429 2986 divinae
1442 2924 1615 3001 sapienliae
1629 2924 1718 3000 pate-

920 3016 1098 3082 «laciehat
1117 3036 1253 3093 arcana,
1278 3022 1315 3083 ut
1335 3021 1550 3083 vehementer
1569 3022 1716 3099 stuperet

920 3118 1007 3180 «vir
1031 3119 1088 3179 ille
1103 3120 1242 3196 peritus,
1266 3123 1300 3181 et
1321 3136 1396 3180 cum
1418 3120 1640 3182 admiratione
1659 3135 1716 3181 re-

921 3217 1057 3279 «ferret
1076 3238 1083 3276 :
1104 3220 1191 3277 Vere
1212 3217 1379 3293 theologia
1403 3217 1510 3279 sancti
1533 3217 1643 3279 Patris
1667 3218 1717 3278 is-

920 3313 1030 3384 «tius,
1048 3315 1193 3390 puritate
1204 3317 1247 3375 ac
1263 3314 1541 3391 contemplatione
1556 3315 1715 3390 tanquam

920 3411 1019 3499 «alis
1033 3411 1069 3473 in
1082 3411 1188 3473 altum
1209 3410 1358 3488 subjecta
1377 3413 1428 3473 est
1445 3412 1556 3488 aquila
1573 3411 1713 3473 volans:

921 3525 939 3569 «
954 3512 1160 3570 nostrerero
1174 3509 1313 3570 scientia
1323 3510 1439 3570 ventre
1453 3509 1605 3585 graditur
1614 3524 1716 3585 super

921 3610 1087 3668 «terram.
1112 3608 1206 3668 Licet
1231 3607 1319 3667 enim
1341 3607 1430 3668 esset
1449 3607 1624 3683 imperitus
1642 3622 1716 3666 ser-

920 3719 1061 3777 «mone‚
1085 3705 1225 3765 scientia
1251 3705 1363 3765 tamen
1394 3703 1524 3780 plenus,
1550 3703 1717 3765 enodabat

921 3800 1054 3862 «dubia
1070 3802 1302 3878 quaestionum,
1325 3801 1359 3863 et
1380 3800 1573 3863 abscondita
1591 3801 1716 3878 produ-

920 3915 939 3958 «
954 3899 1051 3960 cehat
1065 3899 1098 3960 in
1114 3900 1222 3961 lucem
1237 3921 1244 3958 :
1258 3913 1320 3960 nec
1335 3898 1496 3960 absonum
1510 3900 1539 3960 si
1550 3898 1604 3960 vir
1616 3914 1717 3959 sanc-

920 4013 939 4055 «
953 3997 1007 4057 tus
1021 3997 1267 4073 scripturarum
1281 4012 1301 4057 a
1317 3999 1385 4058 Deo
1399 3995 1602 4058 intellectum
1618 4010 1717 4057 acce-

920 4097 1059 4170 «perat,
1076 4111 1151 4155 cum
1171 4109 1230 4170 per
1246 4094 1466 4156 imitationem
1483 4093 1617 4160 Christi,
1637 4108 1716 4169 per-

920 4191 1075 4252 «sectam
1116 4191 1291 4253 veritatem
1328 4191 1475 4267 ipsarum
1514 4190 1713 4266 descriptam

920 4289 1100 4364 «gestaret
1121 4289 1156 4348 in
1174 4304 1286 4365 opere,
1310 4291 1343 4350 et
1361 4304 1420 4364 per
1443 4286 1555 4349 Sancti
1570 4285 1714 4362 Spiritus

920 4386 1146 4447 «unctionem
1172 4385 1368 4461 plenariam,
1398 4384 1565 4445 doctorem
1598 4397 1714 4445 earum

920 4483 1041 4559 «apud
1057 4498 1093 4543 se
1108 4482 1246 4544 haberet
1268 4482 1304 4541 in
1327 4481 1426 4543 corde
1439 4479 1497 4559 (4).
1515 4482 1714 4545 »Hactenus

920 4580 961 4641 de
980 4583 1054 4656 ejus
1076 4578 1217 4641 scientia
1240 4581 1484 4650 Bonaventura,
1506 4580 1538 4640 et
1557 4580 1586 4639 si
1605 4578 1714 4640 adhuc

920 4680 1028 4751 majus
1053 4676 1166 4737 videre
1190 4675 1283 4751 cupis
1306 4676 1532 4736 testimonium
1556 4677 1713 4737 Ecclesiae

920 4775 1056 4844 sanctae,
1085 4789 1159 4849 quae
1186 4773 1338 4835 veritatis
1362 4774 1521 4849 magistra
1547 4776 1609 4842 esi,
1633 4773 1713 4833 audi

920 4873 994 4947 ejus
1003 4869 1167 4946 judicium
1181 4870 1217 4931 in
1232 4872 1362 4946 Hymno
1377 4870 1417 4930 de
1431 4869 1611 4931 festivitate
1627 4872 1711 4945 ejus,

920 4967 961 5028 ab
981 4967 1130 5029 Ecclesia
1150 4966 1343 5044 approbato.
1366 4969 1403 5027 In
1423 4967 1539 5044 primis
1558 4966 1713 5042 vesperis

921 5065 1043 5127 dicitur
1066 5065 1107 5126 de
1130 5080 1170 5126 eo
1194 5085 1201 5124 :
1224 5081 1242 5123 «
1262 5064 1338 5125 Vita
1364 5066 1397 5125 et
1424 5063 1574 5124 doctrina
1596 5062 1711 5138 splen-

920 5162 992 5222 duit
1009 5178 1028 5222 »
1043 5165 1076 5223 et
1099 5163 1134 5222 in
1158 5161 1304 5222 secunda
1328 5160 1517 5236 Antiphone
1538 5160 1710 5219 Laudum:

919 5260 1023 5320 «Hic
1049 5259 1262 5336 praedicando
1282 5259 1416 5328 circuit,
1447 5260 1480 5318 et
1516 5271 1613 5333 quem
1645 5272 1712 5319 non

920 5357 1019 5417 homo
1052 5357 1180 5428 docuit,
1208 5357 1245 5417 dt
1279 5355 1384 5416 doctis
1415 5354 1452 5414 in
1486 5356 1653 5430 stuporem
1679 5370 1710 5428 a,

956 5496 998 5571 (3)
1012 5495 1122 5565 hmhr„
1136 5498 1163 5552 in
1180 5495 1258 5551 Psnt.
1274 5509 1372 5564 curru,
1384 5501 1480 5551 octon.
1498 5495 1542 5560 ¹3,
1553 5509 1656 5553 versu:

1156 5575 1236 5637 Super
1245 5586 1334 5621 omnes
1345 5574 1472 5623 docentes.

955 5655 996 5727 (i)
1013 5658 1132 5723 Bonan,
1149 5655 1176 5710 in
1195 5655 1271 5724 Lep,
1286 5668 1311 5709 c.
1330 5656 1372 5709 ll.
