3950 6200
46 334 47 339 ’
126 325 177 385 wi
672 327 994 391 Pachnaomnrin.
1016 355 1057 373 -
1076 328 1185 389 vita.
1684 329 1746 390 202

125 479 403 543 transfretantibus
416 495 507 543 mare
516 484 585 543 tres
593 496 710 554 annos,
719 485 899 545 transenn·
952 484 1068 556 radisi,
1081 482 1483 561 tempraesentibusquam
1494 482 1615 545 iutnris
1625 483 1659 545 in
1668 500 1746 561 per-

124 577 200 639 tihus
212 577 308 652 Alpes
338 576 433 649 duos,
454 579 487 639 et
507 579 769 651 castanearum,
795 582 827 641 et
842 582 898 656 qui
953 584 1098 658 petuum.

46 750 47 753 Ἴ
124 675 154 734 in
176 673 402 734 anniversario
422 675 655 737 translationis
683 676 764 738 illuc
794 692 899 753 usque
994 680 1025 737 ls
1041 678 1096 753 qui
1110 677 1292 738 Ecclesiam
1304 693 1396 738 suain
1409 693 1541 754 semper
1553 693 1639 738 nova
1653 676 1745 754 prole

122 769 158 830 ad
182 771 327 830 octavam
353 769 440 830 diem
467 773 660 833 reverenter
684 773 896 845 accesserint,
952 771 1130 844 foecundat,
1148 773 1303 848 dignatus
1324 773 1396 835 haec
1422 774 1579 835 moderna
1594 778 1745 850 tempora

122 881 233 927 aunum
245 866 401 927 similiter
415 866 455 927 de
468 868 616 944 injuncta
631 867 694 928 sibi
705 870 897 944 poenitentia
953 869 1121 946 prioribus
1132 869 1350 941 conformare,
1365 874 1399 931 B.
1414 871 1620 932 confessoris
1633 873 1744 932 Fran-

122 961 369 1023 misericorditer
381 962 584 1023 relaxamus.
595 966 714 1025 Datum
728 967 896 1037 Laterani,
952 967 1035 1026 cisci
1048 968 1200 1043 spiritum
1216 967 1250 1027 in
1274 967 1425 1028 caritatis
1440 984 1554 1029 amoro
1564 984 1623 1044 per
1638 968 1746 1044 inspi-
1785 1029 1787 1031 ,

121 1057 898 1137 llllllkalendasjunii,pontificatusuostrianno
949 1065 1083 1124 nantem
1107 1064 1250 1140 gratiam
1271 1063 1440 1135 excitavit,
1463 1065 1499 1124 ut
1512 1062 1744 1140 Apostolorum

119 1156 234 1234 quarto.
952 1159 1094 1234 vestigia
1109 1160 1259 1221 imitatus
1274 1160 1310 1219 iu
1324 1161 1520 1236 paupertate
1535 1161 1571 1220 in
1586 1177 1651 1237 qua
1670 1160 1745 1237 plus

953 1256 1076 1318 caritas
1091 1257 1232 1333 proiicit,
1248 1256 1375 1318 relictis
1388 1257 1541 1318 omnibus
1565 1257 1672 1318 solum
1690 1273 1747 1319 se·
1808 1326 1817 1331 g

953 1353 1048 1414 cutus
1060 1351 1160 1415 suerit
1170 1356 1303 1415 aeternae
1311 1353 1526 1415 beatitudinis
1537 1353 1745 1430 largitorem,

151 1450 185 1510 V.
206 1449 301 1512 Ultra
322 1447 397 1511 haec
418 1450 539 1512 honam
553 1450 645 1512 misit
665 1451 815 1528 pecuniae
829 1466 898 1512 nu·
953 1451 986 1511 et
1000 1450 1093 1511 velut
1105 1450 1213 1511 tidelis
1224 1466 1341 1511 servus
1356 1454 1389 1512 et
1404 1450 1548 1527 prudens
1563 1450 1745 1512 laudabili-

119 1546 239 1608 meratae
254 1562 420 1608 summam
435 1547 476 1608 ad
500 1546 637 1609 fabricae
652 1547 849 1615 subsidium,
866 1551 899 1611 et
952 1547 1004 1608 ter
1018 1548 1174 1622 operatus
1188 1548 1223 1607 in
1238 1547 1372 1609 talentis
1387 1548 1419 1608 ei
1437 1547 1584 1619 creditis,
1604 1547 1747 1610 fructum

118 1644 280 1704 ecclesiam
304 1644 421 1706 Sancti
440 1645 585 1720 Georgii,
601 1645 636 1705 in
659 1661 723 1722 qua
747 1646 789 1706 ad
816 1646 915 1706 illud¹
951 1640 989 1701 in
1011 1641 1160 1702 Ecclesia
1188 1642 1249 1702 Dei
1275 1641 1386 1703 attulit
1406 1642 1590 1718 copiosum.
1610 1641 1746 1718 abipso

120 1741 231 1816 tempus
256 1742 368 1802 sancti
388 1742 560 1803 Francisci
581 1758 702 1817 corpus
721 1742 896 1819 requievit,
952 1737 1042 1797 enim
1055 1737 1188 1799 Ordinis
1202 1738 1306 1798 vestri
1319 1740 1433 1799 sancta
1447 1738 1609 1814 plantatio
1622 1753 1746 1814 coope-

46 1908 48 1915 .
120 1836 493 1913 donaritrirginiillarae
508 1838 896 1915 ejusquesectatricibus,
952 1835 1049 1896 rante
1073 1834 1186 1895 divina
1212 1837 1321 1910 gratia
1352 1851 1544 1911 processum
1571 1835 1688 1898 hahuit
1714 1838 1747 1897 et

118 1935 354 2009 procuratorem
366 1949 463 1995 suum
477 1934 599 1995 hssisii
611 1936 827 2007 constituens,
842 1935 898 2011 qui
952 1946 1164 2007 progressum
1177 1954 1185 2004 3
1203 1947 1267 2008 qua
1281 1931 1434 2008 palmites
1450 1933 1634 1994 honestatis
1649 1932 1748 2008 longe

117 2031 293 2106 contiguum
311 2031 483 2092 extrueret
491 2031 783 2104 monasterium,et
795 2031 900 2093 labri·
953 2028 1086 2105 lateque
1097 2029 1293 2105 producens,
1306 2028 1406 2090 flores
1419 2029 1566 2105 protulit,
1584 2032 1617 2091 et
1628 2029 1747 2092 odores

117 2141 155 2188 cae
167 2142 276 2188 curam
290 2128 420 2203 ageret,
432 2130 469 2189 ut
483 2129 651 2205 religiosae
667 2129 827 2204 virgines,
844 2130 900 2192 tu·
953 2125 1071 2187 effudit
1086 2125 1126 2185 ad
1142 2126 1324 2187 resecanda
1346 2127 1467 2187 nociva
1482 2129 1515 2188 et
1529 2126 1677 2187 salubria
1694 2128 1749 2188 in-

117 2222 171 2283 tius
182 2225 337 2286 uiuerent
355 2225 445 2286 intra
470 2224 617 2287 civitatis
637 2225 772 2298 maenia,
801 2227 837 2286 et
856 2225 898 2287 ab
954 2223 1108 2301 serenda.
1124 2225 1204 2283 Cum
1216 2223 1319 2298 igitur
1331 2224 1417 2298 apud
1427 2223 1590 2283 hssisium
1599 2224 1633 2284 in
1646 2223 1746 2285 tundo

117 2318 182 2381 adis
194 2323 226 2382 S.
241 2321 402 2382 Damiani
412 2321 511 2382 nimis
524 2324 664 2397 angusto
676 2312 899 2383 liberarentur
952 2317 1092 2380 nobiset
1107 2320 1264 2380 Ecclesiae
1289 2322 1448 2381 Romanae
1464 2319 1574 2382 oblato
1600 2320 1638 2381 iu·
1658 2321 1742 2391 loco,

117 2418 280 2492 ergastulo.
313 2418 380 2479 Sed
406 2419 439 2480 et
468 2418 644 2489 ecclesiam
671 2434 803 2491 novam,
824 2434 898 2495 quea
952 2415 1139 2492 quidicitur
1154 2419 1246 2479 cottis
1258 2420 1434 2486 Perculsi,
1451 2417 1487 2476 in
1502 2415 1649 2493 ejusdem
1666 2419 1747 2478 ilon-

116 2513 332 2576 aedidcabatur
342 2515 377 2575 in
393 2515 500 2577 sancti
511 2515 711 2577 institutoris
722 2516 895 2587 honorem,
951 2510 1091 2572 sessoris
1107 2512 1233 2573 honore
1246 2515 1460 2574 construatur
1470 2514 1623 2586 ecclesia,
1634 2515 1669 2575 in
1682 2530 1746 2592 qua

118 2609 210 2673 denuo
233 2612 416 2687 multiplici
437 2613 565 2688 gratia,
593 2614 626 2674 et
649 2612 764 2675 lavore
786 2613 898 2675 affecit
953 2609 1087 2670 recondi
1099 2609 1270 2671 dehettam
1282 2611 1747 2687 pretiosnsthesaurus,sanc

116 2711 285 2785 exemptam
316 2709 445 2770 iaciens
469 2709 581 2788 (quam
606 2709 704 2771 antea
728 2696 817 2772 anno
844 2726 899 2772 se-
952 2707 1022 2767 tum
1036 2704 1192 2768 videlicet
1210 2721 1330 2783 corpus
1345 2707 1463 2783 ipsius,
1478 2708 1534 2785 qui
1550 2709 1745 2785 intempore

115 2806 207 2867 cundo
219 2807 272 2867 sui
283 2806 499 2884 pontificatus
512 2806 897 2884 exemit)aquacumque
952 2804 1136 2865 iracundiae
1160 2803 1268 2866 iactus
1290 2806 1340 2866 est
1360 2805 1602 2876 reconciliatio,
1623 2808 1659 2868 ut
1684 2822 1746 2882 pro

112 2899 345 2974 jurisdictione,
360 2900 489 2977 sibique
505 2901 740 2974 immediatam,
755 2903 897 2964 citatius
952 2901 1097 2974 peccatis
1111 2900 1307 2976 populorum
1334 2900 1429 2962 tieret
1452 2902 1665 2969 intercessor,
1682 2918 1743 2963 nos

116 2997 230 3059 ominis
243 3000 359 3076 caput,
376 3013 416 3059 ac
431 3000 569 3060 matrem
585 2999 801 3061 constituens,
811 3002 897 3062 Vere
952 3012 1028 3056 cnm
1043 2997 1179 3072 dignum
1193 2997 1238 3057 sit
1251 2998 1284 3058 et
1299 3013 1487 3072 congruens
1502 2999 1538 3059 ut
1558 2998 1674 3059 eadem
1689 3014 1746 3059 ec-

45 3133 48 3172 ÷
116 3093 211 3158 tamen
249 3097 453 3173 antiquitate
489 3099 589 3173 caput
626 3099 677 3159 est
713 3101 896 3160 conventus
952 3093 1054 3156 clesia
1067 3094 1286 3171 praerogativa
1297 3093 1459 3157 libertatis
1471 3096 1504 3158 et
1513 3095 1651 3158 honoris
1661 3112 1748 3172 gau·

116 3192 228 3255 Sanctae
243 3193 365 3256 Mariae
378 3193 594 3269 Angelorum,
606 3195 640 3255 et
652 3196 811 3256 materen
825 3195 898 3257 ins·
952 3191 1273 3268 deatproptereum,
1291 3207 1389 3269 quem
1407 3192 1442 3252 in
1468 3193 1563 3254 coelis
1585 3194 1745 3254 Dominus
1804 3219 1806 3221 ·

46 3297 48 3330 ³
113 3286 196 3351 tituta
210 3290 370 3367 primitus
382 3290 428 3350 ibi
438 3290 602 3366 religione
616 3312 624 3350 ε
640 3292 698 3351 sed
710 3291 896 3354 coenobium
951 3289 1138 3350 exaltavit:
1166 3302 1226 3364 pro
1252 3292 1325 3366 ejus
1353 3291 1542 3351 reverentia
1566 3289 1745 3351 ecclesiam

46 3439 48 3460 ,
113 3384 166 3446 hoc
190 3388 365 3464 pontificio
385 3387 562 3464 privilegio
591 3388 768 3465 utrumque
797 3389 898 3452 habet
951 3386 1058 3462 ipsam
1074 3385 1135 3446 sub
1148 3385 1237 3447 beati
1250 3385 1340 3447 Petri
1362 3386 1396 3447 et
1408 3386 1520 3447 nostra
1537 3387 1745 3462 protectione

114 3481 271 3559 lignitate,
300 3485 518 3558 auctoritate;
541 3486 640 3546 etex
665 3485 799 3547 condito
822 3487 898 3547 the-
951 3483 1162 3559 suscipimus,
1179 3483 1212 3543 et
1236 3482 1410 3558 praesentis
1430 3483 1545 3559 scripti
1568 3484 1745 3560 privilegio

115 3594 199 3643 sauro
221 3581 401 3659 praecellit
426 3581 595 3642 l‘raeclara
613 3582 714 3643 etiam
736 3583 897 3645 antithesi
951 3580 1204 3642 communimus.
1226 3581 1263 3639 in
1286 3579 1401 3655 primis
1417 3579 1580 3655 siquidem
1594 3582 1745 3642 statuen-

114 3673 220 3740 insuis
235 3679 361 3742 litteris
376 3678 485 3739 locum
501 3680 600 3740 antea
617 3683 769 3742 vocatum
780 3686 897 3742 collem
950 3678 1011 3748 tes,
1028 3678 1065 3738 ut
1079 3675 1222 3737 ecclesia
1233 3675 1306 3751 ipsa
1316 3675 1411 3747 nulli,
1425 3676 1489 3735 nisi
1499 3678 1648 3738 Romano
1657 3680 1746 3738 Pon·

46 3781 48 3858 ξ
114 3776 239 3847 tulerat,
266 3776 419 3853 appellat
442 3781 560 3838 collem
586 3780 763 3849 Porodtrt,
792 3780 828 3839 ut
854 3793 898 3838 ex
950 3774 1043 3845 tilici,
1061 3774 1104 3834 sit
1119 3772 1279 3849 subjecta,
1295 3774 1328 3836 et
1352 3774 1460 3834 vestri
1482 3774 1626 3846 ordinis,
1651 3778 1746 3852 cujus

46 3875 47 3910 l
115 3869 245 3948 subjecto
262 3873 445 3950 diplomate
464 3872 641 3934 constabit.
667 3875 810 3935 Censum
834 3890 896 3934 en·
951 3871 1121 3932 institutor
1131 3871 1164 3931 et
1176 3871 1271 3947 pater
1288 3870 1398 3930 extitit
1413 3870 1591 3932 consessor
1603 3874 1746 3947 praedic-

115 3981 212 4043 nuum,
229 3971 354 4032 libram
370 3986 469 4031 unam
485 3987 571 4032 cerae
587 3970 622 4030 in
639 3971 687 4032 rei
702 3970 894 4032 memoriam
950 3971 1014 4040 tus,
1032 3969 1132 4045 caput
1156 3967 1319 4028 habeatur
1338 3969 1371 4029 et
1392 3970 1509 4038 mater,
1530 3985 1569 4029 ac
1584 3969 1619 4029 in
1635 3986 1673 4031 ea
1685 3987 1745 4047 per

114 4063 897 4146 iratressolvuntquotannis.Exemplarexscrip·
950 4065 1071 4130 iratres
1082 4064 1231 4143 ejusdem
1241 4065 1376 4125 Ordinis
1391 4067 1551 4142 perpetuo
1566 4068 1742 4129 serviatur.

114 4162 172 4223 tum
190 4165 423 4236 en'Vaticano,
441 4164 496 4226 uhi
521 4164 662 4229 habetur
680 4166 741 4226 sub
757 4182 895 4227 numero
950 4162 1170 4224 Prohibemus
1200 4162 1357 4238 insuper,
1386 4178 1427 4222 ne
1457 4163 1530 4239 quis
1557 4163 1679 4225 audeat
1707 4166 1744 4226 in

115 4258 259 4336 vigesimo
275 4262 435 4334 secundo,
453 4262 568 4334 offero,
592 4262 650 4324 sed
665 4262 790 4340 absquo
811 4265 896 4325 tem·
950 4258 1097 4321 eamdem
1119 4259 1297 4321 ecclesiam
1322 4261 1677 4322 excommunicationis
1691 4263 1745 4324 rel

116 4371 182 4430 porc
194 4359 435 4431 concessionis,
459 4358 546 4436 quod
567 4361 711 4436 scriptor
720 4362 892 4437 praeteriit,
949 4356 1334 4418 interdictisententiam
1356 4357 1589 4432 promulgare;
1604 4360 1743 4434 quamsi

117 4453 244 4518 athmen
272 4457 407 4519 constat
429 4472 472 4517 ex
494 4457 568 4533 ipso
587 4457 768 4534 diplomate
782 4457 894 4520 datum
949 4455 1098 4531 prolerre
1121 4453 1308 4529 contigerit,
1334 4454 1493 4530 tanquam
1516 4457 1633 4516 contra
1648 4458 1744 4519 Sedis

117 4549 204 4615 tuisse
218 4556 296 4616 ante
311 4554 566 4616 translationem
577 4554 710 4625 iactam,
723 4553 801 4616 dum
814 4555 895 4616 dicit
948 4551 1147 4628 Apostolicae
1175 4550 1304 4611 indulta
1334 4551 1509 4625 prolatam,
1533 4553 1744 4616 decernimus

118 4644 191 4712 ineo
203 4651 327 4730 templo
340 4651 460 4712 debere
474 4651 609 4712 recondi
623 4654 730 4715 sancti
741 4652 892 4714 riricor-
948 4665 1015 4710 non
1026 4650 1152 4710 tenere.
1168 4650 1233 4708 Pro
1249 4649 1558 4710 consecrationibus
1568 4667 1648 4713 vero
1658 4653 1746 4715 alta-

117 4759 181 4820 pus;
194 4752 224 4809 et
239 4750 269 4810 si
284 4765 328 4810 ex
338 4749 413 4825 ipso
428 4750 558 4824 regesto
574 4748 726 4809 divinare
743 4749 895 4817 licetda·
949 4746 1048 4817 rium,
1070 4745 1141 4807 sive
1155 4761 1216 4821 pro
1231 4745 1303 4806 oleo
1317 4751 1445 4819 sancto,
1457 4748 1510 4808 vel
1522 4748 1743 4826 quolibetalio

117 4841 235 4906 tum'est
247 4845 337 4907 circa
352 4845 427 4905 idus
442 4846 533 4916 maii,
546 4846 599 4906 vel
613 4860 652 4907 eo
665 4848 813 4922 tempore
828 4862 893 4924 quo
949 4842 1176 4904 ecclesiastico
1202 4844 1410 4905 sacramento
1435 4845 1547 4906 nullus
1562 4845 1604 4906 ab
1627 4846 1742 4908 eadem

118 4942 291 5015 superiores
306 4943 426 5004 litterae
441 4942 528 5004 datae
542 4945 634 5017 sunt3
649 4943 773 5004 etenim
788 4944 822 5004 in
833 4959 892 5004 re·
948 4940 1093 5002 ecclesia
1104 4940 1165 5001 sub
1181 4939 1317 5002 obtentu
1333 4942 1594 5013 consuetudinis,
1606 4943 1659 5003 rel
1675 4944 1742 5005 alio

118 5038 197 5109 gesto
222 5055 297 5116 quae
324 5037 515 5100 immediate
548 5040 705 5115 praecedit
733 5040 891 5115 epistola,
948 5038 1045 5099 modo
1060 5039 1240 5115 quidquam
1258 5039 1369 5100 valeat
1383 5041 1655 5116 extorquere,sed
1670 5042 1742 5104 haec

118 5129 182 5193 data
193 5138 278 5199 estV
293 5137 366 5197 idus
379 5137 470 5209 maii,
482 5139 515 5198 et
526 5153 599 5214 quae
613 5137 765 5214 proxime
775 5139 892 5215 sequi·
949 5136 1061 5197 omnia
1076 5137 1179 5213 gratis
1196 5135 1300 5197 'vobis
1329 5136 1505 5212 episcopus
1531 5136 1744 5202 dioecesanus

118 5227 244 5294 turliVl
257 5232 418 5295 kalendas
429 5234 539 5310 junii:
948 5233 1128 5310 impendat,
1145 5233 1294 5310 alioquin
1316 5232 1416 5293 liceat
1436 5231 1530 5293 vobis
1549 5248 1742 5309 quemcum-

152 5329 323 5404 tlregorius
350 5331 545 5408 episcopus,
573 5347 691 5393 servus
720 5347 893 5393 servorum
948 5347 1012 5408 que
1025 5319 1211 5391 malueritis
1224 5328 1426 5392 ¹catholicum
1440 5329 1533 5391 adire
1546 5331 1739 5406 antistitem,

121 5421 620 5497 hei,ministr00rdinislratrum
628 5429 894 5507 MinorumeJus·
948 5429 1092 5504 gratiam
1104 5429 1136 5489 et
1154 5425 1417 5498 communionem
1433 5426 1631 5502 Apostolicae
1648 5431 1744 5492 Sedis

123 5533 175 5594 que
196 5523 347 5587 iratribus
370 5526 576 5587 morantibus
604 5526 691 5603 apud
716 5526 892 5588 ecclesiam
949 5525 1137 5596 habentem,
1154 5524 1211 5602 qui
1224 5524 1337 5583 nostra
1353 5524 1663 5588 l'retusauctoritatc
1678 5545 1741 5590 vo-

123 5615 152 5676 h.
167 5619 325 5684 Francisci
345 5623 378 5684 in
394 5624 478 5696 loco,
496 5624 552 5702 qui
569 5623 690 5686 dicitur
713 5624 807 5687 collis
823 5627 891 5686 Pa·
948 5622 1011 5696 bis,
1028 5622 1112 5700 quod
1130 5619 1328 5699 postulatur,
1342 5619 1522 5702 impendat.
1538 5623 1629 5696 Quod
1645 5626 1674 5686 si
1689 5643 1767 5726 se„
1811 5695 1814 5708 ¹

1737 5729 1751 5762 a
1809 5765 1813 5772 .
