3950 6200
239 308 300 369 527

242 470 397 532 Sentiens
412 470 524 546 itaque
537 469 687 545 corporis
702 469 957 533 dissolutionem
972 472 1038 532 im·

241 567 381 637 minere,
402 567 510 628 accito
529 566 621 628 adse
643 568 735 628 socio
758 565 860 628 tratre
879 569 1035 644 Rogerio,

241 664 328 725 dixit
342 664 375 725 ei
392 686 399 723 :
417 666 450 725 Si
473 663 534 726 tibi
551 665 739 725 consultum
757 665 900 737 ridetur,
921 665 1036 740 trater,

242 761 284 823 ob
320 761 493 823 vitandum
520 761 640 823 borum
673 761 813 824 fratrum
841 778 1036 837 gravamen,

241 859 389 920 Paduam
403 875 455 921 me
470 860 651 931 conseram,
673 858 713 919 ad
730 862 765 920 B.
782 861 898 921 Mariae
916 861 1036 922 locum.

242 956 333 1030 Quod
347 972 422 1018 oum
438 955 534 1019 tratri
547 956 596 1017 illi
607 957 765 1034 placeret,
782 957 816 1017 in
832 973 966 1019 currum
981 959 1040 1018 irn-

242 1055 378 1132 ponitur
385 1055 446 1117 Vir
460 1056 531 1126 Dei,
546 1054 705 1117 fratribus
717 1054 849 1132 quidem
857 1055 922 1116 loci
933 1055 1037 1127 illius,

242 1169 286 1215 ne
309 1153 400 1230 ipsos
415 1152 597 1227 desereret,
612 1151 735 1214 obnixe
750 1152 1037 1215 contendentibus.

243 1251 306 1324 Qui
327 1254 440 1313 tamen
466 1255 502 1312 ut
527 1250 685 1312 viderunt
699 1254 771 1327 ejus
786 1251 935 1311 animum
950 1250 1039 1311 flecti

243 1365 310 1410 non
326 1363 423 1426 posse
437 1348 1038 1425 16331311111661111111,61161116.

242 1449 399 1509 Jamrero
414 1445 455 1506 ad
470 1445 584 1507 urbem
598 1446 735 1523 propius
750 1446 937 1520 accedenti,
953 1445 1040 1506 alius

243 1544 379 1620 quidam
394 1542 497 1605 frater
519 1543 651 1605 obviam
677 1543 780 1617 venit,
801 1543 857 1620 qui
879 1543 971 1604 illum
986 1543 1042 1602 in-

243 1641 354 1702 visere
370 1642 599 1703 constituerat.
614 1643 646 1701 Is
659 1642 695 1703 ut
708 1641 792 1702 vidit
804 1657 878 1702 eum
894 1641 929 1702 in
944 1641 1042 1702 vebi-

244 1738 320 1802 culo
335 1738 432 1801 valde
442 1739 561 1800 affecta
572 1739 774 1809 valetudine,
791 1739 987 1801 hortabatur
999 1754 1042 1798 ne

244 1838 380 1913 propter
398 1837 521 1899 civium
550 1836 832 1913 importunitatem
860 1837 895 1896 in
924 1835 1041 1896 urbem

244 1933 477 2009 ingrederetur
501 1933 542 1994 ad
572 1934 693 1995 iratres
716 1934 757 1995 de
773 1936 895 1995 Sancta
920 1933 1039 2004 Maria,

245 2031 303 2093 sed
312 2031 610 2108 diverteretpotius
619 2032 660 2091 ad
674 2031 791 2092 cellam
802 2030 941 2092 fratrum
943 2033 1042 2107 juxta

244 2127 484 2190 monasterium
513 2145 695 2206 pauperum
721 2129 930 2190 dominarum
950 2143 1043 2188 com-

244 2225 457 2295 morantium,
485 2226 594 2285 ateis
623 2224 736 2285 divina
764 2224 1039 2285 ministrantium.

244 2322 397 2383 Assensit
411 2322 605 2393 virbeatus,
622 2338 724 2399 seque
736 2337 776 2383 eo
796 2320 932 2398 perduci
943 2336 1043 2382 cura·

244 2420 303 2483 uit.
316 2419 481 2481 Paulatim
490 2422 600 2482 autem
612 2420 821 2481 increscente
829 2418 1040 2495 aegritudine,

244 2517 287 2579 ad
323 2517 473 2579 extrema
506 2517 859 2595 festinavitzcumque
888 2515 1042 2576 nonnihil

245 2614 437 2692 quievisset,
449 2614 766 2686 sactaconsessione,
777 2615 935 2691 hymnum
947 2613 1041 2673 illum

246 2712 288 2773 de
309 2714 346 2772 B.
373 2712 535 2783 Maria‚0
558 2714 710 2787 gloriosa
733 2714 893 2783 domnio,
921 2725 1042 2772 canere

246 2809 356 2886 coepit.
386 2809 512 2870 Deinde
540 2807 680 2869 sublatis
707 2809 814 2869 oculis
837 2808 1042 2885 aliquamdiu

238 2921 393 2978 sursum,
411 2905 668 2980 diligentissime
688 2905 832 2967 intentos
854 2920 911 2966 eos
923 2906 1040 2966 tenuit.

247 3005 328 3065 Cum
351 3003 463 3063 autem
486 3003 761 3077 interrogaretur,
787 3003 983 3079 ecquidnam
997 3003 1042 3064 ita

247 3100 911 3179 aspiceretrespondit:Videollominum
921 3116 1041 3161 meum.

247 3199 429 3261 Cernentes
438 3199 541 3274 igitur
550 3197 672 3259 fratres
685 3198 899 3275 quiaderant,
913 3197 1042 3258 felicem

246 3301 320 3374 ejus
335 3296 460 3357 exitum
474 3295 622 3358 adessee
636 3295 800 3372 proximo,
810 3311 946 3367 ,sacram
960 3311 1044 3356 unc-

246 3395 371 3456 tionem
387 3395 417 3454 ei
432 3393 624 3470 impendere
645 3392 835 3453 voluerunt.
863 3394 906 3454 Ut
931 3394 1042 3454 autem

246 3491 330 3554 vidit
354 3492 489 3552 sanctus
504 3492 574 3563 Vir,
588 3489 723 3551 fratrem
740 3505 782 3551 ex
804 3505 895 3551 more
911 3505 1042 3551 sacrum

247 3588 607 3666 oleumadportantem,
621 3588 755 3649 intuens
769 3587 804 3648 in
816 3603 904 3661 eum,
918 3588 966 3649 ait
976 3586 1041 3646 illi:

247 3690 342 3750 Hanc
354 3688 543 3748 unctionem
554 3702 617 3761 ego
630 3684 735 3747 babeo
749 3685 837 3746 intra
853 3701 904 3746 me
915 3707 922 3745 ε
932 3686 1043 3746 tamen

247 3786 456 3847 extrinsecus
471 3782 552 3844 mibi
568 3783 718 3844 adbibita
731 3783 824 3843 utilis
840 3786 901 3843 est.
923 3785 1045 3842 Susce-

246 3883 296 3960 pit
321 3882 423 3956 igitur
437 3896 566 3942 sacram
590 3880 802 3952 Unctionem,
829 3879 1044 3955 extensisque

247 3977 402 4040 manibus
428 3981 461 4038 et
474 3977 593 4053 palmis
608 3978 766 4049 inunctis,
787 3977 943 4053 psalmos,
960 3992 1043 4053 quos

247 4075 495 4154 poenitentiales
514 4076 648 4147 vocant,
664 4090 739 4136 cum
755 4072 912 4135 iratribus
935 4075 1046 4151 perle-

247 4176 307 4252 git.
337 4174 417 4236 Inde
443 4172 539 4250 quasi
563 4172 700 4233 dimidia
724 4172 818 4248 lapsa
838 4172 932 4242 hora,
956 4172 1045 4232 inter

248 4289 370 4335 manus
384 4270 599 4344 adstantium,
619 4270 795 4332 dormienti
812 4270 943 4342 similis,
957 4270 1045 4331 leni-

245 4373 299 4434 ter
323 4370 500 4448 expiravit,
525 4371 559 4432 et
591 4368 704 4429 anima
732 4367 791 4428 illa
819 4366 1041 4438 sanctissima,

248 4468 360 4531 carnis
399 4467 569 4544 ergastulo
611 4465 779 4538 absoluta,
817 4464 851 4525 in
886 4464 1042 4541 abyssum

247 4567 381 4627 arternae
396 4565 559 4626 claritatis
569 4563 726 4640 absorpta
737 4565 797 4625 est.
808 4565 933 4640 Corpus
944 4562 1043 4638 plane

247 4660 393 4723 dormire
421 4659 607 4734 videbatur,
637 4660 790 4721 manibus
810 4660 845 4721 in
865 4659 1043 4720 candorem

247 4762 281 4822 et
295 4758 441 4821 colorem
464 4757 641 4833 pristinum
660 4758 808 4829 mutatis,
830 4759 863 4819 et
886 4756 1043 4818 membris

246 4855 400 4921 omnibus
422 4854 463 4914 ad
485 4856 601 4914 nutum
616 4854 892 4917 contrectantium
906 4854 1042 4916 flexibi-

245 4955 345 5016 libus.
361 4951 531 5029 Agebatur
544 4952 647 5012 tuma
666 4950 789 5012 Christi
806 4953 1042 5014 incarnatione

245 5067 353 5114 annus
368 5051 570 5120 MCCXXXI,
587 5047 797 5125 etdiesjunii
810 5050 899 5109 Xlll.

514 5246 652 5308 CAPUT
672 5245 773 5306 XXV.

244 5363 1042 5464 Ainorieappnretaooatz·Vercenensiqueme'c

256 5485 1026 5579 psaltereloborarztemfocitsonumscotuctu.

285 5637 405 5697 Eadem
418 5637 527 5698 autem
546 5636 600 5697 die
615 5635 853 5698 celeberrimus
864 5635 921 5696 ille
936 5635 1039 5697 abbas

711 312 767 372 ab
795 312 933 373 OPERA
961 314 995 372 S.
1018 314 1193 375 ANTONII
1224 313 1411 377 Pandam

1808 316 1856 381 es

1091 472 1326 545 vercellensis,
1342 488 1448 534 sacrae
1462 472 1609 547 lectioni,
1625 479 1658 534 et
1670 474 1858 538 1111113116-

1092 569 1475 643 ditationibnsintentus,
1491 570 1583 630 solus
1594 572 1666 631 erat
1677 570 1709 630 in
1719 571 1859 634 cubiculo.

1092 670 1174 728 Eum
1184 667 1312 729 VirDei
1325 684 1400 728 cum
1410 670 1500 729 esset
1510 669 1547 728 in
1557 682 1707 744 corpore,
1718 671 1863 745 precipue

1092 780 1208 825 carum
1234 764 1361 838 babuit,
1381 764 1529 826 maxime
1546 765 1633 843 quod
1648 765 1727 826 olim
1740 766 1773 825 in
1786 766 1866 828 ibeo·
1920 752 1921 841 1

1094 863 1182 938 logia
1212 862 1305 922 illum
1328 862 1538 933 instituisset,
1557 866 1591 923 et
1613 862 1758 923 vicissim
1772 862 1865 924 abillo
1920 870 1921 881 ¹

1093 958 1866 1037 exlibrisoionysiiderebusslussimtsinstruc
1920 954 1921 1041 1

1093 1062 1146 1117 tus
1163 1057 1291 1118 luisset
1316 1060 1356 1118 Et
1383 1057 1442 1118 ilie
1457 1057 1589 1134 quidem
1617 1056 1720 1118 abbas
1739 1057 1773 1117 in
1796 1073 1864 1118 con·
1920 1046 1921 1133 1

1093 1156 1194 1215 ventu
1204 1154 1348 1215 -iratrum
1363 1170 1510 1225 suorum,
1527 1154 1590 1215 boc
1602 1154 1685 1215 Viro
1696 1154 1754 1215 Dei
1769 1154 1863 1230 periri-
1920 1140 1921 1219 l

1094 1250 1166 1312 nun
1190 1251 1427 1313 testimonum.
1448 1250 1863 1329 praesumsimus

1095 1348 1229 1409 Ordinis
1250 1349 1383 1409 illorum
1406 1348 1557 1422 fratrum,
1573 1347 1615 1409 de
1624 1363 1710 1425 pura
1721 1348 1864 1422 theologia
1920 1368 1921 1429 q

1096 1460 1198 1506 sensu
1212 1446 1352 1522 mystico
1367 1445 1480 1507 bausit
1492 1446 1701 1524 plenissime,
1713 1444 1810 1506 divini
1820 1461 1864 1505 ra·
1920 1432 1921 1499 l

1097 1542 1143 1603 dii
1156 1543 1480 1617 gratiaillustratus.

1135 1642 1241 1701 Porro
1253 1639 1288 1701 in
1303 1639 1441 1702 abbatis
1456 1643 1529 1718 ejus
1551 1639 1740 1701 cubiculum
1752 1639 1800 1701 vir
1815 1637 1862 1698 bei

1098 1736 1207 1798 subito
1218 1737 1484 1814 ingressus,post
1492 1739 1641 1798 mutuam
1653 1736 1862 1798 salutationem
1920 1728 1921 1797 l

1096 1834 1145 1895 ait
1165 1834 1217 1894 illi
1234 1856 1241 1894 :
1259 1837 1355 1907 Ecce,
1371 1835 1504 1895 domine
1523 1834 1627 1906 Abba,
1648 1834 1763 1896 relicto
1778 1830 1863 1892 esebo
1920 1826 1921 1915 1

1096 1932 1184 2008 apud
1208 1932 1368 2000 Paduam,
1394 1932 1537 1994 festinus
1556 1932 1597 1993 ad
1620 1932 1760 2009 patriam
1776 1928 1862 2006 proti·
1920 1924 1921 1939 ¹

1098 2031 1216 2090 ciscor.
1242 2028 1431 2091 Laborabat
1453 2032 1522 2090 tum
1543 2029 1654 2092 abbas
1679 2028 1815 2105 graviter
1832 2048 1865 2093 ex

1096 2129 1230 2201 gutture
1247 2143 1255 2186 :
1273 2126 1331 2188 sed
1346 2126 1399 2187 vir
1411 2127 1470 2189 Dei
1485 2126 1606 2188 leniter
1619 2143 1696 2188 eum
1708 2130 1863 2204 attingens,

1095 2226 1201 2285 totum
1226 2223 1309 2285 illud
1329 2223 1573 2285 incommodum
1595 2226 1732 2300 repente
1748 2224 1863 2302 depulit,

1096 2323 1130 2384 et
1154 2321 1332 2399 disparuit.
1348 2323 1392 2383 At
1411 2321 1469 2383 ille
1484 2323 1607 2399 putans
1626 2321 1757 2384 eumad
1774 2322 1866 2383 111616

1097 2420 1205 2481 solum
1243 2419 1308 2480 iter
1343 2418 1536 2490 intendere,
1573 2419 1713 2496 ignarus
1750 2435 1865 2497 prorsus
1920 2412 1921 2447 ¹

1096 2516 1207 2578 obitus
1229 2517 1334 2587 illius,
1351 2516 1469 2593 surgit,
1493 2518 1527 2577 et
1541 2532 1585 2578 ex
1598 2516 1733 2579 ramulis
1753 2532 1867 2579 monas·

1096 2615 1174 2675 terii
1185 2614 1360 2691 perquirit,
1377 2613 1489 2676 ubisit
1502 2614 1608 2676 frater
1620 2614 1791 2676 Antonius.
1804 2616 1867 2676 Stu-

1098 2710 1218 2788 peracti
1237 2710 1300 2782 illi,
1324 2712 1527 2788 respondent
1545 2727 1582 2773 36
1605 2711 1746 2773 nescire.
1762 2711 1867 2773 111116
1920 2736 1921 2779 l

1097 2809 1268 2869 asserente
1293 2824 1329 2870 se
1349 2824 1409 2885 pro
1430 2810 1523 2870 certo
1544 2824 1622 2869 eum
1642 2810 1776 2882 uidisse,
1791 2810 1868 2870 etex

1098 2922 1160 2966 suo
1186 2905 1340 2966 cubiculo
1368 2904 1613 2983 quamprimum
1648 2921 1725 2967 eum
1747 2906 1867 2977 6111331,

1098 3004 1220 3063 missus
1246 3005 1297 3064 est
1320 3003 1455 3079 quidam
1476 3003 1518 3064 ad
1541 3003 1672 3075 tratres,
1695 3005 1731 3066 ut
1751 3020 1792 3065 cx
1813 3002 1868 3063 illis
1920 3034 1921 3085 q

1097 3103 1373 3176 cognosceretur,
1394 3100 1554 3177 numquid
1582 3100 1623 3160 de
1649 3101 1791 3163 adventu
1814 3104 1869 3161 11-

1098 3198 1441 3273 toniicomperissent.
1452 3198 1515 3260 Ubi
1524 3198 1755 3271 illereversus,
1766 3199 1870 3260 natm
1920 3219 1921 3272 l

1097 3295 1184 3356 dixit
1202 3295 1288 3355 nibil
1309 3299 1383 3372 eJus
1402 3311 1502 3356 nosse
1523 3316 1531 3354 :
1554 3295 1664 3356 Abbas
1686 3296 1815 3356 tandem
1837 3291 1870 3353 ad
1920 3275 1921 3370 t

1098 3408 1134 3453 se
1154 3393 1298 3464 rediens,
1322 3391 1508 3453 certissime
1533 3393 1689 3468 cognouit
1711 3392 1870 3454 Antonium
1920 3389 1921 3474 j

1098 3490 1263 3565 migrasse
1287 3489 1327 3550 ad
1358 3489 1470 3563 coelos,
1493 3491 1692 3567 tempusque
1713 3489 1870 3557 adnotans,
1920 3481 1921 3560 Q

1098 3591 1214 3663 postea
1239 3587 1368 3660 didicit,
1404 3586 1519 3648 eodem
1550 3586 1605 3647 die
1640 3589 1676 3648 et
1705 3586 1786 3647 bora
1810 3598 1871 3645 eun
1920 3595 1921 3658 ζ

1098 3686 1297 3756 decessisse,
1327 3699 1390 3762 quo
1420 3683 1454 3744 in
1490 3683 1643 3745 cubiculo
1670 3681 1869 3761 apparuerat,
1920 3697 1921 3754 ,

1099 3782 1271 3859 sicutipse
1286 3780 1445 3844 iratribus
1461 3796 1528 3843 non
1547 3780 1621 3844 sine
1635 3780 1791 3859 lacrymis
1807 3792 1872 3839 nar·

1099 3880 1197 3941 ravit

1355 4047 1492 4110 CAPUT
1511 4048 1628 4110 XXVI.

1099 4200 1214 4261 Morte
1241 4200 1275 4260 S.
1303 4199 1445 4260 ,4116111
1468 4199 1643 4272 11111616,
1667 4197 1823 4259 Paduam
1840 4195 1874 4253 da
1920 4227 1921 4230 =

1137 4296 1549 4371 socrocertantcorpore,
1564 4300 1654 4369 quod
1663 4293 1874 4357 6111611111-
1920 4321 1921 4384 3

1137 4409 1220 4470 pere
1234 4393 1387 4468 eripiunt.

1138 4564 1218 4623 Cum
1231 4565 1302 4638 jam
1318 4561 1458 4624 abiisset
1478 4577 1497 4623 6
1515 4563 1584 4624 vita
1598 4560 1716 4624 beatus
1730 4562 1799 4634 Vir,
1820 4572 1874 4618 no·

1099 4660 1234 4721 luerunt
1251 4659 1371 4721 iratres
1386 4659 1427 4720 ad
1443 4658 1615 4721 hominum
1628 4660 1781 4721 notitiam
1796 4655 1874 4717 illico

1098 4758 1131 4817 id
1158 4755 1319 4834 perferri,
1345 4773 1387 4818 ne
1414 4758 1557 4834 populus
1592 4757 1703 4818 subito
1736 4757 1776 4818 ad
1798 4756 1875 4830 ipsos

1098 4855 1290 4916 accurreret
1316 4876 1324 4915 r
1348 4853 1405 4915 sed
1430 4854 1536 4917 latere
1562 4870 1628 4916 non
1649 4855 1766 4932 potuit.
1790 4846 1875 4913 Pueri

1098 4954 1199 5024 enini,
1229 4953 1364 5013 nemine
1392 4952 1519 5014 sciente
1547 4951 1726 5029 quicquam
1753 4952 1793 5012 de
1815 4950 1875 5023 ejus

1098 5052 1214 5121 morte,
1244 5065 1305 5126 per
1324 5047 1440 5110 urbem
1466 5049 1662 5110 cateruatim
1699 5045 1875 5110 incedentes

1097 5147 1286 5208 clamabant
1315 5168 1323 5207 z
1353 5147 1504 5207 Mortuus
1532 5147 1584 5207 est
1618 5148 1714 5222 pater
1741 5146 1874 5206 sanctus.

1097 5237 1876 5306 mortuusestS.AntoniusMoxinomnesurbis

1096 5343 1238 5417 angulos
1265 5355 1381 5403 rumor
1403 5340 1462 5402 ille
1492 5340 1655 5418 pervadit,
1685 5342 1719 5403 et
1750 5336 1876 5417 populus

1096 5440 1248 5501 certatim
1275 5438 1437 5515 neglectis
1474 5436 1670 5511 laboribus,
1697 5436 1816 5515 quibus
1846 5445 1875 5493 36
1920 5439 1921 5450 ’

1096 5553 1240 5615 suosque
1266 5536 1393 5608 alebat,
1428 5537 1535 5599 instar
1560 5552 1660 5613 apum
1687 5535 1820 5597 aduolat
1841 5528 1876 5592 ad

1095 5635 1228 5696 domurn
1239 5634 1539 5712 benumeamque
1547 5632 1721 5697 circundat
1730 5631 1871 5709 undique.
