3950 6200
206 305 246 366 00
821 303 997 368 HONORII
1020 306 1065 367 111
1086 296 1234 370 OPERA.
1789 306 1842 369 100

204 464 399 539 extendeus,
434 466 579 528 montem
607 464 762 526 Casinum
790 462 934 537 obsedit,
964 464 1000 526 et
1053 464 1140 527 blico
1169 466 1388 542 compararet
1415 463 1478 529 Sed
1507 464 1621 527 forsan
1644 463 1707 527 boc
1733 464 1841 529 111111

204 563 385 625 insultibus
423 563 536 624 multis
568 562 721 639 impetiit,
752 577 915 623 exercens
945 562 998 622 sui
1053 562 1660 641 11111111111111111111111111111
1675 563 1841 638 posterum

201 660 484 722 roburexercitus
508 658 550 720 ad
573 660 741 734 speratum
762 659 997 720 exterminium
1052 662 1183 723 cautela
1197 661 1348 723 securior
1361 676 1404 721 ex
1417 660 1562 737 proviso.

198 758 379 834 captionis
396 756 460 819 Sed
484 757 518 816 in
542 756 605 817 boc
625 755 782 817 Ecclesia
806 755 997 817 sollicitudo
1091 756 1841 834 «11111111111111111111111111,1111

198 870 271 915 nou
290 853 405 924 defuit,
430 868 504 929 quae
527 869 587 929 per
605 853 687 913 duos
712 851 900 913 cardinales
921 867 997 911 cum
1052 855 1086 915 iu
1102 854 1180 916 sede
1196 855 1299 931 patris
1309 856 1372 924 tui,
1385 855 1415 915 si
1428 856 1540 917 tamen
1553 855 1658 930 patris
1672 854 1767 915 sedes
1779 854 1841 917 dici

197 952 316 1011 multis
340 949 511 1023 militibus,
528 952 562 1011 et
575 949 731 1026 expensis
754 965 821 1011 non
844 949 994 1021 modicis,
1051 951 1272 1028 debeatque
1293 968 1359 1012 non
1383 951 1616 1017 successionis,
1633 949 1690 1011 sed
1706 950 1842 1013 electio-

195 1047 371 1109 efticacem
387 1060 521 1107 manum
538 1046 658 1108 auxilii
673 1047 824 1123 porrexit
837 1046 994 1116 obsessis,
1051 1052 1104 1110 uis
1113 1053 1190 1127 jure
1205 1048 1362 1119 defertur,
1384 1049 1529 1110 11111111
1552 1046 1657 1109 fuisse
1679 1045 1844 1122 praedixe-

198 1145 291 1206 rires
315 1144 480 1205 invasoris
495 1143 682 1216 debilitans,
699 1146 732 1207 et
746 1146 885 1205 conatus
901 1143 993 1205 obsi·
1051 1163 1119 1214 ras,
1156 1150 1214 1208 tua
1253 1144 1435 1221 prudenter
1471 1144 1632 1205 adversus
1664 1143 1842 1207 Ecclesiam

198 1241 310 1303 dentis
335 1241 473 1303 elidens.
502 1243 647 1317 Cumque
673 1240 858 1302 obsidionis
885 1241 996 1302 exitus
1051 1241 1418 1313 substitissetinvectio‚
1432 1240 1711 1318 eoquodveritas
1726 1240 1843 1315 negata

198 1338 382 1401 exultantis
397 1354 464 1399 non
477 1338 693 1413 responderet
704 1337 851 1409 effectui,
866 1338 901 1399 et
913 1352 996 1413 pro·
1051 1341 1092 1402 de
1115 1340 1257 1417 publicis
1279 1339 1390 1400 minus
1411 1339 1575 1415 relinquit
1590 1337 1667 1400 fidei
1680 1337 1721 1401 de
1735 1337 1845 1399 occul-

198 1436 316 1511 rogata
340 1451 398 1511 spe
419 1434 622 1496 defensionis
643 1435 684 1495 ad
706 1435 792 1496 alios
815 1433 997 1495 resistendi
1051 1438 1105 1498 tis.
1132 1437 1268 1499 Nullum
1294 1436 1383 1498 enim
1407 1435 1568 1512 angulum
1594 1434 1677 1499 latet
1700 1433 1841 1509 imperii,

198 1533 349 1593 animum
370 1535 578 1594 resumerent
598 1531 777 1599 convicini,
800 1546 837 1591 se
861 1530 996 1606 iniquus
1051 1533 1138 1611 quod
1152 1533 1354 1610 imperatore
1368 1532 1513 1594 ilenrico
1530 1530 1695 1603 defuncto,
1712 1530 1842 1608 quidam

198 1629 257 1691 ille
273 1630 309 1691 11
329 1630 479 1692 Siciliam
497 1629 680 1701 transtulit,
697 1628 734 1691 ut
747 1628 803 1700 ibi,
821 1627 849 1688 si
862 1628 905 1688 de
918 1643 997 1704 per·
1051 1632 1129 1693 olim
1154 1631 1308 1707 Philippo
1333 1630 1499 1706 quondam
1533 1628 1610 1691 duci
1635 1627 1777 1698 Sueriae,
1802 1643 1840 1689 ac

197 1742 281 1788 sona
304 1727 394 1802 regis
418 1725 577 1787 desiderii
601 1727 653 1786 sui
678 1725 776 1786 finem
801 1724 994 1799 attingeret,
1051 1728 1171 1789 011111
1193 1726 1401 1805 postmodum
1423 1725 1628 1802 imperatori,
1645 1725 1840 1787 divinisve·

199 1824 243 1885 ad
258 1824 353 1899 regni
367 1823 537 1900 fastigium
562 1823 633 1883 siue
658 1820 861 1883 dificultatis
882 1820 997 1881 obsta-
1050 1824 1233 1887 luntatibus
1256 1824 1480 1886 adhaeserunt.
1501 1824 1541 1885 Et
1564 1822 1642 1885 licet
1655 1821 1742 1883 idem
1757 1821 1841 1885 Phi·

199 1921 274 1982 culo
296 1920 496 1996 perveniret.
523 1918 586 1979 sed
613 1933 674 1979 nec
702 1917 750 1978 ibi
776 1915 995 1993 protectionis
1050 1923 1159 1999 lippus
1174 1936 1295 1982 nomen
1317 1922 1412 1982 tuum
1437 1919 1545 1996 primo
1563 1916 1841 1996 praetenderitad

199 2018 307 2079 solitae
322 2018 491 2079 dexteram
508 2015 674 2076 subtraxit
686 2013 844 2085 Ecclesia,
862 2013 995 2074 mittens
1050 2035 1086 2080 se
1101 2019 1214 2095 postea
1229 2017 1393 2079 convertit
1406 2017 1586 2092 negotium,
1602 2015 1652 2077 sic
1665 2015 1844 2079 11111111-

198 2116 280 2176 illuc
296 2114 392 2175 bonae
411 2113 580 2175 memoriae
599 2113 646 2183 C.,
666 2111 802 2173 titulis.
822 2110 996 2171 Laurentii
1050 2115 1241 2177 cedentibus
1274 2113 1443 2191 prosperis
1466 2113 1535 2175 suis
1561 2111 1760 2199 utilitatibus
1779 2126 1843 2187 ap-

200 2213 429 2290 presbyterum
444 2210 659 2281 cardinalem,
673 2208 776 2270 nobili
786 2208 860 2268 viro
875 2207 996 2267 comite
1050 2213 1191 2289 plicans,
1201 2212 1285 2289 quod
1297 2214 1368 2288 jam
1379 2210 1505 2286 dejure
1518 2208 1690 2273 dubitabat
1699 2208 1842 2284 imperii,

198 2308 322 2371 iaccho
342 2307 541 2369 consobrino
566 2306 715 2383 praedicti
739 2304 996 2382 predecessoris
1051 2310 1108 2370 sed
1134 2326 1226 2386 spem
1255 2308 1297 2370 ad
1320 2307 1571 2384 occupationem
1596 2305 1692 2381 regni
1719 2303 1844 2366 Sicilie

198 2405 306 2467 nostri
318 2405 431 2465 multis
444 2404 612 2465 associato
625 2401 797 2473 militibus,
806 2401 842 2461 in
851 2401 901 2462 tui
915 2400 997 2461 sub·
1051 2405 1251 2484 prorogabat
1273 2408 1349 2466 b...
1374 2405 1539 2481 quondam
1559 2400 1845 2465 wormaciensem

201 2502 322 2564 sidium
340 2501 559 2562 nihilominus
581 2499 757 2561 destinato.
778 2498 874 2559 Alius
895 2498 995 2559 etiarn
1051 2504 1241 2580 episcopum
1255 2501 1297 2563 ad
1313 2502 1376 2562 boc
1391 2501 1534 2563 mittem.
1551 2501 1589 2561 In
1604 2499 1657 2561 his
1672 2499 1773 2559 etiam
1788 2500 1845 2559 tuo

201 2598 382 2662 cardinalis
392 2597 453 2659 tibi
464 2596 671 2673 postmodum
685 2595 795 2656 extitit
806 2594 994 2672 deputatus,
1052 2599 1199 2660 subsidio
1225 2598 1424 2683 Apostolicse
1446 2597 1541 2659 sedis
1557 2594 1766 2673 providentia
1779 2609 1845 2655 nou

201 2696 258 2774 qui
272 2695 339 2757 tuis
354 2693 553 2756 utilitatibus
567 2708 633 2753 nou
648 2692 821 2763 remissus,
841 2690 888 2751 ibi
908 2691 997 2751 diem
1052 2696 1183 2767 defecit,
1200 2696 1249 2757 sic
1264 2695 1315 2756 111
1339 2710 1399 2771 per
1412 2694 1631 2755 memoratum
1645 2694 1707 2753 d...
1731 2690 1846 2757 cardi.

203 2788 324 2856 clausit
346 2793 543 2861 extremum,
562 2788 804 2866 cousequenter
818 2788 884 2850 alio
900 2787 998 2848 subs·
1052 2793 1161 2855 nalem
1174 2794 1209 2853 et
1221 2792 1401 2855 nonnullos
1417 2791 1580 2854 vassallos
1608 2788 1766 2854 Ecclesiae
1787 2803 1847 2849 re·

201 2890 310 2962 tituto,
338 2888 375 2950 ut
402 2886 639 2949 sollicitudinis
673 2885 793 2949 debita
826 2884 997 2962 plenitudo
1053 2890 1174 2951 sistens
1189 2889 1224 2950 in
1250 2889 1412 2960 Marcbia,
1436 2887 1522 2965 quod
1537 2888 1677 2950 conatus
1689 2885 1848 2949 contrivit

203 2987 371 3049 circatuae
390 3000 541 3064 personae
560 2982 744 3045 custodiam
766 2997 833 3042 non
854 2981 995 3043 deesset.
1052 2987 1222 3057 adversos,
1239 2987 1273 3047 et
1287 2985 1483 3047 interdictus
1503 2984 1555 3047 est
1575 2983 1725 3046 hostibus
1746 2982 1848 3047 etiam

243 3077 845 3158 111111111111111111111111,11111
866 3077 998 3153 lateque
1052 3084 1095 3147 ad
1118 3084 1243 3163 primos
1268 3083 1366 3160 regni
1395 3082 1478 3145 fines
1504 3096 1671 3146 accessus.
1693 3079 1849 3157 Philippo

205 3179 340 3252 diflusa,
361 3180 409 3241 sic
429 3193 465 3240 11
482 3193 543 3255 111
558 3179 671 3255 111111
689 3176 818 3253 Apuliae
833 3191 873 3237 eo
887 3176 999 3235 Tett‘oe
1052 3181 1186 3245 tandem
1214 3180 1345 3243 sublato
1373 3180 1414 3241 de
1441 3179 1563 3248 medio,
1593 3179 1727 3249 Othoni,
1751 3192 1849 3254 quem

204 3277 344 3339 Laboris
369 3275 580 3346 extenderat,
606 3274 800 3351 tantumque
827 3275 1001 3349 receperat
1053 3279 1200 3341 omnium
1228 3278 1415 3355 principum
1447 3276 1606 3340 roborata
1630 3273 1849 3338 consensibus

205 3373 415 3443 incrementi,
440 3371 526 3450 ‹1110d
550 3372 684 3433 obtenta
708 3370 749 3432 de
772 3373 809 3431 P·
833 3368 1000 3446 quondam
1054 3375 1277 3453 praesenmbat
1291 3374 1422 3446 electio,
1438 3387 1500 3434 111
1523 3372 1703 3448 expedivit,
1727 3386 1789 3436 neo
1808 3369 1852 3429 li·

205 3472 326 3535 comite
338 3470 438 3532 Gelan
451 3469 603 3540 victoria,
617 3484 677 3546 Pl0
690 3466 810 3543 melori
824 3466 894 3527 sere
906 3467 1001 3542 parte
1054 3473 1124 3535 cuit
1138 3472 1290 3534 diadema
1311 3469 1443 3547 imperii
1459 3469 1631 3544 denegari,
1649 3468 1706 3545 qui
1717 3466 1852 3544 procul-

205 3570 359 3633 homines
378 3568 526 3643 regionis
550 3582 611 3627 suo
635 3564 824 3643 applicabat
847 3564 997 3634 arbitrio,
1055 3569 1166 3640 dubio,
1180 3567 1409 3645 ut'scripsisti,
1426 3566 1537 3629 subito
1552 3566 1659 3628 factus
1683 3564 1850 3640 ingratus,

206 3682 333 3744 suoque
347 3665 493 3727 dominio
509 3663 694 3734 addicebat,
710 3663 746 3723 iu
763 3663 893 3738 aliquos
915 3661 1002 3722 sicut
1055 3667 1195 3742 tergum,
1211 3680 1278 3727 non
1293 3663 1413 3726 faciem
1435 3664 1536 3728 rertit
1548 3661 1718 3733 Ecclesia,
1734 3661 1854 3723 imme-

204 3763 359 3843 poteraut
380 3762 585 3830 resistentes,
611 3775 652 3821 eo
678 3758 850 3820 crudelius
878 3757 1002 3817 debac-
1056 3778 1128 3824 mor
1141 3764 1360 3838 receptorum.
1377 3761 1441 3822 sed
1466 3761 1617 3838 quamvis
1643 3774 1717 3820 eam
1739 3758 1853 3820 multis

207 3858 349 3930 ebando,
366 3873 430 3933 quo
445 3858 555 3917 minus
570 3857 611 3916 de
631 3870 812 3930 paucorum
835 3855 870 3916 et
886 3854 1001 3914 humi·
1058 3860 1245 3937 provocarit
1266 3858 1414 3929 offensis,
1445 3855 1677 3918 dissimulabat
1702 3856 1781 3917 illas
1796 3854 1854 3916 ut-

207 3957 290 4019 lium
304 3953 442 4016 timebat
459 3952 633 4030 repagulo,
648 3953 705 4029 qui
720 3951 761 4014 de
774 3951 955 4012 multorum
969 3951 1003 4012 et
1057 3972 1186 4033 cunque
1195 3953 1421 4016 misericordis
1435 3953 1591 4016 Ecclesiae
1601 3952 1763 4029 patientia
1777 3966 1856 4013 con·

208 4051 400 4115 sublimium
414 4048 542 4113 viribus
555 4049 789 4125 triumpharat
805 4049 953 4124 Cumque
966 4047 1003 4108 in
1058 4053 1162 4115 sueta.
1179 4052 1242 4114 Sed
1265 4053 1438 4128 postquam
1453 4050 1494 4111 ad
1510 4051 1601 4110 tuam
1620 4048 1774 4125 prorupit
1798 4049 1856 4108 in-

208 4150 359 4230 partibus
380 4148 450 4209 illis
473 4161 541 4208 111
570 4145 709 4206 haberet
735 4144 883 4206 Ecclesia
906 4159 1002 4221 quem
1054 4151 1191 4229 juriam,
1207 4150 1242 4209 iu
1257 4149 1289 4210 te
1304 4147 1401 4225 quasi
1415 4147 1452 4208 iu
1475 4147 1603 4224 pupilla
1617 4145 1705 4207 oculi
1729 4146 1856 4207 tactum

210 4247 355 4324 erigeret
377 4244 491 4308 contra
515 4243 621 4314 illum,
643 4242 830 4319 multosque
853 4245 1004 4319 sumptus
1059 4246 1262 4309 eontrarium
1288 4244 1376 4306 ferre
1396 4259 1463 4305 non
1490 4243 1608 4319 potuit,
1635 4242 1757 4306 multas
1780 4242 1857 4302 vias

210 4343 409 4408 amiseritin
424 4340 614 4404 bominibus
634 4339 794 4415 regionis,
809 4354 882 4415 qum
897 4354 958 4414 pro
971 4339 1005 4399 11
1059 4345 1265 4418 excogitans,
1293 4341 1413 4418 quibus
1448 4339 1591 4417 pleniori
1624 4339 1772 4402 remedio
1794 4353 1859 4399 suo

207 4447 279 4522 jam
300 4441 379 4503 fecit
398 4454 563 4516 expensas
585 4437 763 4499 multorum
784 4435 926 4496 millium
941 4451 1007 4496 un-
1061 4442 1171 4518 posset
1185 4439 1362 4500 subvenire
1376 4438 1551 4500 minorio
1569 4452 1668 4513 quam
1683 4435 1859 4514 proximus

213 4539 358 4609 ciarum,
382 4537 515 4612 recepto
537 4535 579 4595 ad
604 4550 688 4612 opus
710 4534 801 4595 1111
825 4536 863 4594 G.
886 4533 1006 4593 comite
1061 4553 1135 4599 eras
1151 4535 1327 4614 periculis!
1342 4538 1367 4596 0
1383 4549 1482 4610 quam
1504 4536 1641 4610 paratus
1662 4532 1704 4593 ad
1720 4534 1856 4596 casumt

214 4635 381 4714 quondam
395 4631 566 4693 Bremensi
581 4630 753 4691 fidelitatis
766 4629 896 4706 publice
907 4633 1007 4706 jura-
1061 4635 1268 4709 Quapropter
1290 4631 1461 4693 invocavit
1478 4630 1628 4691 Ecclesia
1646 4629 1738 4690 illius
1753 4628 1859 4695 auxi-

213 4734 336 4804 mento,
351 4732 460 4808 ipsum
480 4728 571 4789 misit
592 4728 625 4787 11
645 4742 795 4802 regnum,
812 4727 849 4788 ut
860 4742 919 4802 per
931 4741 1007 4786 eum
1061 4730 1143 4791 lium
1158 4729 1215 4806 qui
1234 4726 1386 4803 superbis
1401 4726 1528 4788 resistit
1542 4727 1576 4792 et
1597 4726 1655 4788 dat
1675 4724 1862 4785 humilibus

214 4831 295 4893 elati
309 4827 534 4903 confringeret
548 4840 674 4886 cornua
687 4823 827 4885 inimici.
840 4822 1006 4899 Numquid
1061 4826 1204 4903 gratiam
1216 4846 1225 4898 ;
1241 4824 1299 4900 qui
1307 4823 1451 4899 imperat
1461 4822 1546 4883 mari
1560 4822 1593 4883 ct
1606 4821 1728 4892 venile,
1741 4822 1775 4882 et
1788 4835 1864 4881 ces·

214 4929 280 4991 boc
322 4925 385 4988 fuit
426 4923 638 4985 commissum
674 4919 812 4997 perdere
848 4921 1009 4996 puerum?
1063 4926 1115 4985 sat
1124 4919 1393 4998 tempestas;qui
1405 4918 1541 4995 deponit
1552 4918 1703 4995 potentes
1713 4916 1754 4978 de
1766 4917 1862 4990 sede,

216 5022 384 5102 Numquid
399 5021 462 5083 boc
480 5019 544 5081 fuit
562 5017 723 5080 creditum
737 5016 883 5092 spoliare
899 5015 1010 5092 pupil-
1063 5036 1103 5081 ac
1115 5018 1208 5097 ponit
1217 5016 1360 5078 humiles
1370 5016 1405 5078 in
1417 5014 1561 5077 sublimi.
1577 5013 1748 5076 invocavit
1757 5014 1864 5075 etiam

216 5124 308 5185 lumi
332 5123 378 5182 De
400 5118 521 5181 throno
544 5116 604 5177 Dei
627 5113 791 5175 sententia
807 5113 954 5189 prodeat,
976 5114 1011 5174 et
1064 5115 1252 5194 principum
1264 5112 1366 5175 corda
1386 5111 1545 5182 fidelium,
1559 5110 1698 5187 pusillos
1712 5112 1746 5173 et
1759 5125 1864 5186 mag·

215 5222 325 5284 virtus
337 5214 499 5279 altissimi
519 5212 646 5273 rectum
659 5209 823 5288 judicium
840 5210 1007 5287 operetur,
1063 5228 1124 5273 nos
1142 5210 1340 5280 sollicitans,
1367 5210 1405 5270 nt
1424 5207 1456 5269 ei
1482 5207 1524 5269 ad
1544 5207 1596 5269 tui
1619 5206 1866 5268 relevationem

217 5317 248 5379 sl
266 5314 427 5377 adversus
456 5310 638 5373 1111111111
663 5310 755 5369 tuam
776 5306 1009 5369 excellentiam
1064 5308 1203 5384 collapsi
1238 5321 1372 5369 manum
1406 5303 1617 5381 porrigerent
1647 5302 1864 5379 adjutricem.

218 5411 331 5475 decuit
351 5408 433 5471 talia
454 5406 602 5478 credere,
625 5406 654 5465 si
675 5403 788 5465 debuit
801 5420 844 5466 ex
857 5403 910 5464 bis
928 5418 1012 5464 con-
1065 5404 1197 5467 obstitit
1216 5402 1351 5466 taudem
1370 5401 1483 5463 divina
1502 5400 1649 5478 potentia
1663 5399 1788 5475 ingrati
1802 5415 1869 5466 00-

219 5510 313 5587 cepta
328 5504 508 5568 credulitas
530 5504 567 5564 11
588 5503 719 5579 partum
740 5500 875 5579 prodire
889 5500 1011 5578 hujus-
1065 5500 1209 5572 natibus,
1231 5498 1358 5561 faciens
1373 5498 1408 5558 in
1426 5498 1550 5562 tecum
1564 5494 1715 5558 Ecclesia
1727 5494 1868 5571 siguum

219 5605 320 5676 modi,
337 5604 373 5664 11
387 5599 498 5663 verbis
519 5601 553 5660 et
572 5597 705 5674 scriptis
728 5597 880 5674 exposita
894 5598 930 5659 in
949 5613 1013 5674 pu·
1065 5599 1099 5660 in
1112 5597 1245 5668 111111,
1271 5594 1407 5658 utelato
1422 5592 1561 5658 cadente
1580 5593 1618 5653 11
1644 5606 1810 5668 surgeres,
1826 5593 1865 5652 et
