3950 6200
62 5658 64 5697 l

98 367 147 430 tel
658 360 980 427 PROLEGOMENA.
1005 390 1046 406 -
1068 362 1177 422 VITA.
1681 358 1739 418 102

101 524 237 590 odunt.
246 524 300 587 nd
319 538 417 602 quem
428 522 601 584 humiliter
614 521 739 586 Christi
749 537 865 582 servus
878 541 886 581 ι
942 519 1009 581 ulio
1022 518 1087 580 sibi
1097 517 1328 582 reintrandum
1340 519 1402 579 est.
1420 517 1616 580 Humilitate
1629 517 1738 580 victus

104 623 224 692 Videor,
240 621 301 692 ait,
313 619 399 680 mihi
414 618 579 679 maximus
591 618 812 694 peccatorum.
828 615 887 676 Cui
942 616 1130 693 episcopus,
1151 616 1255 680 alacri
1272 616 1366 677 vultu
1380 631 1456 677 eum
1480 614 1655 691 amplexus
1674 617 1737 687 est,

106 734 172 784 cum
182 717 283 780 irater
291 718 421 779 diceret
430 731 473 777 ex
483 715 635 785 adverso,
649 714 734 791 quod
748 713 811 774 hoc
822 727 888 773 non
943 714 1082 788 dicens:
1098 717 1159 783 Tu,
1174 715 1207 775 et
1217 729 1332 775 omnes
1351 712 1472 774 iratres
1487 712 1547 783 tui,
1562 712 1603 773 de
1617 714 1738 774 eaetero

110 817 207 896 posset
218 830 301 878 sana
320 813 528 875 conscientia
545 812 668 883 dicere,
678 825 741 872 nec
751 810 886 880 sentire,
943 810 1499 887 lnepiscopatumeogeneralimea
1511 810 1740 884 licentiaprae·

110 912 288 990 subjunxit:
306 911 343 971 Si
365 911 667 988 quantumcumque
689 908 889 968 sceleratum
944 908 1075 978 dicetis,
1103 908 1181 984 quia
1205 907 1288 969 illud
1311 908 1483 969 humilitas
1518 909 1634 970 sancta
1659 921 1740 984 pro-

108 1012 261 1074 hominem
275 1011 370 1071 tanta
390 1008 509 1069 luisset
530 1007 682 1068 Christus
698 1005 890 1065 misericor·
943 1005 1076 1066 meruit
1098 1004 1360 1081 Contigitipsum
1382 1004 1562 1081 aliquando
1587 1004 1739 1066 metium

108 1109 157 1170 dia
179 1107 382 1185 prosecutus,
400 1103 545 1166 arbitror
568 1119 651 1164 sane
678 1102 763 1180 quod
786 1100 890 1162 multo
944 1100 1114 1173 devenire,
1140 1115 1215 1163 cum
1235 1104 1302 1164 tota
1322 1102 1442 1164 civitas
1468 1101 1626 1162 intestino
1651 1100 1739 1162 hello

107 1218 196 1284 quam
218 1219 279 1280 ego
304 1206 372 1264 Deo
396 1202 524 1278 gratior
547 1202 646 1262 esset.
668 1198 890 1261 confirmatus
944 1201 1101 1276 quassata
1126 1200 1347 1276 propinquum
1372 1199 1425 1259 sui
1437 1198 1626 1261 minabatur
1647 1198 1741 1260 exci-

105 1302 162 1364 luit
183 1300 287 1365 irater
306 1316 350 1362 ex
368 1302 437 1360 tam
460 1297 669 1359 admirabilis
688 1295 891 1357 humilitatis
945 1295 1048 1356 dium.
1077 1296 1271 1372 Hospitatus
1296 1309 1377 1356 vero
1401 1295 1436 1355 in
1462 1294 1634 1367 suburbio,
1655 1295 1741 1358 vidit

104 1397 211 1459 auditu
230 1395 271 1456 de
296 1395 440 1457 veritate
454 1392 596 1455 visionis
608 1393 763 1463 ostensae,
781 1392 892 1452 Evan·
946 1407 1047 1470 supra
1073 1393 1243 1455 civitatem
1266 1393 1455 1455 exultantes
1485 1393 1670 1462 daemones,
1699 1405 1741 1453 ac

102 1494 185 1571 gello
208 1507 305 1554 sacro
323 1492 469 1552 testante
489 1487 537 1568 (1)
562 1503 779 1564 cognoscens,
803 1486 891 1564 quod
945 1488 1156 1567 perturbatos
1170 1490 1260 1552 cives
1273 1490 1450 1551 adcaedem
1463 1490 1611 1552 mutuam
1620 1505 1740 1550 succe-

102 1590 140 1652 ad
163 1588 394 1650 excellentiam
416 1587 543 1662 gloriae,
571 1585 612 1647 de
636 1600 702 1666 qua
727 1583 893 1661 superbus
946 1587 1254 1650 desuescentem
1279 1587 1455 1648 seditiosas
1479 1587 1556 1647 illas
1578 1585 1742 1662 effugaret

104 1687 237 1765 eiicitur,
248 1700 330 1748 vere
345 1684 481 1745 humilis
493 1683 670 1745 exaltetur.
945 1697 1064 1747 aereas
1081 1685 1273 1762 potestates,
1293 1684 1431 1746 tratrem
1453 1684 1660 1755 silvestrum,
1678 1699 1739 1746 co·

140 1783 349 1860 hlio'quoque
359 1783 604 1858 tempore,cum
618 1780 652 1840 in
663 1779 793 1840 deserta
807 1792 893 1855 qua·
946 1781 1104 1843 lumbinae
1121 1782 1344 1857 simplicitatis
1360 1782 1480 1853 virum,
1497 1782 1594 1858 quasi
1608 1796 1740 1857 preco·

108 1880 303 1942 demoraret
326 1878 482 1950 ecclesia,
505 1879 540 1938 in
563 1875 736 1954 provincia
757 1877 890 1948 Massa,
946 1894 1023 1940 nem
1045 1877 1217 1955 praemisit,
1241 1879 1355 1941 dicens
1372 1900 1380 1938 ε
1397 1878 1489 1940 vade
1513 1880 1742 1955 antepartum

109 1977 187 2054 apud
207 1978 355 2047 montem
370 1976 533 2047 casalem,
549 1974 717 2036 intellexit
738 1988 797 2050 per
812 1971 891 2048 spi·
946 1976 1105 2043 civitatis,
1128 1978 1162 2039 et
1177 1990 1220 2037 ex
1234 1978 1329 2053 parte
1341 1976 1401 2037 Dei
1416 1975 1653 2052 omnipotentis
1667 1975 1741 2036 dae·

109 2075 208 2146 ritum,
224 2090 341 2138 sacras
361 2073 485 2134 ibidem
500 2071 703 2134 remansisse
717 2068 890 2146 reliquias,
947 2071 1100 2134 monibus
1122 2073 1159 2134 in
1184 2074 1308 2136 virtute
1322 2073 1520 2135 obedientiae
1536 2073 1689 2150 precipe,
1706 2074 1743 2136 ut

111 2173 188 2243 Quas
207 2188 281 2232 curn
303 2172 404 2246 longo
423 2172 493 2246 jam
514 2171 663 2245 tempore
678 2166 892 2228 defraudatus
947 2171 1069 2233 exeant
1092 2170 1300 2233 festinanter.
1324 2170 1498 2232 Accelerat
1525 2186 1625 2231 verus
1656 2170 1741 2232 obe·

36 2251 43 2270 ⁵
112 2268 354 2330 honoriticentia
389 2266 511 2338 debita,
546 2281 614 2327 nou
643 2265 718 2326 sine
750 2278 893 2324 moerore
946 2266 1042 2329 diens
1067 2267 1172 2343 patris
1193 2270 1289 2344 jnssa
1313 2268 1485 2343 perticere,
1511 2269 1544 2328 et
1566 2281 1741 2344 praeoccu-

36 2361 38 2390 ³
115 2366 318 2442 conspiceret,
332 2364 491 2440 praecepit
506 2361 675 2432 iratribus,
692 2363 727 2422 ut
745 2376 802 2421 eas
817 2376 892 2421 cum
948 2379 1031 2440 pans
1046 2365 1082 2425 in
1097 2363 1250 2425 laudibus
1268 2363 1387 2426 faciem
1410 2363 1554 2434 Domini,
1571 2366 1649 2425 ante
1664 2379 1744 2440 por-

113 2463 286 2524 reverentia
301 2461 443 2521 fratrum
458 2459 627 2522 deferrent
640 2459 681 2520 ad
693 2458 815 2519 locum.
828 2456 892 2518 sed
946 2464 1016 2523 tam
1037 2460 1183 2524 civitatis
1206 2461 1306 2537 coepit
1329 2461 1475 2524 clamare
1498 2461 1674 2522 valenter:
1693 2463 1743 2522 Ex

114 2574 178 2620 cum
207 2561 363 2637 poscente
392 2573 493 2618 causa
517 2556 728 2618 discessisset
758 2556 799 2617 ab
830 2554 890 2626 eis,
947 2560 1043 2634 parte
1058 2557 1294 2634 omnipotentis
1310 2557 1382 2628 Dei,
1408 2560 1551 2633 etjussu
1566 2557 1656 2618 servi
1670 2561 1743 2633 elus

115 2657 245 2719 mandati
257 2656 364 2734 patris
376 2655 588 2716 immemores
604 2652 676 2725 dlii,
694 2652 892 2714 obedientiae
948 2654 1134 2725 Francisci,
1156 2654 1272 2731 procul
1290 2654 1368 2715 hinc
1380 2655 1552 2725 discedite,
1574 2653 1744 2718 daemones

116 2754 251 2815 neritum
281 2753 514 2828 neglexerunt.
547 2750 607 2812 Die
639 2764 719 2812 vero
750 2749 892 2828 quadam
947 2750 1110 2812 universi.
1126 2750 1224 2813 Redit
1239 2751 1279 2812 ad
1295 2765 1411 2827 pacem
1430 2752 1588 2813 continue
1612 2751 1742 2822 civitas,

118 2866 178 2912 cum
201 2867 294 2913 sacra
316 2849 488 2912 celebrare
499 2847 627 2910 vellent
650 2849 820 2924 mysteria,
835 2862 894 2908 su·
947 2849 981 2909 et
1005 2848 1152 2910 civitatis
1178 2847 1213 2907 in
1239 2864 1276 2908 se
1299 2850 1378 2924 jura
1407 2848 1498 2910 cives
1526 2861 1641 2910 omnes
1669 2863 1744 2910 cum

36 2993 37 3016 ,
118 2946 225 3022 periuri
247 2946 367 3008 altaris
395 2944 601 3021 operimento
628 2942 789 3013 submoto,
815 2957 893 3002 ossa
947 2960 1068 3021 magna
1095 2945 1340 3022 tranquillitate
1373 2945 1566 3008 reformant
1596 2946 1744 3023 lixpulsa

36 3035 38 3084 ÷
119 3043 324 3121 pulcherrima
347 3045 382 3105 et
401 3041 588 3103 redolentia
609 3038 720 3113 nimis,
737 3055 805 3101 non
820 3038 893 3102 sine
947 3044 1069 3121 quippe
1083 3042 1271 3104 demonum
1285 3041 1465 3105 furibunda
1477 3043 1645 3120 superbia,
1669 3059 1743 3122 quae

37 3170 39 3213 ι
119 3140 321 3204 admiratione
334 3140 517 3217 reperiunt,
532 3140 699 3201 intuentes
718 3138 891 3215 reliquias,
947 3140 1115 3203 civitatem
1134 3139 1227 3202 illam
1242 3141 1334 3202 velut
1348 3139 1521 3202 obsidione
1543 3142 1741 3212 vallaverat,

38 3220 40 3279 ἶ
120 3253 187 3315 quas
206 3256 274 3301 non
295 3238 441 3299 hominis
463 3252 599 3308 manus,
627 3235 683 3296 sed
706 3236 765 3296 Dei
787 3234 892 3295 virius
947 3237 1187 3314 superveniens
1203 3237 1368 3314 sapientia
1392 3236 1559 3315 pauperis,
1585 3238 1743 3301 videlicet

119 3336 266 3398 auderat.
291 3338 458 3397 Reversus
477 3334 666 3411 paulopost
685 3332 818 3394 vereo
834 3331 894 3392 de-
947 3333 1119 3396 Francisei
1148 3333 1336 3401 humilitas,
1366 3348 1481 3411 pacem
1504 3335 1658 3407 reddidit,
1681 3351 1743 3397 ur·

118 3435 198 3495 votus
208 3433 387 3509 diligenter
401 3431 500 3509 coepit
512 3430 700 3508 exquirere,
713 3429 743 3490 si
753 3428 839 3507 quod
853 3429 893 3491 de
946 3431 1089 3508 bemque
1104 3429 1258 3492 salvavit.
1276 3431 1418 3491 Hmnilis
1433 3431 1521 3493 enim
1543 3431 1741 3495 obedientiae

119 3530 251 3607 reliquiis
266 3529 494 3601 mandaverat,
514 3530 604 3590 esset
624 3528 806 3605 impletum.
827 3529 894 3589 Ve·
947 3528 1053 3589 ardua
1077 3529 1287 3603 promerente
1312 3526 1445 3599 virtute,
1473 3540 1574 3604 super
1602 3529 1741 3605 spiritus

118 3641 178 3687 run
202 3628 360 3703 neglectae
384 3624 581 3688 obedientiae
612 3624 743 3701 culpam
772 3623 893 3685 fratres
948 3625 1024 3685 illos
1038 3622 1179 3685 rebelles
1202 3624 1301 3699 atque
1323 3625 1495 3700 protervos
1509 3627 1576 3687 tam
1594 3628 1743 3702 potesta-

118 3725 293 3789 conlltentes
321 3723 509 3794 humiliter,
535 3738 610 3783 eum
634 3737 732 3798 poena
759 3721 893 3783 veniam
948 3722 1052 3785 tivum
1067 3720 1177 3783 luerat
1190 3721 1361 3783 assecutus
1383 3721 1572 3807 imperium,
1586 3725 1623 3785 ut
1636 3723 1740 3800 etip-

118 3826 303 3884 neruerunt.
317 3822 358 3883 Et
376 3820 424 3881 ait
444 3819 498 3881 vir
521 3820 655 3881 sanctus
669 3840 678 3880 r
694 3818 893 3881 Benedictus
948 3834 1061 3881 sorum
1071 3816 1200 3880 feroces
1209 3818 1395 3895 protervias
1404 3822 1581 3896 premeret,
1588 3821 1740 3898 etimpo-

119 3917 258 3980 Dominus
280 3921 369 3979 Deus
384 3932 490 3989 meus,
506 3916 562 3993 qui
585 3930 645 3993 per
666 3914 811 3992 seipsum
826 3916 892 3979 im·
947 3921 1046 3981 tunas
1060 3915 1237 3977 violentias
1259 3914 1480 3991 propulsaret.
1498 3917 1646 3993 Fugiunt
1666 3919 1743 3996 qui-

118 4014 214 4089 plevit,
224 4016 312 4094 quod
324 4030 385 4076 vos
395 4013 505 4075 iacere
516 4013 686 4075 debuistis.
699 4012 891 4103 Considera,
947 4013 1023 4074 dem
1052 4011 1187 4089 superbi
1223 4011 1390 4074 daemones
1418 4014 1569 4076 excelsas
1602 4016 1743 4078 virtutes

47 4144 48 4177 1
120 4126 224 4187 queso,
245 4114 362 4184 lector,
385 4112 508 4172 divinae
536 4111 754 4188 providentiae
778 4126 892 4173 curam
947 4108 1134 4180 humilium,
1144 4108 1209 4169 nisi
1223 4122 1299 4171 cum
1314 4108 1480 4170 interdum
1494 4111 1535 4172 ad
1548 4111 1742 4174 humilitatis

120 4210 192 4272 ehoe
207 4212 378 4288 pulverem
403 4209 563 4280 nostrum,
581 4210 614 4270 et
634 4207 770 4271 humilis
786 4210 893 4270 Fran·
947 4206 1132 4268 custodiam
1147 4205 1260 4266 divina
1275 4220 1332 4266 eos
1345 4205 1522 4268 clementia
1536 4208 1741 4285 colaphizari
1771 4214 1773 4219 “

119 4305 184 4369 eieci
208 4308 428 4371 excellentem
452 4307 488 4368 in
518 4305 624 4367 oculis
645 4305 705 4366 Dei
724 4306 892 4381 perpende
946 4303 1117 4381 permittit,
1129 4302 1215 4364 sicut
1226 4302 1392 4364 etPaulus
1400 4304 1569 4380 apostolus
1579 4304 1619 4366 de
1631 4308 1741 4384 seipso

115 4402 262 4467 sinuum.
286 4406 318 4466 N
320 4419 375 4467 am
390 4405 486 4479 cujus
497 4402 602 4480 jussis
617 4417 684 4463 non
700 4402 812 4479 paruit
830 4402 892 4464 ho-
946 4399 1073 4471 scribit,
1090 4402 1124 4462 et
1143 4400 1341 4461 Franciscus
1364 4401 1593 4477 experimento
1619 4404 1743 4480 proba·

116 4512 167 4570 no,
180 4503 263 4563 votis
277 4500 427 4563 obedivit
441 4501 539 4561 Deus.
945 4496 1004 4559 viti
1022 4499 1169 4573 Rogatus
1189 4497 1279 4558 enim
1301 4497 1471 4560 adomino
1493 4501 1603 4562 Leone
1629 4504 1743 4564 cardi-

147 4598 281 4670 Qnodam
291 4598 442 4674 tempore
453 4595 633 4657 deveniens
646 4595 795 4667 imolam,
812 4595 891 4657 civi·
945 4594 1015 4655 nali
1029 4596 1062 4655 S.
1077 4594 1204 4665 Crucis,
1218 4594 1377 4655 utsecum
1397 4593 1605 4672 aliquantum
1629 4615 1742 4663 mora-

117 4692 179 4753 iatis
190 4696 380 4775 episcopum
395 4693 489 4764 adiit,
511 4692 747 4771 humiliterque
762 4706 889 4769 popos-
945 4692 1038 4752 retur
1048 4692 1083 4751 in
1096 4690 1188 4762 urbe,
1206 4691 1373 4768 acquievIt
1387 4691 1558 4755 humiliter
1571 4695 1613 4757 ob
1634 4696 1740 4774 ipsius

118 4788 264 4854 eitutcum
273 4792 382 4869 ipsius
391 4790 600 4867 beneplacito
608 4791 720 4866 posset
732 4789 889 4866 populum
944 4787 1166 4849 reverentiam
1175 4791 1208 4850 et
1223 4790 1508 4853 amoremprima
1517 4791 1620 4867 igitur
1629 4798 1736 4866 nocte,

119 4884 423 4964 adpraedlcatienem
438 4902 559 4949 vocare
583 4908 591 4947 :
614 4885 754 4957 suflicit,
769 4887 887 4963 inquit,
944 4901 1021 4946 cum
1046 4887 1120 4961 post
1140 4884 1327 4947 orationem
1353 4886 1453 4949 vellet
1472 4888 1654 4964 quiescere,
1680 4906 1739 4952 su-

120 4980 212 5057 mur,
226 4987 312 5064 quod
328 5001 390 5061 ego
405 4984 581 5061 praedicem
595 4984 717 5060 populo
732 4996 817 5045 meo.
834 4985 891 5044 ln·
944 4983 1168 5057 pervenerunt
1195 4981 1362 5043 daemones
1388 4984 1423 5044 in
1450 4984 1571 5045 Christi
1599 4986 1737 5069 militem

120 5077 234 5146 clluavit
272 5084 373 5159 caput
409 5096 508 5141 verus
546 5080 695 5147 humilis,
730 5080 765 5140 et
799 5077 890 5140 foras
944 5079 1105 5141 atrociter
1120 5079 1332 5155 insurgentes
1349 5101 1357 5140 :
1372 5081 1474 5152 Quem
1497 5096 1572 5141 cum
1590 5081 1738 5146 diuver-

121 5188 260 5251 effusus,
277 5180 352 5256 post
369 5176 533 5239 modicam
557 5177 675 5238 horam
699 5175 891 5251 regreditur
944 5175 1130 5248 iterassent,
1157 5191 1198 5237 ac
1217 5176 1309 5248 dure,
1333 5174 1374 5237 ad
1398 5174 1548 5239 ultimum
1564 5181 1661 5254 quasi
1682 5197 1739 5243 se-

123 5270 200 5335 intro.
213 5280 239 5339 Α
252 5292 328 5354 qno,
343 5290 419 5337 cum
438 5274 614 5351 episcopus
634 5273 730 5351 quasi
739 5273 889 5334 turbatus
945 5273 1107 5334 minacem
1132 5273 1351 5361 reliquerunt.
1373 5272 1625 5337 Discedentibus
1655 5278 1749 5355 illis„

123 5372 289 5446 mereret,
314 5372 395 5450 quid
417 5371 537 5433 iterato
557 5372 669 5448 petere
692 5370 803 5442 vellet,
819 5370 888 5431 hu·
944 5368 1057 5431 socius
1081 5360 1220 5432 vocatus
1243 5368 1395 5457 advenit,
1419 5370 1474 5431 cui
1502 5386 1577 5433 cum
1594 5374 1647 5434 vir
1676 5379 1738 5440 Dei

125 5465 250 5531 nidum
271 5470 382 5541 corde,
397 5482 497 5545 quam
510 5480 592 5531 voce
615 5467 787 5544 respondit
800 5488 808 5526 :
823 5470 892 5529 Do·
943 5467 994 5528 rei
1018 5466 1190 5528 narrasset
1223 5466 1391 5536 eventum,
1418 5465 1633 5544 subjungens,
1662 5474 1735 5538 sit:

62 5576 64 5589 ·
127 5561 204 5637 rire,
218 5567 245 5628 si
265 5569 363 5646 pater
385 5566 491 5628 filium
516 5580 583 5628 uno
603 5564 765 5642 repulerit
790 5565 886 5638 ostio,
944 5563 1063 5636 Credo,
1080 5561 1196 5634 trater,
1213 5560 1490 5639 quoddaemonas,
1504 5567 1561 5642 qul
1573 5568 1739 5649 nihllpos·

154 5674 186 5750 ll)
200 5680 261 5750 Luc,
275 5696 333 5751 nv,
351 5681 395 5739 ll.
