3950 6200
91 317 136 381 421
417 312 526 374 PARS
547 311 716 384 QUINTA.
736 341 777 358 ·-
796 312 1035 373 PARABOLAE
1059 312 1108 376 ΕΤ
1128 313 1339 373 EXEMPLA.
1640 313 1702 373 422

90 490 136 549 ego
150 471 314 530 vehementer
331 468 439 544 diligo?
453 470 540 543 Cujus
564 470 637 528 iiiios
653 484 755 527 omnes
774 484 846 542 quos
899 469 1044 543 sapienter
1057 470 1211 529 tenebatin
1221 471 1326 543 capite,
1342 482 1396 527 nec
1409 469 1552 527 ullatenus
1564 470 1697 542 prosilie-

90 577 118 621 ex
136 575 176 618 me
204 557 370 629 susceperit,
395 556 430 615 ad
462 572 593 615 mensam
629 572 723 615 meam
744 556 846 615 sedere
900 565 964 616 rant
973 559 1003 616 in
1016 558 1250 633 reginamlledit
1261 566 1290 617 et
1300 557 1525 616 secunduszsed
1534 566 1599 632 post
1609 572 1700 631 pauca
1776 634 1779 639 Ι

91 650 180 717 luciam,
194 647 256 705 etin
279 647 354 703 curia
371 660 433 703 men
457 644 575 703 alendos
601 645 764 719 providebo.
787 648 846 704 ilex
899 646 997 716 verba,
1012 662 1076 719 quse
1091 662 1142 721 pro
1163 647 1254 703 nuntii
1269 647 1457 719 responsione
1470 644 1565 714 reiorl,
1580 646 1701 720 longam

89 740 137 806 iste,
148 736 311 794 sanctissime
325 737 408 792 Peter
421 742 465 792 est
480 734 769 803 Christusiiominus,
782 734 847 792 coeii
900 735 936 792 de
960 736 1069 809 regium
1087 734 1297 808 pulchritudine
1320 735 1410 792 texuit
1433 732 1593 791 historiam.
1613 737 1700 804 Vere,

88 833 180 883 curre
193 823 338 883 Dominus:
354 823 484 896 speciosa
495 824 588 897 virgo,
602 831 770 897 paupertas3
783 838 847 896 quus
901 823 1003 896 inquit,
1020 825 1151 891 Domine,
1173 822 1363 896 pulcherrima
1383 830 1412 880 et
1431 822 1644 895 speciosissima
1658 821 1699 880 ie·

89 911 215 970 indeserto
233 909 314 981 buius
334 909 432 968 mundi
444 910 482 967 ab
500 910 666 968 hominibus
683 911 797 984 repulsa
819 917 848 967 et
902 913 979 979 mina
1001 918 1045 970 est
1058 913 1175 985 regina3
1193 910 1259 969 ielix
1279 918 1309 969 et
1330 910 1432 969 beatus
1451 911 1576 985 reputari
1596 918 1702 984 potest,

88 1003 228 1069 mnbmpta,
244 996 272 1054 in
292 997 425 1054 solitariis
450 998 522 1055 locis
536 995 670 1070 degebat.
684 997 775 1070 liuius
790 996 847 1069 pul·
901 1001 949 1074 qui
960 1000 1059 1058 iruitur
1071 1001 1128 1059 illa.
1139 1001 1188 1060 Cui
1199 999 1327 1059 turbatus
1337 1014 1402 1057 rex:
1416 1006 1548 1068 tn,serve
1562 1013 1699 1072 nequam,

88 1084 245 1144 smtrdinem
254 1099 302 1142 rex
310 1100 411 1159 regum
424 1084 552 1144 Christus
565 1084 848 1143 ecoelodescendens
901 1090 930 1147 in
946 1104 1083 1164 sponsam
1099 1104 1193 1147 meam
1216 1089 1315 1146 oculos
1337 1095 1400 1146 tuos
1418 1088 1578 1160 impudicos
1598 1088 1698 1161 conjo-

89 1173 211 1241 sdamarit,
224 1180 252 1231 et
263 1173 399 1232 mundum
414 1174 582 1248 ingrediens
592 1188 658 1231 eam
679 1174 733 1232 sibi
753 1174 848 1232 statim
902 1178 986 1236 cisti?
1005 1177 1095 1238 Credo
1117 1176 1193 1251 qnod
1215 1176 1265 1235 tibi
1280 1191 1378 1234 emere
1391 1176 1505 1234 voluisti
1522 1191 1594 1244 rem,
1614 1190 1702 1249 quam

90 1264 239 1335 inpresepio
258 1261 449 1336 desponsavit.
471 1264 570 1321 Plures
589 1276 625 1320 er
644 1276 679 1320 ea
692 1264 721 1319 in
732 1262 846 1320 honde·
903 1268 941 1324 ita
956 1267 1069 1325 curiose
1086 1266 1265 1340 prospexisti.
1283 1268 1375 1323 lratns
1386 1263 1467 1338 iubet
1481 1264 1517 1322 ad
1534 1279 1567 1322 se
1582 1264 1703 1322 alterum

88 1357 143 1409 serto
166 1350 233 1409 dlios
249 1353 424 1424 procreavit,
449 1351 617 1425 Apostolos,
644 1351 844 1419 anachoretas,
903 1356 1042 1424 revocari,
1062 1362 1092 1412 et
1115 1356 1155 1412 nit
1173 1355 1214 1411 illi
1229 1371 1237 1413 :
1253 1353 1325 1424 Quid
1340 1352 1390 1410 tibi
1403 1352 1439 1409 de
1451 1352 1552 1425 regina
1572 1351 1704 1410 videtur?

88 1438 220 1508 amamus,
240 1439 311 1497 alios
331 1440 524 1513 quamplures,
548 1441 738 1498 voluntariam
760 1439 846 1512 proil-
903 1444 1026 1518 Optime,
1049 1444 1149 1517 inquit,
1174 1443 1307 1512 Domine,
1324 1441 1446 1500 libenter
1460 1447 1488 1497 et
1507 1439 1637 1499 modeste
1649 1454 1702 1498 au·

91 1535 159 1586 untes
177 1535 400 1601 paupertatem:
433 1542 505 1600 quos
530 1528 614 1601 signa
641 1528 731 1601 ipsius
757 1528 847 1602 regite
904 1531 973 1589 divit
986 1530 1073 1590 verba
1089 1532 1177 1605 ragis,
1191 1527 1616 1604 etprndenterrespondit.cui
1629 1530 1703 1586 ulte·

86 1615 354 1690 muapuperutis,
366 1614 545 1687 humilitatis,
555 1623 585 1675 et
597 1616 767 1675 obedientie
780 1631 847 1690 ges·
904 1622 964 1679 rius
990 1619 1151 1690 roschald
1168 1620 1206 1678 de
1232 1617 1442 1692 puiohritudine
1470 1618 1547 1675 illius
1569 1616 1705 1691 judicas?

87 1710 158 1761 antes
177 1704 220 1762 iila
242 1704 402 1764 transmisit
424 1704 460 1763 ad
482 1706 628 1763 ooelestem
652 1707 778 1779 hegcm;
801 1706 850 1778 qni
904 1723 1000 1767 nonne
1022 1710 1152 1782 speciosa
1177 1714 1206 1765 et
1222 1705 1341 1781 pulchra
1355 1706 1405 1764 tibi
1421 1707 1482 1764 uisa
1504 1706 1571 1764 esti
1592 1706 1706 1764 ceteris

87 1791 182 1866 bnigne
194 1808 242 1851 eos
258 1794 397 1865 suscepit,
418 1800 448 1851 et
471 1795 600 1867 promisit
623 1809 656 1853 se
679 1794 751 1853 ulios
765 1794 849 1853 alitu-
903 1806 985 1857 estne
1004 1798 1182 1872 prestantior
1199 1795 1388 1855 mulieribus?
1409 1793 1566 1869 Respondit
1579 1808 1703 1854 servus:

87 1893 140 1945 tim.
157 1879 246 1938 dicens
270 1897 277 1938 :
299 1883 364 1954 Ego
385 1881 434 1954 titii
453 1881 544 1939 solem
569 1895 665 1939 meum
689 1879 764 1939 ficit)
781 1882 850 1938 otiu
905 1888 1035 1957 bomine,
1048 1884 1084 1944 de
1098 1885 1309 1959 pulchritudine
1318 1885 1395 1944 illius
1409 1883 1480 1943 nihii
1504 1884 1574 1943 scio.
1591 1886 1704 1943 Venus·

86 1982 149 2040 viler
157 1969 240 2042 litiis
253 1968 417 2043 elissl'utlot
432 1969 534 2042 (blatb.
547 1985 576 2042 V.
588 1969 647 2042 45),
670 1971 718 2042 qui
744 1970 851 2027 Mauris
904 1982 981 2046 tane,
1004 1989 1041 2032 au
1064 1975 1195 2048 speciosa
1215 1975 1263 2044 sit,
1288 1981 1368 2031 tuum
1386 1972 1568 2031 solummodo
1584 1971 1644 2031 hoc
1661 1979 1724 2031 est.

87 2055 257 2126 infidelibuset
268 2059 419 2134 paganias
430 2056 487 2117 ilde
498 2073 562 2116 mea
574 2060 685 2129 alienis,
698 2058 735 2117 de
750 2073 850 2116 mensu
904 2064 1067 2123 discarmre
1082 2071 1110 2121 et
1119 2062 1261 2137 judicare,
1277 2077 1373 2120 meum
1390 2068 1485 2119 antem
1502 2069 1549 2119 tua
1563 2062 1602 2120 illi
1617 2060 1706 2119 varba

87 2143 229 2204 ctboeauris
241 2148 313 2205 meis
327 2147 435 2205 victum
448 2155 477 2205 ct
495 2148 630 2206 uestitum
646 2147 771 2221 prebeo,
783 2162 847 2205 sus·
904 2151 1041 2225 prolerre.
1053 2153 1130 2209 Bene
1144 2159 1173 2208 et
1185 2149 1311 2218 cordate,
1332 2149 1492 2222 inquitrex,
1509 2147 1702 2220 respondisti:

87 2236 305 2306 unbeenuulo,
315 2244 426 2309 quanto
434 2238 529 2309 magis
540 2236 603 2294 bueo
615 2236 699 2309 uobis
708 2235 851 2294 libentiori
904 2248 933 2298 tu
949 2241 998 2314 qui
1021 2240 1121 2297 oculos
1146 2238 1236 2296 babes
1254 2245 1352 2296 castos
1364 2245 1394 2295 et
1408 2236 1596 2306 verecundos,
1621 2250 1704 2293 meus

88 2322 157 2381 miano
176 2324 343 2395 concedam,
361 2332 391 2382 et
406 2340 472 2397 quae
494 2324 599 2383 luerim
615 2325 777 2383 neccssaria
794 2326 849 2383 im·
905 2336 967 2387 esto
980 2326 1172 2386 cubicularius
1187 2343 1194 2384 :
1211 2341 1247 2384 ex
1260 2326 1408 2383 oculorum
1426 2324 1563 2398 pudicitia
1578 2324 1706 2397 corporis

88 2411 178 2482 pandam
190 2413 268 2471 robis
280 2413 454 2472 etomnibus
463 2413 554 2487 quiex
565 2428 672 2487 sponsa
687 2428 752 2472 mco
759 2414 849 2471 caris·
904 2417 1027 2491 conjicio
1041 2414 1213 2485 castitatem,
1232 2421 1262 2472 et
1281 2421 1310 2472 te
1322 2413 1442 2485 dignum
1466 2413 1514 2470 cul
1539 2412 1662 2470 ctrbiouli
1677 2420 1706 2470 et

89 2500 138 2557 sina
151 2510 308 2575 paupertate
327 2504 469 2575 procreati
490 2502 616 2561 luerint?
631 2502 674 2560 Ad
692 2501 768 2560 huno
789 2517 849 2560 coe·
905 2507 996 2581 regiae
1013 2518 1136 2565 camere
1157 2502 1317 2562 custodiam
1335 2502 1524 2560 committam.
1540 2503 1583 2559 'lu
1603 2514 1705 2558 veros

89 2588 161 2647 usum
177 2605 283 2664 regem,
300 2591 457 2650 beatisimae
476 2594 571 2660 Pater,
590 2589 707 2648 domina
727 2598 756 2649 et
770 2592 851 2664 regia
905 2596 1037 2669 regione,
1058 2594 1107 2667 qui
1131 2592 1258 2650 inirenes
1271 2599 1300 2649 et
1314 2589 1476 2664 impudicos
1491 2589 1581 2647 habes
1594 2591 1707 2657 oculos,

88 2690 164 2747 spons
180 2687 331 2752 paupertas
346 2678 402 2737 hos
417 2695 486 2738 suos
503 2680 590 2737 mittit
608 2679 690 2748 illios,
711 2679 853 2753 prioribus
906 2685 1042 2759 palatium
1051 2682 1201 2756 egredere,
1214 2682 1242 2738 in
1256 2679 1343 2737 domo
1356 2693 1420 2737 meu
1433 2679 1597 2737 nullatenus
1608 2693 1705 2736 rema·

89 2772 108 2820 ct
123 2768 265 2827 senioribus
292 2783 479 2842 nequaquem
499 2769 625 2839 uiliores,
648 2783 702 2826 neo
724 2784 740 2827 a
763 2769 852 2842 patris
907 2773 1008 2832 nebis:
1024 2772 1160 2845 quienim
1173 2771 1250 2828 serio
1262 2776 1292 2828 et
1304 2768 1447 2827 subtiliter
1459 2768 1569 2842 regium
1582 2775 1710 2826 conmm-

88 2857 215 2914 mustus
233 2856 446 2930 pulchritudine
468 2856 640 2931 degeneres,
655 2871 798 2915 summam
822 2866 853 2915 et
906 2865 1000 2937 platus
1011 2867 1244 2927 esvenustatem‚
1256 2859 1345 2916 timeo
1357 2870 1395 2915 ne
1409 2857 1486 2915 illius
1498 2857 1585 2915 etiarn
1598 2857 1709 2915 uiolare

89 2939 206 3011 bilbilim
228 2952 429 3019 nodositatem
449 2946 625 3019 profilentes·
647 2947 767 3004 Nouelli
781 2961 852 3020 ergo
906 2952 978 3009 velis
1001 2949 1192 3009 honestatem.
1209 2950 1277 3007 linc
1301 2946 1568 3017 re13Parabolam,
1594 2944 1707 3022 iratres,

88 3026 273 3106 similiarium,
299 3032 380 3109 quod
404 3034 480 3092 fame
497 3043 617 3108 pereant
638 3036 738 3092 aeierni
763 3036 853 3110 Regis
907 3038 1036 3108 audistis,
1058 3052 1177 3097 sensum
1199 3036 1386 3096 intellexistis.
1411 3036 1516 3094 Oculos
1537 3035 1567 3092 iu
1582 3035 1708 3109 aliquam

87 3118 296 3194 iiictberedes,
311 3124 364 3198 qui
387 3123 424 3181 ad
441 3125 599 3197 imaginem
622 3125 710 3198 Regis
737 3123 851 3193 Christi,
907 3124 1398 3204 conieciatlsimulieremridistis?
1414 3124 1707 3198 poeniteat30cuilsirr

47 3243 48 3252 .
87 3222 121 3278 itt
138 3212 245 3284 Spiritus
274 3214 376 3272 sanai
401 3213 545 3271 viritutem
578 3212 614 3271 de
643 3227 768 3286 paupere
788 3227 850 3271 mn·
907 3228 1052 3293 posterum
1078 3224 1194 3285 cavete,
1222 3228 1300 3272 mors
1325 3215 1394 3272 latet
1415 3215 1444 3270 iu
1467 3214 1541 3282 visu,
1560 3212 1708 3270 oculorum

86 3301 115 3353 ba
131 3300 201 3360 rati:
217 3316 284 3359 nam
314 3310 346 3360 et
368 3303 423 3374 ipsi
446 3315 498 3375 per
521 3302 652 3376 spirltum
678 3303 853 3375 paupertatis
907 3310 995 3366 intrat
1005 3321 1055 3379 per
1070 3304 1298 3383 fenestrasliex
1312 3301 1437 3359 coelestis
1452 3316 1520 3359 suas
1534 3299 1624 3359 videri
1641 3315 1706 3373 pro·

85 3393 132 3441 mat
145 3389 169 3445 ili
184 3391 333 3465 Religionis
361 3389 532 3462 paupercula
558 3389 673 3448 abunde
698 3389 851 3447 nutriendi.
907 3396 986 3455 hibet
999 3409 1131 3469 sponsas.
1145 3392 1247 3452 liulior
1257 3404 1446 3464 quecumque
1455 3387 1622 3457 christiana,
1633 3389 1709 3446 illius

85 3470 181 3533 Sienim
194 3478 251 3537 ilex
269 3479 412 3538 caelorum
433 3478 623 3536 imitatoribus
637 3479 697 3536 suis
715 3478 854 3551 promittit
907 3492 951 3543 ear
978 3497 1095 3558 sponsa.
1117 3482 1191 3552 Quis
1220 3478 1413 3538 nontimebit
1439 3475 1536 3535 videre
1567 3492 1705 3550 sponsam

84 3573 175 3634 mum
189 3574 342 3637 nemum,
358 3574 467 3641 quanto
483 3567 579 3640 magu
591 3567 638 3625 un
650 3567 850 3625 subministra·
906 3573 1034 3634 curisti?
1049 3571 1138 3645 aegis
1149 3570 1248 3628 timeae
1260 3566 1433 3642 zelotypiam
1444 3566 1498 3640 (e).

85 3644 190 3724 litque
210 3657 408 3715 communiter
439 3655 560 3729 largitur
589 3656 675 3713 bonis
697 3664 726 3713 et
748 3655 854 3722 melis?
1050 3716 1055 3729 ,
1479 3708 1486 3721 ,
1654 3707 1660 3719 ,
1682 3708 1688 3720 ,

86 3736 143 3797 hans
159 3745 319 3815 parabolam
345 3744 451 3803 cmpsq
469 3743 600 3804 vqwqus
618 3758 684 3801 cum
699 3743 854 3818 (ungemar
941 3719 981 3778 Ν.
1012 3716 1091 3818 hiras
1114 3714 1210 3788 plures
1229 3710 1384 3813 Parabolas
1409 3707 1543 3767 iratribus
1570 3716 1599 3766 et
1624 3708 1707 3766 laucis

86 3825 188 3900 rodim,
202 3834 323 3892 mmm,
344 3839 375 3891 01
391 3831 485 3902 puppe,
500 3839 530 3890 ,ς
548 3830 741 3891 indubitante,
755 3832 851 3893 Chris,
907 3819 1090 3882 proposuisse
1105 3803 1201 3877 plnres
1221 3800 1361 3870 scribunt,
1377 3798 1428 3857 sed
1447 3812 1502 3856 nec
1517 3812 1568 3855 eas
1581 3794 1708 3855 referunt

86 3919 127 3972 tm
142 3919 167 3977 in
180 3919 295 3981 homine
316 3922 448 3981 locutum
467 3935 691 3995 mogum
714 3922 854 3996 Regulam
907 3910 1053 3970 expresse,
1064 3907 1118 3951 nec
1130 3890 1294 3966 ipsasancti
1306 3889 1398 3990 Patris
1412 3887 1498 3946 verbu
1514 3885 1656 3987 aderunt:
1672 3886 1706 3987 iia

88 4006 284 4086 appensam),
907 3986 995 4060 igitur
1011 3978 1256 4058 supersedendum
1275 3976 1353 4047 duur,
1367 3991 1404 4035 ue
1425 3992 1462 4034 ex
1481 3984 1587 4034 nostrus
1601 3973 1708 4048 ahquid

908 4073 1023 4143 addere,
1046 4079 1096 4130 aut
1113 4070 1239 4128 alienum
1262 4066 1330 4140 qnid
1350 4066 1435 4124 beato
1455 4066 1528 4138 patri
1545 4063 1708 4122 adscribere

324 4188 522 4247 PARABOLA
540 4190 578 4247 11,
908 4162 1076 4232 videamur3
1091 4159 1140 4232 qui
1162 4157 1250 4215 etiam
1276 4156 1306 4213 in
1334 4154 1380 4213 his
1399 4153 1598 4212 minutissimis
1612 4154 1707 4225 ipsam

300 4305 307 4317 .
537 4304 542 4316 .
908 4243 1705 4319 veritatem,attamiviriauctoritateminterpouereco·

149 4301 183 4360 m
199 4305 328 4363 mmm
343 4303 594 4376 ‘mmmm‘
605 4303 763 4361 mmm·
909 4353 1021 4398 namur.
1041 4336 1086 4396 Ad
1100 4335 1153 4394 has
1166 4349 1235 4393 uero
1252 4331 1325 4391 duas
1338 4346 1410 4406 quas
1426 4330 1521 4401 retuli,
1536 4328 1599 4387 hec
1614 4343 1706 4404 pauca

111 4420 228 4486 inlutos
240 4427 346 4486 beatus
365 4428 448 4485 Pater
473 4424 574 4485 iratres
592 4442 662 4485 suos
676 4426 852 4495 hortabatur,
908 4425 1123 4499 illiusexempla
1137 4422 1287 4483 subnecto.

85 4515 207 4574 ilienses
233 4517 325 4587 omni,
342 4530 399 4589 qua
420 4523 548 4590 possent,
572 4514 762 4573 sollicitudine
787 4528 852 4572 cus·

86 4596 179 4658 odirent
189 4612 216 4662 et
227 4605 427 4663 refrenarent.
448 4602 503 4663 Sed
526 4605 669 4678 precipue
687 4603 785 4660 oculos
802 4602 852 4660 do·
1174 4614 1378 4678 Efflpqupq
1409 4616 1432 4673 1,

86 4683 251 4750 nebatbaberc
263 4692 389 4767 pudicos
402 4700 430 4750 et
449 4690 598 4763 honestos,
620 4693 696 4750 banc
718 4692 774 4750 illis
788 4706 852 4765 pro·
1068 4735 1109 4792 De
1123 4734 1248 4806 mmo
1271 4735 1298 4789 a
1314 4745 1380 4788 vm
1398 4729 1538 4787 mdeste

86 4783 170 4838 mnam
181 4782 283 4853 sepius
295 4779 481 4854 parabolam:
1539 4773 1546 4787 '

111 4861 273 4939 liexquidam
285 4871 353 4943 pius
363 4875 394 4926 et
407 4875 504 4926 castus
520 4866 593 4926 duos
603 4869 681 4925 misit
693 4868 855 4926 successive
944 4864 1014 4924 Cum
1030 4855 1182 4932 aliquando
1202 4862 1375 4929 quereretur
1393 4853 1479 4912 abeo
1489 4854 1553 4927 quis
1567 4858 1644 4910 esset
1660 4852 1707 4923 Ju-

86 4952 174 5011 liutios
195 4956 229 5014 nd
255 4958 402 5031 reginam,
430 4958 478 5030 qui
506 4957 532 5014 ei
555 4954 686 5029 quedam
716 4954 753 5014 de
778 4958 855 5029 regis
909 4949 1147 5011 dicandusverus
1167 4944 1316 5015 obediens,
1341 4943 1469 5017 corporis
1483 4942 1585 4999 mortui
1606 4940 1706 4997 simili-

86 5047 158 5099 bente
177 5045 383 5118 significarent.
416 5047 576 5104 Reuertitur
599 5046 717 5117 primus,
745 5051 774 5102 et
802 5059 854 5117 pro
909 5042 1037 5101 tudinem
1064 5052 1115 5111 pro
1143 5033 1275 5107 exemplo
1304 5033 1461 5105 proposuit.
1489 5031 1576 5098 Tolle,
1604 5028 1707 5099 inquit,

86 5125 281 5203 ielilbenstad
295 5134 427 5208 reginam
443 5133 553 5201 detulit,
564 5141 675 5191 tantum
689 5132 776 5190 verba
791 5132 855 5205 regi
909 5145 1013 5203 corpus
1034 5125 1180 5193 examine,
1202 5130 1232 5180 et
1258 5120 1306 5179 ubi
1334 5119 1471 5193 placuerit
1486 5132 1569 5190 pone.
1591 5114 1710 5218 Videbis

87 5220 304 5289 libilihsedde
317 5222 420 5295 regina
436 5221 507 5279 nihii
521 5221 656 5294 loquitur,
673 5221 739 5294 qnia
757 5221 855 5278 oculos
910 5235 967 5278 non
988 5228 1151 5291 repugnare
1177 5219 1298 5279 motum,
1322 5222 1380 5265 non
1407 5220 1586 5264 murmurare
1610 5212 1706 5272 sutum,

112 5363 145 5434 il)
157 5368 232 5438 ilco,
246 5386 271 5427 c.
288 5372 315 5429 u.
333 5372 359 5428 in
371 5371 419 5430 iin.
428 5385 437 5442 ;
455 5370 620 5441 Plsan.,lib.
637 5372 659 5440 1,
672 5372 752 5440 Cous.
767 5370 810 5439 ia,
826 5370 855 5426 iu
946 5365 1176 5494 (implicite,
1191 5376 1255 5433 cap.
1270 5356 1426 5417 Dszcload
1436 5357 1566 5428 fratrum
1577 5355 1710 5426 per-fect.,·

88 5434 190 5501 illicet
210 5455 235 5497 c.
254 5442 346 5525 37,'et
359 5444 378 5500 l.
395 5443 526 5526 Ibimus.
542 5443 575 5512 ὃς
595 5443 694 5509 liare,
711 5444 779 5524 lp,
795 5443 814 5499 l.
831 5442 854 5510 i,
910 5441 1019 5506 Pisan„
1045 5436 1082 5494 ib.
1100 5438 1122 5505 l,
1140 5433 1226 5562 duab..
1238 5431 1281 5498 la,
1303 5443 1366 5500 cop.
1395 5426 1445 5496 143
1470 5426 1570 5524 blare,
1595 5427 1606 5482 i
1623 5430 1708 5507 part,

88 5505 855 5584 siluno.hosiusdestpnnucctesu.mergooai,
910 5511 1042 5584 cap.23;
1067 5505 1175 5576 specul.
1215 5507 1262 5559 ste
1280 5501 1398 5566 araur,
1422 5495 1469 5554 iol.
1487 5497 1554 5566 lib,
1575 5497 1708 5564 iinrrau,

88 5574 251 5642 cl3Gerard
269 5579 393 5650 odonis,
406 5584 434 5640 in
450 5585 537 5640 sess.
553 5585 710 5642 bominieae
733 5584 776 5651 l5,
793 5588 857 5654 post
910 5582 959 5640 lib.
978 5583 1001 5647 i,
1017 5593 1080 5652 cap.
1098 5576 1141 5632 lii.

87 5641 179 5705 Festum
193 5651 303 5721 Trinit,
315 5653 366 5711 litt.
385 5655 421 5711 ui.
