<?xml version="1.0" encoding="UTF-8"?>
<!DOCTYPE html PUBLIC "-//W3C//DTD XHTML 1.0 Transitional//EN"
    "http://www.w3.org/TR/xhtml1/DTD/xhtml1-transitional.dtd">
<html xmlns="http://www.w3.org/1999/xhtml" xml:lang="en" lang="en">
 <head>
  <title>
</title>
<meta http-equiv="Content-Type" content="text/html;charset=utf-8" />
  <meta name='ocr-system' content='tesseract 3.04.00' />
  <meta name='ocr-capabilities' content='ocr_page ocr_carea ocr_par ocr_line ocrx_word'/>
</head>
<body>
  <div class='ocr_page' id='page_1' title='image "./mediiaevibiblio09bottgoog_0721.png"; bbox 0 0 3950 6200; ppageno 0'>
   <div class='ocr_carea' id='block_1_1' title="bbox 82 264 175 328">
    <p class='ocr_par' dir='ltr' id='par_1_1' title="bbox 82 264 175 328">
     <span class='ocr_line' id='line_1_1' title="bbox 82 264 175 328; baseline 0 -1"><span class='ocrx_word' id='word_1_1' title='bbox 82 264 175 328; x_wconf 74' lang='lat'>1145</span> 
     </span>
    </p>
   </div>
   <div class='ocr_carea' id='block_1_2' title="bbox 77 416 892 990">
    <p class='ocr_par' dir='ltr' id='par_1_2' title="bbox 77 416 892 990">
     <span class='ocr_line' id='line_1_2' title="bbox 83 416 891 488; baseline -0.001 -3"><span class='ocrx_word' id='word_1_2' title='bbox 83 426 170 488; x_wconf 90' lang='lat' dir='ltr'><strong>liter</strong></span> <span class='ocrx_word' id='word_1_3' title='bbox 185 416 332 488; x_wconf 77' lang='lat' dir='ltr'><strong>&#39;iruotum</strong></span> <span class='ocrx_word' id='word_1_4' title='bbox 348 424 480 488; x_wconf 87' lang='lat' dir='ltr'><strong>amittit.</strong></span> <span class='ocrx_word' id='word_1_5' title='bbox 503 423 633 487; x_wconf 81' lang='lat' dir='ltr'><strong>Nebula</strong></span> <span class='ocrx_word' id='word_1_6' title='bbox 648 424 699 486; x_wconf 89' lang='lat' dir='ltr'><strong>est</strong></span> <span class='ocrx_word' id='word_1_7' title='bbox 716 422 813 486; x_wconf 87' lang='lat' dir='ltr'><strong>iavor</strong></span> <span class='ocrx_word' id='word_1_8' title='bbox 826 422 891 484; x_wconf 90' lang='lat' dir='ltr'><strong>bu-</strong></span> 
     </span>
     <span class='ocr_line' id='line_1_3' title="bbox 84 520 889 601; baseline -0.006 -16"><span class='ocrx_word' id='word_1_9' title='bbox 84 540 226 585; x_wconf 91' lang='lat' dir='ltr'><strong>manus.</strong></span> <span class='ocrx_word' id='word_1_10' title='bbox 251 524 384 585; x_wconf 79' lang='lat' dir='ltr'>Florem</span> <span class='ocrx_word' id='word_1_11' title='bbox 404 522 548 601; x_wconf 85' lang='lat' dir='ltr'><strong>projicit,</strong></span> <span class='ocrx_word' id='word_1_12' title='bbox 575 523 653 598; x_wconf 87' lang='lat' dir='ltr'><strong>quia</strong></span> <span class='ocrx_word' id='word_1_13' title='bbox 675 537 769 583; x_wconf 89' lang='lat' dir='ltr'><strong>mens</strong></span> <span class='ocrx_word' id='word_1_14' title='bbox 791 520 889 582; x_wconf 90' lang='lat' dir='ltr'><strong>rudi-</strong></span> 
     </span>
     <span class='ocr_line' id='line_1_4' title="bbox 83 618 888 697; baseline -0.004 -15"><span class='ocrx_word' id='word_1_15' title='bbox 83 621 209 683; x_wconf 87' lang='lat' dir='ltr'><strong>menta</strong></span> <span class='ocrx_word' id='word_1_16' title='bbox 217 619 298 682; x_wconf 91' lang='lat' dir='ltr'><strong>boni</strong></span> <span class='ocrx_word' id='word_1_17' title='bbox 309 619 419 697; x_wconf 89' lang='lat' dir='ltr'><strong>operis</strong></span> <span class='ocrx_word' id='word_1_18' title='bbox 428 620 467 681; x_wconf 91' lang='lat' dir='ltr'><strong>ad</strong></span> <span class='ocrx_word' id='word_1_19' title='bbox 480 618 635 682; x_wconf 82' lang='lat' dir='ltr'><strong>effectum</strong></span> <span class='ocrx_word' id='word_1_20' title='bbox 645 635 711 681; x_wconf 90' lang='lat' dir='ltr'><strong>non</strong></span> <span class='ocrx_word' id='word_1_21' title='bbox 722 618 888 697; x_wconf 91' lang='lat' dir='ltr'><strong>perducit;</strong></span> 
     </span>
     <span class='ocr_line' id='line_1_5' title="bbox 85 716 892 796; baseline -0.001 -17"><span class='ocrx_word' id='word_1_22' title='bbox 85 718 122 779; x_wconf 87' lang='lat' dir='ltr'><strong>et</strong></span> <span class='ocrx_word' id='word_1_23' title='bbox 138 720 259 781; x_wconf 90' lang='lat' dir='ltr'><strong>contra</strong></span> <span class='ocrx_word' id='word_1_24' title='bbox 272 720 383 796; x_wconf 88' lang='lat' dir='ltr'><strong>pestes</strong></span> <span class='ocrx_word' id='word_1_25' title='bbox 398 718 460 780; x_wconf 90' lang='lat' dir='ltr'><strong>has</strong></span> <span class='ocrx_word' id='word_1_26' title='bbox 475 718 556 781; x_wconf 91' lang='lat' dir='ltr'><strong>dicit</strong></span> <span class='ocrx_word' id='word_1_27' title='bbox 574 716 741 796; x_wconf 82' lang='lat' dir='ltr'>Propheta</span> <span class='ocrx_word' id='word_1_28' title='bbox 760 739 768 778; x_wconf 74' lang='grc' dir='ltr'><strong>ι</strong></span> <span class='ocrx_word' id='word_1_29' title='bbox 784 720 892 779; x_wconf 72' lang='lat' dir='ltr'><strong>Boset-</strong></span> 
     </span>
     <span class='ocr_line' id='line_1_6' title="bbox 77 802 891 891; baseline 0 -15"><span class='ocrx_word' id='word_1_30' title='bbox 77 802 216 891; x_wconf 82' lang='lat' dir='ltr'><strong>&#39;tatem,</strong></span> <span class='ocrx_word' id='word_1_31' title='bbox 240 817 273 879; x_wconf 81' lang='lat' dir='ltr'><strong>ct</strong></span> <span class='ocrx_word' id='word_1_32' title='bbox 294 819 522 891; x_wconf 75' lang='lat' dir='ltr'><strong><em>disciplinam,</em></strong></span> <span class='ocrx_word' id='word_1_33' title='bbox 546 816 581 878; x_wconf 87' lang='lat' dir='ltr'><strong>et</strong></span> <span class='ocrx_word' id='word_1_34' title='bbox 604 817 787 879; x_wconf 81' lang='lat' dir='ltr'><strong>scientiam</strong></span> <span class='ocrx_word' id='word_1_35' title='bbox 810 817 891 877; x_wconf 84' lang='lat' dir='ltr'><strong>doce</strong></span> 
     </span>
     <span class='ocr_line' id='line_1_7' title="bbox 86 912 769 990; baseline -0.003 -16"><span class='ocrx_word' id='word_1_36' title='bbox 86 928 162 987; x_wconf 85' lang='lat' dir='ltr'><strong>mc,</strong></span> <span class='ocrx_word' id='word_1_37' title='bbox 179 914 218 975; x_wconf 92' lang='lat' dir='ltr'><strong>ut</strong></span> <span class='ocrx_word' id='word_1_38' title='bbox 228 913 312 976; x_wconf 89' lang='lat' dir='ltr'><strong>istas</strong></span> <span class='ocrx_word' id='word_1_39' title='bbox 325 913 477 976; x_wconf 79' lang='lat' dir='ltr'><strong>fallacias</strong></span> <span class='ocrx_word' id='word_1_40' title='bbox 492 913 619 976; x_wconf 89' lang='lat' dir='ltr'><strong>evitare</strong></span> <span class='ocrx_word' id='word_1_41' title='bbox 632 912 769 990; x_wconf 83' lang='lat' dir='ltr'><strong>possim.</strong></span> 
     </span>
    </p>
   </div>
   <div class='ocr_carea' id='block_1_3' title="bbox 331 1128 660 1189">
    <p class='ocr_par' dir='ltr' id='par_1_3' title="bbox 331 1128 660 1189">
     <span class='ocr_line' id='line_1_8' title="bbox 331 1128 660 1189; baseline 0 -2"><span class='ocrx_word' id='word_1_42' title='bbox 331 1128 472 1189; x_wconf 84' lang='lat' dir='ltr'><strong>SERMO</strong></span> <span class='ocrx_word' id='word_1_43' title='bbox 494 1128 660 1189; x_wconf 74' lang='lat' dir='ltr'><strong>cdxxvi</strong></span> 
     </span>
    </p>
   </div>
   <div class='ocr_carea' id='block_1_4' title="bbox 88 1306 890 1577">
    <p class='ocr_par' dir='ltr' id='par_1_4' title="bbox 88 1306 890 1577">
     <span class='ocr_line' id='line_1_9' title="bbox 88 1306 889 1381; baseline 0.001 -12"><span class='ocrx_word' id='word_1_44' title='bbox 88 1310 175 1381; x_wconf 82' lang='lat' dir='ltr'><strong>Quod</strong></span> <span class='ocrx_word' id='word_1_45' title='bbox 187 1309 279 1369; x_wconf 85' lang='lat' dir='ltr'><strong>bomo</strong></span> <span class='ocrx_word' id='word_1_46' title='bbox 300 1309 392 1370; x_wconf 86' lang='lat' dir='ltr'><strong>iaetus</strong></span> <span class='ocrx_word' id='word_1_47' title='bbox 406 1319 451 1371; x_wconf 86' lang='lat' dir='ltr'><strong>est</strong></span> <span class='ocrx_word' id='word_1_48' title='bbox 471 1326 487 1370; x_wconf 87' lang='lat' dir='ltr'><strong>a</strong></span> <span class='ocrx_word' id='word_1_49' title='bbox 507 1312 630 1371; x_wconf 90' lang='lat' dir='ltr'><strong>Domino</strong></span> <span class='ocrx_word' id='word_1_50' title='bbox 644 1306 801 1371; x_wconf 84' lang='lat' dir='ltr'><strong>samnium</strong></span> <span class='ocrx_word' id='word_1_51' title='bbox 816 1312 889 1370; x_wconf 87' lang='lat' dir='ltr'><strong>ima·</strong></span> 
     </span>
     <span class='ocr_line' id='line_1_10' title="bbox 126 1398 890 1489; baseline 0.003 -31"><span class='ocrx_word' id='word_1_52' title='bbox 126 1402 231 1474; x_wconf 89' lang='lat' dir='ltr'><strong>ginem</strong></span> <span class='ocrx_word' id='word_1_53' title='bbox 243 1400 318 1489; x_wconf 73' lang='lat' dir='ltr'><strong>eius3</strong></span> <span class='ocrx_word' id='word_1_54' title='bbox 334 1402 456 1475; x_wconf 73' lang='lat' dir='ltr'><strong>qualiter</strong></span> <span class='ocrx_word' id='word_1_55' title='bbox 468 1401 555 1460; x_wconf 87' lang='lat' dir='ltr'><strong>debet</strong></span> <span class='ocrx_word' id='word_1_56' title='bbox 573 1412 638 1465; x_wconf 81' lang='lat' dir='ltr'><strong>esse</strong></span> <span class='ocrx_word' id='word_1_57' title='bbox 652 1398 740 1461; x_wconf 87' lang='lat' dir='ltr'><strong>homo</strong></span> <span class='ocrx_word' id='word_1_58' title='bbox 753 1409 849 1460; x_wconf 83' lang='lat' dir='ltr'><strong>rectus</strong></span> <span class='ocrx_word' id='word_1_59' title='bbox 860 1403 890 1460; x_wconf 90' lang='lat' dir='ltr'><strong>in</strong></span> 
     </span>
     <span class='ocr_line' id='line_1_11' title="bbox 112 1490 623 1577; baseline 0.006 -30"><span class='ocrx_word' id='word_1_60' title='bbox 112 1505 263 1577; x_wconf 75' lang='lat' dir='ltr'><strong>numero,</strong></span> <span class='ocrx_word' id='word_1_61' title='bbox 280 1490 417 1565; x_wconf 81' lang='lat' dir='ltr'><strong>pondere,</strong></span> <span class='ocrx_word' id='word_1_62' title='bbox 434 1498 464 1549; x_wconf 87' lang='lat' dir='ltr'><strong>et</strong></span> <span class='ocrx_word' id='word_1_63' title='bbox 478 1502 623 1550; x_wconf 86' lang='lat' dir='ltr'><strong>mensura.</strong></span> 
     </span>
    </p>
   </div>
   <div class='ocr_carea' id='block_1_5' title="bbox 84 1662 893 1740">
    <p class='ocr_par' dir='ltr' id='par_1_5' title="bbox 84 1662 893 1740">
     <span class='ocr_line' id='line_1_12' title="bbox 84 1662 893 1740; baseline 0 -14"><span class='ocrx_word' id='word_1_64' title='bbox 84 1666 221 1726; x_wconf 76' lang='lat' dir='ltr'><strong>Montes</strong></span> <span class='ocrx_word' id='word_1_65' title='bbox 235 1662 316 1735; x_wconf 81' lang='lat' dir='ltr'><strong>ium,</strong></span> <span class='ocrx_word' id='word_1_66' title='bbox 332 1663 483 1736; x_wconf 85' lang='lat' dir='ltr'><strong>Domine,</strong></span> <span class='ocrx_word' id='word_1_67' title='bbox 500 1665 661 1738; x_wconf 73' lang='lat' dir='ltr'><strong>fecererat</strong></span> <span class='ocrx_word' id='word_1_68' title='bbox 675 1676 741 1736; x_wconf 83' lang='lat' dir='ltr'><strong>me,</strong></span> <span class='ocrx_word' id='word_1_69' title='bbox 758 1665 893 1740; x_wconf 65' lang='grc'>111111-</span> 
     </span>
    </p>
   </div>
   <div class='ocr_carea' id='block_1_6' title="bbox 130 1760 887 1938">
    <p class='ocr_par' dir='ltr' id='par_1_6' title="bbox 130 1760 887 1938">
     <span class='ocr_line' id='line_1_13' title="bbox 130 1760 887 1841; baseline 0.001 -17"><span class='ocrx_word' id='word_1_70' title='bbox 130 1762 324 1824; x_wconf 80' lang='lat' dir='ltr'><strong>maoersmt</strong></span> <span class='ocrx_word' id='word_1_71' title='bbox 347 1776 404 1823; x_wconf 82' lang='lat' dir='ltr'><strong>me</strong></span> <span class='ocrx_word' id='word_1_72' title='bbox 424 1777 437 1822; x_wconf 91' lang='lat'><strong>.·</strong></span> <span class='ocrx_word' id='word_1_73' title='bbox 471 1765 516 1824; x_wconf 84' lang='lat' dir='ltr'><strong>dc</strong></span> <span class='ocrx_word' id='word_1_74' title='bbox 548 1764 635 1825; x_wconf 79' lang='lat' dir='ltr'><strong>mibi</strong></span> <span class='ocrx_word' id='word_1_75' title='bbox 648 1760 887 1841; x_wconf 69' lang='lat' dir='ltr'><strong>[tatedcctum.</strong></span> 
     </span>
     <span class='ocr_line' id='line_1_14' title="bbox 133 1856 412 1938; baseline 0 -18"><span class='ocrx_word' id='word_1_76' title='bbox 133 1856 242 1938; x_wconf 88' lang='lat' dir='ltr'><strong>(Psal.</strong></span> <span class='ocrx_word' id='word_1_77' title='bbox 259 1860 328 1931; x_wconf 87' lang='lat'><strong>118,</strong></span> <span class='ocrx_word' id='word_1_78' title='bbox 344 1856 412 1937; x_wconf 82' lang='grc'>73.)</span> 
     </span>
    </p>
   </div>
   <div class='ocr_carea' id='block_1_7' title="bbox 86 2080 892 3827">
    <p class='ocr_par' dir='ltr' id='par_1_7' title="bbox 86 2080 892 3827">
     <span class='ocr_line' id='line_1_15' title="bbox 131 2080 887 2160; baseline 0.003 -16"><span class='ocrx_word' id='word_1_79' title='bbox 131 2085 182 2144; x_wconf 88' lang='lat' dir='ltr'><strong>Da</strong></span> <span class='ocrx_word' id='word_1_80' title='bbox 193 2080 502 2155; x_wconf 88' lang='lat' dir='ltr'><strong>mibiintellectum,</strong></span> <span class='ocrx_word' id='word_1_81' title='bbox 514 2080 744 2160; x_wconf 88' lang='lat' dir='ltr'><strong>utintelltgam</strong></span> <span class='ocrx_word' id='word_1_82' title='bbox 751 2086 887 2158; x_wconf 78' lang='lat' dir='ltr'><strong>monus,</strong></span> 
     </span>
     <span class='ocr_line' id='line_1_16' title="bbox 88 2181 891 2265; baseline 0.001 -24"><span class='ocrx_word' id='word_1_83' title='bbox 88 2197 168 2259; x_wconf 89' lang='lat' dir='ltr'><strong>quae</strong></span> <span class='ocrx_word' id='word_1_84' title='bbox 184 2196 241 2242; x_wconf 86' lang='lat' dir='ltr'><strong>mc</strong></span> <span class='ocrx_word' id='word_1_85' title='bbox 254 2184 422 2255; x_wconf 69' lang='lat' dir='ltr'><strong>fecererat.</strong></span> <span class='ocrx_word' id='word_1_86' title='bbox 441 2182 501 2243; x_wconf 87' lang='lat' dir='ltr'><strong>Hae</strong></span> <span class='ocrx_word' id='word_1_87' title='bbox 518 2194 638 2243; x_wconf 90' lang='lat' dir='ltr'><strong>manus</strong></span> <span class='ocrx_word' id='word_1_88' title='bbox 656 2181 891 2265; x_wconf 81' lang='lat' dir='ltr'><strong>suntsapieu-</strong></span> 
     </span>
     <span class='ocr_line' id='line_1_17' title="bbox 86 2278 889 2357; baseline -0.001 -16"><span class='ocrx_word' id='word_1_89' title='bbox 86 2280 153 2353; x_wconf 91' lang='lat' dir='ltr'><strong>tia,</strong></span> <span class='ocrx_word' id='word_1_90' title='bbox 168 2280 204 2340; x_wconf 92' lang='lat' dir='ltr'><strong>et</strong></span> <span class='ocrx_word' id='word_1_91' title='bbox 220 2279 380 2356; x_wconf 88' lang='lat' dir='ltr'><strong>potentia.</strong></span> <span class='ocrx_word' id='word_1_92' title='bbox 397 2281 444 2340; x_wconf 90' lang='lat' dir='ltr'><strong>De</strong></span> <span class='ocrx_word' id='word_1_93' title='bbox 459 2279 625 2357; x_wconf 79' lang='lat' dir='ltr'>sapientia</span> <span class='ocrx_word' id='word_1_94' title='bbox 639 2278 675 2340; x_wconf 91' lang='lat' dir='ltr'><strong>in</strong></span> <span class='ocrx_word' id='word_1_95' title='bbox 689 2278 889 2356; x_wconf 74' lang='lat' dir='ltr'><strong>Apocalypsi</strong></span> 
     </span>
     <span class='ocr_line' id='line_1_18' title="bbox 89 2376 890 2457; baseline -0.002 -18"><span class='ocrx_word' id='word_1_96' title='bbox 89 2377 160 2457; x_wconf 79' lang='lat'><strong>(19,</strong></span> <span class='ocrx_word' id='word_1_97' title='bbox 178 2376 231 2457; x_wconf 81' lang='lat'><strong>12)</strong></span> <span class='ocrx_word' id='word_1_98' title='bbox 245 2399 252 2438; x_wconf 91' lang='lat'>:</span> <span class='ocrx_word' id='word_1_99' title='bbox 271 2394 290 2438; x_wconf 76' lang='lat' dir='ltr'><strong>e</strong></span> <span class='ocrx_word' id='word_1_100' title='bbox 305 2378 399 2439; x_wconf 90' lang='lat' dir='ltr'><strong>Oculi</strong></span> <span class='ocrx_word' id='word_1_101' title='bbox 416 2380 489 2455; x_wconf 87' lang='lat' dir='ltr'><strong>ejus</strong></span> <span class='ocrx_word' id='word_1_102' title='bbox 502 2376 589 2439; x_wconf 87' lang='lat' dir='ltr'><strong>sicut</strong></span> <span class='ocrx_word' id='word_1_103' title='bbox 607 2376 741 2438; x_wconf 84' lang='lat' dir='ltr'><strong>damma</strong></span> <span class='ocrx_word' id='word_1_104' title='bbox 756 2376 890 2455; x_wconf 77' lang='lat' dir='ltr'><strong>ignis.»</strong></span> 
     </span>
     <span class='ocr_line' id='line_1_19' title="bbox 88 2474 891 2552; baseline -0.005 -13"><span class='ocrx_word' id='word_1_105' title='bbox 88 2478 161 2539; x_wconf 87' lang='lat' dir='ltr'><strong>Per</strong></span> <span class='ocrx_word' id='word_1_106' title='bbox 184 2476 299 2538; x_wconf 89' lang='lat' dir='ltr'><strong>oculos</strong></span> <span class='ocrx_word' id='word_1_107' title='bbox 318 2474 521 2552; x_wconf 79' lang='lat' dir='ltr'><strong>intelligitur</strong></span> <span class='ocrx_word' id='word_1_108' title='bbox 542 2477 615 2552; x_wconf 79' lang='lat' dir='ltr'><strong>ejus</strong></span> <span class='ocrx_word' id='word_1_109' title='bbox 637 2476 814 2552; x_wconf 78' lang='lat' dir='ltr'><strong>sapientia,</strong></span> <span class='ocrx_word' id='word_1_110' title='bbox 831 2488 891 2552; x_wconf 91' lang='lat' dir='ltr'><strong>per</strong></span> 
     </span>
     <span class='ocr_line' id='line_1_20' title="bbox 89 2572 891 2655; baseline -0.001 -18"><span class='ocrx_word' id='word_1_111' title='bbox 89 2592 195 2655; x_wconf 90' lang='lat' dir='ltr'><strong>quam</strong></span> <span class='ocrx_word' id='word_1_112' title='bbox 221 2574 333 2636; x_wconf 92' lang='lat' dir='ltr'><strong>omnia</strong></span> <span class='ocrx_word' id='word_1_113' title='bbox 365 2573 494 2636; x_wconf 91' lang='lat' dir='ltr'><strong>occulta</strong></span> <span class='ocrx_word' id='word_1_114' title='bbox 527 2572 710 2650; x_wconf 80' lang='lat' dir='ltr'><strong>cognoscit,</strong></span> <span class='ocrx_word' id='word_1_115' title='bbox 736 2574 770 2635; x_wconf 89' lang='lat' dir='ltr'><strong>ot</strong></span> <span class='ocrx_word' id='word_1_116' title='bbox 798 2573 891 2636; x_wconf 88' lang='lat' dir='ltr'><strong>velut</strong></span> 
     </span>
     <span class='ocr_line' id='line_1_21' title="bbox 88 2670 890 2750; baseline -0.004 -14"><span class='ocrx_word' id='word_1_117' title='bbox 88 2675 229 2736; x_wconf 87' lang='lat' dir='ltr'><strong>flamma</strong></span> <span class='ocrx_word' id='word_1_118' title='bbox 246 2674 335 2750; x_wconf 86' lang='lat' dir='ltr'><strong>ignis</strong></span> <span class='ocrx_word' id='word_1_119' title='bbox 351 2672 532 2741; x_wconf 90' lang='lat' dir='ltr'><strong>illuminat,</strong></span> <span class='ocrx_word' id='word_1_120' title='bbox 555 2673 588 2733; x_wconf 88' lang='lat' dir='ltr'><strong>et</strong></span> <span class='ocrx_word' id='word_1_121' title='bbox 606 2670 770 2733; x_wconf 90' lang='lat' dir='ltr'><strong>accendit.</strong></span> <span class='ocrx_word' id='word_1_122' title='bbox 795 2670 890 2733; x_wconf 89' lang='lat' dir='ltr'><strong>Unde</strong></span> 
     </span>
     <span class='ocr_line' id='line_1_22' title="bbox 88 2767 891 2852; baseline -0.009 -14"><span class='ocrx_word' id='word_1_123' title='bbox 88 2770 404 2852; x_wconf 85' lang='lat' dir='ltr'><strong>inPsalmis(7,11)</strong></span> <span class='ocrx_word' id='word_1_124' title='bbox 417 2767 891 2846; x_wconf 72' lang='lat' dir='ltr'><strong>:Scrctcascordmc&#39;tjrencs</strong></span> 
     </span>
     <span class='ocr_line' id='line_1_23' title="bbox 88 2863 890 2947; baseline -0.012 -9"><span class='ocrx_word' id='word_1_125' title='bbox 88 2880 205 2946; x_wconf 81' lang='lat' dir='ltr'><strong>Deas;</strong></span> <span class='ocrx_word' id='word_1_126' title='bbox 219 2875 253 2936; x_wconf 96' lang='lat' dir='ltr'><strong>et</strong></span> <span class='ocrx_word' id='word_1_127' title='bbox 266 2873 301 2933; x_wconf 90' lang='lat' dir='ltr'><strong>in</strong></span> <span class='ocrx_word' id='word_1_128' title='bbox 317 2868 498 2947; x_wconf 82' lang='lat' dir='ltr'><strong>Evangelio</strong></span> <span class='ocrx_word' id='word_1_129' title='bbox 512 2868 635 2947; x_wconf 82' lang='lat' dir='ltr'><strong>(toan,</strong></span> <span class='ocrx_word' id='word_1_130' title='bbox 650 2870 679 2941; x_wconf 91' lang='grc'><strong>1,</strong></span> <span class='ocrx_word' id='word_1_131' title='bbox 696 2863 750 2947; x_wconf 79' lang='grc'><strong>18)</strong></span> <span class='ocrx_word' id='word_1_132' title='bbox 768 2866 809 2928; x_wconf 90' lang='grc'><strong>11</strong></span> <span class='ocrx_word' id='word_1_133' title='bbox 825 2867 890 2929; x_wconf 88' lang='grc' dir='ltr'><strong>Ν1-</strong></span> 
     </span>
     <span class='ocr_line' id='line_1_24' title="bbox 89 2962 890 3043; baseline -0.01 -8"><span class='ocrx_word' id='word_1_134' title='bbox 89 2972 242 3043; x_wconf 87' lang='lat' dir='ltr'><strong>thanael,</strong></span> <span class='ocrx_word' id='word_1_135' title='bbox 266 2971 320 3031; x_wconf 90' lang='lat' dir='ltr'><strong>cui</strong></span> <span class='ocrx_word' id='word_1_136' title='bbox 347 2968 432 3030; x_wconf 84' lang='lat' dir='ltr'><strong>dixit</strong></span> <span class='ocrx_word' id='word_1_137' title='bbox 457 2968 644 3029; x_wconf 88' lang='lat' dir='ltr'><strong>Dominus:</strong></span> <span class='ocrx_word' id='word_1_138' title='bbox 674 2967 754 3027; x_wconf 86' lang='lat' dir='ltr'><strong>Cum</strong></span> <span class='ocrx_word' id='word_1_139' title='bbox 781 2962 890 3027; x_wconf 89' lang='lat' dir='ltr'><strong>adbuc</strong></span> 
     </span>
     <span class='ocr_line' id='line_1_25' title="bbox 90 3058 891 3142; baseline -0.011 -8"><span class='ocrx_word' id='word_1_140' title='bbox 90 3086 186 3135; x_wconf 90' lang='lat' dir='ltr'><strong>esses</strong></span> <span class='ocrx_word' id='word_1_141' title='bbox 199 3069 261 3131; x_wconf 90' lang='lat' dir='ltr'><strong>sub</strong></span> <span class='ocrx_word' id='word_1_142' title='bbox 277 3067 353 3139; x_wconf 85' lang='lat' dir='ltr'><strong>ticu,</strong></span> <span class='ocrx_word' id='word_1_143' title='bbox 369 3066 438 3130; x_wconf 92' lang='lat' dir='ltr'><strong>vidi</strong></span> <span class='ocrx_word' id='word_1_144' title='bbox 452 3067 500 3142; x_wconf 91' lang='lat' dir='ltr'><strong>te;</strong></span> <span class='ocrx_word' id='word_1_145' title='bbox 522 3064 555 3127; x_wconf 90' lang='lat' dir='ltr'><strong>et</strong></span> <span class='ocrx_word' id='word_1_146' title='bbox 574 3058 638 3126; x_wconf 90' lang='lat' dir='ltr'><strong>hoo</strong></span> <span class='ocrx_word' id='word_1_147' title='bbox 653 3062 792 3125; x_wconf 91' lang='lat' dir='ltr'><strong>cuilibet</strong></span> <span class='ocrx_word' id='word_1_148' title='bbox 803 3077 891 3141; x_wconf 87' lang='lat' dir='ltr'><strong>prae-</strong></span> 
     </span>
     <span class='ocr_line' id='line_1_26' title="bbox 90 3157 891 3240; baseline -0.012 -8"><span class='ocrx_word' id='word_1_149' title='bbox 90 3169 261 3232; x_wconf 88' lang='lat' dir='ltr'><strong>destinato</strong></span> <span class='ocrx_word' id='word_1_150' title='bbox 287 3166 419 3237; x_wconf 90' lang='lat' dir='ltr'><strong>dicitur,</strong></span> <span class='ocrx_word' id='word_1_151' title='bbox 449 3165 545 3240; x_wconf 86' lang='lat' dir='ltr'><strong>cujus</strong></span> <span class='ocrx_word' id='word_1_152' title='bbox 571 3162 712 3223; x_wconf 89' lang='lat' dir='ltr'><strong>salutem</strong></span> <span class='ocrx_word' id='word_1_153' title='bbox 737 3157 891 3238; x_wconf 88' lang='lat' dir='ltr'><strong>praevidit</strong></span> 
     </span>
     <span class='ocr_line' id='line_1_27' title="bbox 90 3259 889 3346; baseline -0.015 -16"><span class='ocrx_word' id='word_1_154' title='bbox 90 3283 154 3346; x_wconf 92' lang='lat' dir='ltr'><strong>per</strong></span> <span class='ocrx_word' id='word_1_155' title='bbox 166 3277 262 3327; x_wconf 90' lang='lat' dir='ltr'><strong>suam</strong></span> <span class='ocrx_word' id='word_1_156' title='bbox 277 3263 475 3342; x_wconf 82' lang='lat' dir='ltr'><strong>sapientiam</strong></span> <span class='ocrx_word' id='word_1_157' title='bbox 489 3259 530 3322; x_wconf 91' lang='lat' dir='ltr'><strong>ab</strong></span> <span class='ocrx_word' id='word_1_158' title='bbox 548 3261 684 3323; x_wconf 88' lang='lat' dir='ltr'><strong>aeterno.</strong></span> <span class='ocrx_word' id='word_1_159' title='bbox 701 3261 782 3320; x_wconf 85' lang='lat' dir='ltr'><strong>Cum</strong></span> <span class='ocrx_word' id='word_1_160' title='bbox 797 3271 889 3319; x_wconf 89' lang='lat' dir='ltr'><strong>esses</strong></span> 
     </span>
     <span class='ocr_line' id='line_1_28' title="bbox 91 3354 890 3433; baseline -0.018 -5"><span class='ocrx_word' id='word_1_161' title='bbox 91 3365 157 3430; x_wconf 90' lang='lat' dir='ltr'><strong>sub</strong></span> <span class='ocrx_word' id='word_1_162' title='bbox 177 3363 242 3425; x_wconf 87' lang='lat' dir='ltr'><strong>flou</strong></span> <span class='ocrx_word' id='word_1_163' title='bbox 257 3362 336 3424; x_wconf 90' lang='lat' dir='ltr'><strong>novi</strong></span> <span class='ocrx_word' id='word_1_164' title='bbox 350 3362 394 3433; x_wconf 91' lang='lat' dir='ltr'><strong>te,</strong></span> <span class='ocrx_word' id='word_1_165' title='bbox 413 3359 500 3421; x_wconf 88' lang='lat' dir='ltr'><strong>idest</strong></span> <span class='ocrx_word' id='word_1_166' title='bbox 514 3373 588 3420; x_wconf 88' lang='lat' dir='ltr'><strong>oum</strong></span> <span class='ocrx_word' id='word_1_167' title='bbox 608 3372 699 3419; x_wconf 87' lang='lat' dir='ltr'><strong>esses</strong></span> <span class='ocrx_word' id='word_1_168' title='bbox 714 3356 749 3416; x_wconf 92' lang='lat' dir='ltr'><strong>in</strong></span> <span class='ocrx_word' id='word_1_169' title='bbox 768 3354 890 3416; x_wconf 91' lang='lat' dir='ltr'><strong>lumbis</strong></span> 
     </span>
     <span class='ocr_line' id='line_1_29' title="bbox 90 3450 890 3532; baseline -0.018 -5"><span class='ocrx_word' id='word_1_170' title='bbox 90 3464 174 3528; x_wconf 81' lang='lat' dir='ltr'><strong>Adae</strong></span> <span class='ocrx_word' id='word_1_171' title='bbox 191 3459 336 3522; x_wconf 90' lang='lat' dir='ltr'><strong>sedentis</strong></span> <span class='ocrx_word' id='word_1_172' title='bbox 351 3457 412 3519; x_wconf 90' lang='lat' dir='ltr'><strong>sub</strong></span> <span class='ocrx_word' id='word_1_173' title='bbox 434 3457 510 3518; x_wconf 86' lang='lat' dir='ltr'><strong>tion.</strong></span> <span class='ocrx_word' id='word_1_174' title='bbox 530 3458 577 3517; x_wconf 90' lang='lat' dir='ltr'><strong>De</strong></span> <span class='ocrx_word' id='word_1_175' title='bbox 591 3453 751 3531; x_wconf 88' lang='lat' dir='ltr'><strong>potentia,</strong></span> <span class='ocrx_word' id='word_1_176' title='bbox 767 3450 890 3532; x_wconf 87' lang='lat' dir='ltr'><strong>ibidem</strong></span> 
     </span>
     <span class='ocr_line' id='line_1_30' title="bbox 89 3541 890 3640; baseline -0.016 -15"><span class='ocrx_word' id='word_1_177' title='bbox 89 3558 314 3640; x_wconf 79' lang='lat' dir='ltr'><strong>Apocalypsis</strong></span> <span class='ocrx_word' id='word_1_178' title='bbox 334 3552 488 3638; x_wconf 80' lang='lat'><strong>(19,15):</strong></span> <span class='ocrx_word' id='word_1_179' title='bbox 504 3571 523 3616; x_wconf 69' lang='lat' dir='ltr'><strong>s</strong></span> <span class='ocrx_word' id='word_1_180' title='bbox 538 3541 674 3615; x_wconf 77' lang='lat' dir='ltr'><strong>Gladius</strong></span> <span class='ocrx_word' id='word_1_181' title='bbox 693 3552 729 3612; x_wconf 90' lang='lat' dir='ltr'><strong>in</strong></span> <span class='ocrx_word' id='word_1_182' title='bbox 745 3566 804 3612; x_wconf 92' lang='lat' dir='ltr'><strong>ore</strong></span> <span class='ocrx_word' id='word_1_183' title='bbox 818 3554 890 3628; x_wconf 87' lang='lat' dir='ltr'><strong>ejus</strong></span> 
     </span>
     <span class='ocr_line' id='line_1_31' title="bbox 91 3648 892 3735; baseline -0.016 -13"><span class='ocrx_word' id='word_1_184' title='bbox 91 3676 138 3722; x_wconf 81' lang='lat' dir='ltr'><strong>ex</strong></span> <span class='ocrx_word' id='word_1_185' title='bbox 162 3661 304 3735; x_wconf 89' lang='lat' dir='ltr'><strong>utraque</strong></span> <span class='ocrx_word' id='word_1_186' title='bbox 328 3656 422 3733; x_wconf 89' lang='lat' dir='ltr'><strong>parte</strong></span> <span class='ocrx_word' id='word_1_187' title='bbox 442 3652 571 3715; x_wconf 85' lang='lat' dir='ltr'><strong>acutus.</strong></span> <span class='ocrx_word' id='word_1_188' title='bbox 586 3649 754 3730; x_wconf 71' lang='lat' dir='ltr'><strong>»Gladius</strong></span> <span class='ocrx_word' id='word_1_189' title='bbox 766 3649 830 3711; x_wconf 91' lang='lat' dir='ltr'><strong>iste</strong></span> <span class='ocrx_word' id='word_1_190' title='bbox 841 3648 892 3711; x_wconf 91' lang='lat' dir='ltr'><strong>est</strong></span> 
     </span>
     <span class='ocr_line' id='line_1_32' title="bbox 90 3745 889 3827; baseline -0.018 -7"><span class='ocrx_word' id='word_1_191' title='bbox 90 3758 155 3820; x_wconf 89' lang='lat' dir='ltr'><strong>illa</strong></span> <span class='ocrx_word' id='word_1_192' title='bbox 179 3754 344 3818; x_wconf 90' lang='lat' dir='ltr'><strong>sententia</strong></span> <span class='ocrx_word' id='word_1_193' title='bbox 367 3750 539 3822; x_wconf 86' lang='lat' dir='ltr'><strong>terribilis,</strong></span> <span class='ocrx_word' id='word_1_194' title='bbox 565 3761 664 3827; x_wconf 89' lang='lat' dir='ltr'><strong>quam</strong></span> <span class='ocrx_word' id='word_1_195' title='bbox 685 3745 832 3824; x_wconf 87' lang='lat' dir='ltr'><strong>proteret</strong></span> <span class='ocrx_word' id='word_1_196' title='bbox 854 3746 889 3807; x_wconf 90' lang='lat' dir='ltr'><strong>in</strong></span> 
     </span>
    </p>
   </div>
   <div class='ocr_carea' id='block_1_8' title="bbox 477 262 1357 335">
    <p class='ocr_par' dir='ltr' id='par_1_8' title="bbox 477 262 1357 335">
     <span class='ocr_line' id='line_1_33' title="bbox 477 262 1357 335; baseline 0.01 -9"><span class='ocrx_word' id='word_1_197' title='bbox 477 262 585 328; x_wconf 76' lang='lat' dir='ltr'><strong>PARS</strong></span> <span class='ocrx_word' id='word_1_198' title='bbox 613 262 758 327; x_wconf 77' lang='lat' dir='ltr'><strong>Putria.</strong></span> <span class='ocrx_word' id='word_1_199' title='bbox 773 291 815 333; x_wconf 83' lang='lat'>··.·</span> <span class='ocrx_word' id='word_1_200' title='bbox 830 262 1050 327; x_wconf 80' lang='lat' dir='ltr'><strong>EXPOSI‘I&#39;IO</strong></span> <span class='ocrx_word' id='word_1_201' title='bbox 1080 267 1125 329; x_wconf 89' lang='lat' dir='ltr'><strong>IN</strong></span> <span class='ocrx_word' id='word_1_202' title='bbox 1153 266 1357 335; x_wconf 75' lang='lat' dir='ltr'><strong>Psabmos.</strong></span> 
     </span>
    </p>
   </div>
   <div class='ocr_carea' id='block_1_9' title="bbox 1660 287 1741 353">
    <p class='ocr_par' dir='ltr' id='par_1_9' title="bbox 1660 287 1741 353">
     <span class='ocr_line' id='line_1_34' title="bbox 1660 287 1741 353; baseline 0.074 -6"><span class='ocrx_word' id='word_1_203' title='bbox 1660 287 1741 353; x_wconf 80' lang='lat'>1146</span> 
     </span>
    </p>
   </div>
   <div class='ocr_carea' id='block_1_10' title="bbox 944 426 1819 1499">
    <p class='ocr_par' dir='ltr' id='par_1_10' title="bbox 944 426 1819 1499">
     <span class='ocr_line' id='line_1_35' title="bbox 980 426 1740 510; baseline 0.033 -25"><span class='ocrx_word' id='word_1_204' title='bbox 980 426 1032 486; x_wconf 84' lang='lat' dir='ltr'><strong>De</strong></span> <span class='ocrx_word' id='word_1_205' title='bbox 1046 429 1142 505; x_wconf 88' lang='lat' dir='ltr'><strong>cujus</strong></span> <span class='ocrx_word' id='word_1_206' title='bbox 1155 429 1378 508; x_wconf 85' lang='lat' dir='ltr'><strong>plasmatione</strong></span> <span class='ocrx_word' id='word_1_207' title='bbox 1394 434 1554 502; x_wconf 88' lang='lat' dir='ltr'><strong>habemus</strong></span> <span class='ocrx_word' id='word_1_208' title='bbox 1569 441 1605 505; x_wconf 93' lang='lat' dir='ltr'><strong>in</strong></span> <span class='ocrx_word' id='word_1_209' title='bbox 1619 445 1740 510; x_wconf 82' lang='lat' dir='ltr'><strong>Eccle-</strong></span> 
     </span>
     <span class='ocr_line' id='line_1_36' title="bbox 944 520 1742 621; baseline 0.033 -39"><span class='ocrx_word' id='word_1_210' title='bbox 944 520 1080 589; x_wconf 86' lang='lat' dir='ltr'><strong>siastico</strong></span> <span class='ocrx_word' id='word_1_211' title='bbox 1096 524 1161 607; x_wconf 84' lang='lat'><strong>(17,</strong></span> <span class='ocrx_word' id='word_1_212' title='bbox 1179 529 1195 589; x_wconf 90' lang='lat'>1</span> <span class='ocrx_word' id='word_1_213' title='bbox 1209 530 1242 591; x_wconf 86' lang='lat' dir='ltr'><strong>et</strong></span> <span class='ocrx_word' id='word_1_214' title='bbox 1254 529 1288 610; x_wconf 84' lang='lat'><strong>2)</strong></span> <span class='ocrx_word' id='word_1_215' title='bbox 1300 552 1308 591; x_wconf 75' lang='grc' dir='ltr'><strong>ε</strong></span> <span class='ocrx_word' id='word_1_216' title='bbox 1322 549 1340 593; x_wconf 77' lang='lat' dir='ltr'><strong>s</strong></span> <span class='ocrx_word' id='word_1_217' title='bbox 1353 535 1442 599; x_wconf 87' lang='lat' dir='ltr'><strong>Deus</strong></span> <span class='ocrx_word' id='word_1_218' title='bbox 1453 532 1494 613; x_wconf 82' lang='grc'><strong>11</strong></span> <span class='ocrx_word' id='word_1_219' title='bbox 1507 538 1597 602; x_wconf 88' lang='lat' dir='ltr'><strong>terra</strong></span> <span class='ocrx_word' id='word_1_220' title='bbox 1613 546 1742 621; x_wconf 83' lang='lat' dir='ltr'><strong>creavit</strong></span> 
     </span>
     <span class='ocr_line' id='line_1_37' title="bbox 944 619 1742 713; baseline 0.035 -35"><span class='ocrx_word' id='word_1_221' title='bbox 944 619 1123 696; x_wconf 88' lang='lat' dir='ltr'><strong>bominem,</strong></span> <span class='ocrx_word' id='word_1_222' title='bbox 1133 626 1355 691; x_wconf 89' lang='lat' dir='ltr'><strong>etsecundum</strong></span> <span class='ocrx_word' id='word_1_223' title='bbox 1365 631 1544 713; x_wconf 79' lang='lat' dir='ltr'><strong>imaginem</strong></span> <span class='ocrx_word' id='word_1_224' title='bbox 1559 641 1742 707; x_wconf 88' lang='lat' dir='ltr'><strong>suamiecit</strong></span> 
     </span>
     <span class='ocr_line' id='line_1_38' title="bbox 945 716 1741 814; baseline 0.035 -39"><span class='ocrx_word' id='word_1_225' title='bbox 945 716 1505 795; x_wconf 88' lang='lat' dir='ltr'><strong>illum:etiterumconvertitillum</strong></span> <span class='ocrx_word' id='word_1_226' title='bbox 1527 735 1741 814; x_wconf 73' lang='lat' dir='ltr'><strong>inipsamzet</strong></span> 
     </span>
     <span class='ocr_line' id='line_1_39' title="bbox 945 816 1742 901; baseline 0.033 -27"><span class='ocrx_word' id='word_1_227' title='bbox 945 816 1127 879; x_wconf 90' lang='lat' dir='ltr'><strong>secundum</strong></span> <span class='ocrx_word' id='word_1_228' title='bbox 1140 836 1177 881; x_wconf 87' lang='lat' dir='ltr'><strong>se</strong></span> <span class='ocrx_word' id='word_1_229' title='bbox 1187 823 1321 886; x_wconf 88' lang='lat' dir='ltr'><strong>vestivit</strong></span> <span class='ocrx_word' id='word_1_230' title='bbox 1330 825 1425 899; x_wconf 75' lang='lat' dir='ltr'><strong>illum</strong></span> <span class='ocrx_word' id='word_1_231' title='bbox 1437 829 1593 894; x_wconf 84' lang='lat' dir='ltr'><strong>virtute.»</strong></span> <span class='ocrx_word' id='word_1_232' title='bbox 1607 837 1742 901; x_wconf 77' lang='lat' dir='ltr'><strong>creavit</strong></span> 
     </span>
     <span class='ocr_line' id='line_1_40' title="bbox 945 911 1743 1011; baseline 0.034 -40"><span class='ocrx_word' id='word_1_233' title='bbox 945 911 1114 977; x_wconf 90' lang='lat' dir='ltr'><strong>bominem</strong></span> <span class='ocrx_word' id='word_1_234' title='bbox 1129 920 1310 983; x_wconf 89' lang='lat' dir='ltr'><strong>secundum</strong></span> <span class='ocrx_word' id='word_1_235' title='bbox 1330 923 1509 1002; x_wconf 84' lang='lat' dir='ltr'><strong>imaginem</strong></span> <span class='ocrx_word' id='word_1_236' title='bbox 1521 946 1616 993; x_wconf 90' lang='lat' dir='ltr'><strong>suam</strong></span> <span class='ocrx_word' id='word_1_237' title='bbox 1631 951 1743 1011; x_wconf 89' lang='lat' dir='ltr'><strong>quan·</strong></span> 
     </span>
     <span class='ocr_line' id='line_1_41' title="bbox 944 1009 1736 1095; baseline 0.034 -26"><span class='ocrx_word' id='word_1_238' title='bbox 944 1009 1014 1072; x_wconf 93' lang='lat' dir='ltr'><strong>tum</strong></span> <span class='ocrx_word' id='word_1_239' title='bbox 1022 1011 1063 1093; x_wconf 89' lang='lat' dir='ltr'><strong>ad</strong></span> <span class='ocrx_word' id='word_1_240' title='bbox 1072 1013 1419 1095; x_wconf 79' lang='lat' dir='ltr'><strong>auimamzplasmavit</strong></span> <span class='ocrx_word' id='word_1_241' title='bbox 1428 1024 1572 1091; x_wconf 90' lang='lat' dir='ltr'><strong>deterra</strong></span> <span class='ocrx_word' id='word_1_242' title='bbox 1586 1031 1736 1095; x_wconf 92' lang='lat' dir='ltr'><strong>eumdem</strong></span> 
     </span>
     <span class='ocr_line' id='line_1_42' title="bbox 945 1110 1819 1205; baseline 0.032 -38"><span class='ocrx_word' id='word_1_243' title='bbox 945 1110 1265 1205; x_wconf 77' lang='lat' dir='ltr'><strong>secundumcorpus</strong></span> <span class='ocrx_word' id='word_1_244' title='bbox 1282 1138 1290 1177; x_wconf 76' lang='grc' dir='ltr'><strong>ι</strong></span> <span class='ocrx_word' id='word_1_245' title='bbox 1306 1121 1340 1180; x_wconf 90' lang='grc'><strong>11</strong></span> <span class='ocrx_word' id='word_1_246' title='bbox 1359 1120 1481 1184; x_wconf 93' lang='lat' dir='ltr'><strong>iterum</strong></span> <span class='ocrx_word' id='word_1_247' title='bbox 1507 1130 1672 1191; x_wconf 87' lang='lat' dir='ltr'><strong>convertit</strong></span> <span class='ocrx_word' id='word_1_248' title='bbox 1693 1131 1740 1192; x_wconf 90' lang='lat' dir='ltr'><strong>il·</strong></span> <span class='ocrx_word' id='word_1_249' title='bbox 1814 1170 1819 1181; x_wconf 86' lang='lat'><strong>·</strong></span> 
     </span>
     <span class='ocr_line' id='line_1_43' title="bbox 945 1205 1739 1298; baseline 0.037 -34"><span class='ocrx_word' id='word_1_250' title='bbox 945 1205 1014 1273; x_wconf 86' lang='lat' dir='ltr'><strong>lu&#39;m</strong></span> <span class='ocrx_word' id='word_1_251' title='bbox 1029 1207 1064 1269; x_wconf 91' lang='lat' dir='ltr'><strong>in</strong></span> <span class='ocrx_word' id='word_1_252' title='bbox 1074 1208 1194 1285; x_wconf 87' lang='lat' dir='ltr'><strong>ipsam,</strong></span> <span class='ocrx_word' id='word_1_253' title='bbox 1206 1213 1285 1291; x_wconf 88' lang='lat' dir='ltr'><strong>quia</strong></span> <span class='ocrx_word' id='word_1_254' title='bbox 1297 1215 1434 1281; x_wconf 83' lang='lat' dir='ltr'><strong>deterre</strong></span> <span class='ocrx_word' id='word_1_255' title='bbox 1450 1220 1568 1298; x_wconf 89' lang='lat' dir='ltr'><strong>oritur,</strong></span> <span class='ocrx_word' id='word_1_256' title='bbox 1576 1228 1609 1288; x_wconf 88' lang='lat' dir='ltr'><strong>et</strong></span> <span class='ocrx_word' id='word_1_257' title='bbox 1617 1226 1739 1292; x_wconf 91' lang='lat' dir='ltr'><strong>iterum</strong></span> 
     </span>
     <span class='ocr_line' id='line_1_44' title="bbox 944 1302 1742 1404; baseline 0.034 -41"><span class='ocrx_word' id='word_1_258' title='bbox 944 1302 980 1364; x_wconf 89' lang='lat' dir='ltr'><strong>in</strong></span> <span class='ocrx_word' id='word_1_259' title='bbox 992 1306 1117 1369; x_wconf 90' lang='lat' dir='ltr'><strong>terram</strong></span> <span class='ocrx_word' id='word_1_260' title='bbox 1126 1310 1279 1374; x_wconf 90' lang='lat' dir='ltr'><strong>vertitur.</strong></span> <span class='ocrx_word' id='word_1_261' title='bbox 1297 1315 1391 1379; x_wconf 90' lang='lat' dir='ltr'><strong>Unde</strong></span> <span class='ocrx_word' id='word_1_262' title='bbox 1404 1318 1466 1380; x_wconf 82' lang='lat' dir='ltr'><strong>tob</strong></span> <span class='ocrx_word' id='word_1_263' title='bbox 1478 1319 1543 1398; x_wconf 92' lang='grc'>(17,</span> <span class='ocrx_word' id='word_1_264' title='bbox 1562 1323 1613 1404; x_wconf 85' lang='grc'><strong>14)</strong></span> <span class='ocrx_word' id='word_1_265' title='bbox 1628 1330 1742 1389; x_wconf 85' lang='lat' dir='ltr'><strong>:‹Pu·</strong></span> 
     </span>
     <span class='ocr_line' id='line_1_45' title="bbox 944 1401 1741 1499; baseline 0.03 -34"><span class='ocrx_word' id='word_1_266' title='bbox 944 1401 1068 1465; x_wconf 89' lang='lat' dir='ltr'><strong>tredini</strong></span> <span class='ocrx_word' id='word_1_267' title='bbox 1088 1404 1183 1468; x_wconf 50' lang='lat' dir='ltr'><strong>dini-v:</strong></span> <span class='ocrx_word' id='word_1_268' title='bbox 1195 1410 1297 1472; x_wconf 90' lang='lat' dir='ltr'><strong>Pater</strong></span> <span class='ocrx_word' id='word_1_269' title='bbox 1309 1428 1404 1476; x_wconf 91' lang='lat' dir='ltr'><strong>meus</strong></span> <span class='ocrx_word' id='word_1_270' title='bbox 1419 1431 1471 1493; x_wconf 89' lang='lat' dir='ltr'><strong>es;</strong></span> <span class='ocrx_word' id='word_1_271' title='bbox 1485 1420 1593 1482; x_wconf 89' lang='lat' dir='ltr'><strong>mater</strong></span> <span class='ocrx_word' id='word_1_272' title='bbox 1605 1410 1692 1499; x_wconf 74' lang='lat' dir='ltr'><strong>mea&#39;,</strong></span> <span class='ocrx_word' id='word_1_273' title='bbox 1706 1427 1741 1489; x_wconf 90' lang='lat' dir='ltr'><strong>et</strong></span> 
     </span>
    </p>
   </div>
   <div class='ocr_carea' id='block_1_11' title="bbox 923 1508 1739 1598">
    <p class='ocr_par' dir='ltr' id='par_1_11' title="bbox 923 1508 1739 1598">
     <span class='ocr_line' id='line_1_46' title="bbox 923 1508 1739 1598; baseline 0.039 -45"><span class='ocrx_word' id='word_1_274' title='bbox 923 1550 924 1553; x_wconf 74' lang='grc'>,</span> <span class='ocrx_word' id='word_1_275' title='bbox 945 1514 1041 1563; x_wconf 90' lang='lat' dir='ltr'><strong>soror</strong></span> <span class='ocrx_word' id='word_1_276' title='bbox 1054 1518 1140 1577; x_wconf 92' lang='lat' dir='ltr'><strong>mea,</strong></span> <span class='ocrx_word' id='word_1_277' title='bbox 1156 1508 1336 1571; x_wconf 78' lang='lat' dir='ltr'><strong>vermibus.</strong></span> <span class='ocrx_word' id='word_1_278' title='bbox 1352 1515 1598 1581; x_wconf 76' lang='lat' dir='ltr'><strong>»putredinem</strong></span> <span class='ocrx_word' id='word_1_279' title='bbox 1610 1524 1739 1598; x_wconf 88' lang='lat' dir='ltr'><strong>patrem</strong></span> 
     </span>
    </p>
   </div>
   <div class='ocr_carea' id='block_1_12' title="bbox 943 1594 1743 2274">
    <p class='ocr_par' dir='ltr' id='par_1_12' title="bbox 943 1594 1743 2274">
     <span class='ocr_line' id='line_1_47' title="bbox 945 1594 1740 1693; baseline 0.033 -36"><span class='ocrx_word' id='word_1_280' title='bbox 945 1594 1037 1670; x_wconf 92' lang='lat' dir='ltr'><strong>dicit,</strong></span> <span class='ocrx_word' id='word_1_281' title='bbox 1058 1600 1138 1677; x_wconf 91' lang='lat' dir='ltr'><strong>quia</strong></span> <span class='ocrx_word' id='word_1_282' title='bbox 1156 1616 1200 1664; x_wconf 82' lang='lat' dir='ltr'><strong>ex</strong></span> <span class='ocrx_word' id='word_1_283' title='bbox 1220 1605 1337 1669; x_wconf 87' lang='lat' dir='ltr'><strong>vitiata</strong></span> <span class='ocrx_word' id='word_1_284' title='bbox 1358 1610 1542 1686; x_wconf 91' lang='lat' dir='ltr'><strong>primorum</strong></span> <span class='ocrx_word' id='word_1_285' title='bbox 1562 1620 1740 1693; x_wconf 89' lang='lat' dir='ltr'><strong>parentum</strong></span> 
     </span>
     <span class='ocr_line' id='line_1_48' title="bbox 945 1692 1739 1785; baseline 0.029 -28"><span class='ocrx_word' id='word_1_286' title='bbox 945 1694 1076 1771; x_wconf 87' lang='lat' dir='ltr'><strong>origine</strong></span> <span class='ocrx_word' id='word_1_287' title='bbox 1090 1697 1189 1763; x_wconf 91' lang='lat' dir='ltr'><strong>homo</strong></span> <span class='ocrx_word' id='word_1_288' title='bbox 1204 1700 1376 1769; x_wconf 89' lang='lat' dir='ltr'><strong>descendit</strong></span> <span class='ocrx_word' id='word_1_289' title='bbox 1393 1728 1402 1768; x_wconf 75' lang='grc' dir='ltr'><strong><em>ε</em></strong></span> <span class='ocrx_word' id='word_1_290' title='bbox 1422 1692 1574 1785; x_wconf 82' lang='lat' dir='ltr'><strong>matrem,</strong></span> <span class='ocrx_word' id='word_1_291' title='bbox 1590 1716 1739 1783; x_wconf 68' lang='grc'>111111-</span> 
     </span>
     <span class='ocr_line' id='line_1_49' title="bbox 943 1802 1739 1883; baseline 0.034 -31"><span class='ocrx_word' id='word_1_292' title='bbox 943 1805 999 1854; x_wconf 90' lang='lat' dir='ltr'><strong>res</strong></span> <span class='ocrx_word' id='word_1_293' title='bbox 1017 1809 1149 1867; x_wconf 90' lang='lat' dir='ltr'><strong>vermes</strong></span> <span class='ocrx_word' id='word_1_294' title='bbox 1163 1802 1271 1876; x_wconf 89' lang='lat' dir='ltr'><strong>vocat,</strong></span> <span class='ocrx_word' id='word_1_295' title='bbox 1287 1803 1366 1880; x_wconf 86' lang='lat' dir='ltr'><strong>quia</strong></span> <span class='ocrx_word' id='word_1_296' title='bbox 1385 1809 1544 1883; x_wconf 89' lang='lat' dir='ltr'><strong>quantum</strong></span> <span class='ocrx_word' id='word_1_297' title='bbox 1565 1811 1607 1874; x_wconf 88' lang='lat' dir='ltr'><strong>ad</strong></span> <span class='ocrx_word' id='word_1_298' title='bbox 1627 1816 1739 1877; x_wconf 87' lang='lat' dir='ltr'><strong>mate·</strong></span> 
     </span>
     <span class='ocr_line' id='line_1_50' title="bbox 943 1889 1742 1982; baseline 0.034 -32"><span class='ocrx_word' id='word_1_299' title='bbox 943 1889 1030 1952; x_wconf 90' lang='lat' dir='ltr'><strong>riam</strong></span> <span class='ocrx_word' id='word_1_300' title='bbox 1045 1895 1231 1972; x_wconf 83' lang='lat' dir='ltr'><strong>corporalis</strong></span> <span class='ocrx_word' id='word_1_301' title='bbox 1250 1902 1362 1963; x_wconf 87' lang='lat' dir='ltr'><strong>cernis</strong></span> <span class='ocrx_word' id='word_1_302' title='bbox 1378 1902 1418 1965; x_wconf 89' lang='lat' dir='ltr'><strong>de</strong></span> <span class='ocrx_word' id='word_1_303' title='bbox 1439 1908 1616 1982; x_wconf 90' lang='lat' dir='ltr'><strong>putredine</strong></span> <span class='ocrx_word' id='word_1_304' title='bbox 1630 1911 1742 1975; x_wconf 83' lang='lat' dir='ltr'><strong>exivi·</strong></span> 
     </span>
     <span class='ocr_line' id='line_1_51' title="bbox 944 1993 1741 2083; baseline 0.031 -35"><span class='ocrx_word' id='word_1_305' title='bbox 944 2003 1018 2065; x_wconf 86' lang='lat' dir='ltr'><strong>mus</strong></span> <span class='ocrx_word' id='word_1_306' title='bbox 1032 1993 1130 2067; x_wconf 89' lang='lat' dir='ltr'><strong>quasi</strong></span> <span class='ocrx_word' id='word_1_307' title='bbox 1149 1993 1189 2057; x_wconf 91' lang='lat' dir='ltr'><strong>de</strong></span> <span class='ocrx_word' id='word_1_308' title='bbox 1212 1998 1331 2070; x_wconf 90' lang='lat' dir='ltr'><strong>matre,</strong></span> <span class='ocrx_word' id='word_1_309' title='bbox 1351 2002 1385 2062; x_wconf 86' lang='lat' dir='ltr'><strong>et</strong></span> <span class='ocrx_word' id='word_1_310' title='bbox 1405 2018 1480 2065; x_wconf 91' lang='lat' dir='ltr'><strong>oum</strong></span> <span class='ocrx_word' id='word_1_311' title='bbox 1503 2006 1577 2083; x_wconf 88' lang='lat' dir='ltr'><strong>ipse</strong></span> <span class='ocrx_word' id='word_1_312' title='bbox 1594 2008 1741 2073; x_wconf 89' lang='lat' dir='ltr'><strong>vivimus</strong></span> 
     </span>
     <span class='ocr_line' id='line_1_52' title="bbox 945 2087 1743 2179; baseline 0.03 -33"><span class='ocrx_word' id='word_1_313' title='bbox 945 2087 1041 2163; x_wconf 87' lang='lat' dir='ltr'><strong>quasi</strong></span> <span class='ocrx_word' id='word_1_314' title='bbox 1054 2103 1129 2151; x_wconf 90' lang='lat' dir='ltr'><strong>cum</strong></span> <span class='ocrx_word' id='word_1_315' title='bbox 1139 2106 1266 2156; x_wconf 87' lang='lat' dir='ltr'><strong>sorore.</strong></span> <span class='ocrx_word' id='word_1_316' title='bbox 1280 2096 1342 2158; x_wconf 89' lang='lat' dir='ltr'><strong>Vel</strong></span> <span class='ocrx_word' id='word_1_317' title='bbox 1351 2102 1460 2162; x_wconf 92' lang='lat' dir='ltr'><strong>mater</strong></span> <span class='ocrx_word' id='word_1_318' title='bbox 1470 2104 1522 2165; x_wconf 88' lang='lat' dir='ltr'><strong>est</strong></span> <span class='ocrx_word' id='word_1_319' title='bbox 1533 2106 1666 2179; x_wconf 87' lang='lat' dir='ltr'><strong>natura,</strong></span> <span class='ocrx_word' id='word_1_320' title='bbox 1683 2123 1743 2170; x_wconf 90' lang='lat' dir='ltr'><strong>so-</strong></span> 
     </span>
     <span class='ocr_line' id='line_1_53' title="bbox 944 2189 1741 2274; baseline 0.03 -30"><span class='ocrx_word' id='word_1_321' title='bbox 944 2197 1002 2245; x_wconf 92' lang='lat' dir='ltr'><strong>ror</strong></span> <span class='ocrx_word' id='word_1_322' title='bbox 1015 2189 1221 2261; x_wconf 87' lang='lat' dir='ltr'><strong>consuetudo</strong></span> <span class='ocrx_word' id='word_1_323' title='bbox 1236 2208 1414 2272; x_wconf 54' lang='lat' dir='ltr'><strong>perversu</strong></span> <span class='ocrx_word' id='word_1_324' title='bbox 1431 2215 1505 2274; x_wconf 81' lang='lat' dir='ltr'><strong>quae</strong></span> <span class='ocrx_word' id='word_1_325' title='bbox 1520 2202 1649 2267; x_wconf 83' lang='lat' dir='ltr'><strong>scilicet</strong></span> <span class='ocrx_word' id='word_1_326' title='bbox 1665 2221 1741 2267; x_wconf 90' lang='lat' dir='ltr'><strong>ma-</strong></span> 
     </span>
    </p>
   </div>
   <div class='ocr_carea' id='block_1_13' title="bbox 943 2282 1840 2373">
    <p class='ocr_par' dir='ltr' id='par_1_13' title="bbox 943 2282 1840 2373">
     <span class='ocr_line' id='line_1_54' title="bbox 943 2282 1840 2373; baseline 0.028 -29"><span class='ocrx_word' id='word_1_327' title='bbox 943 2282 1007 2356; x_wconf 89' lang='lat' dir='ltr'><strong>ter,</strong></span> <span class='ocrx_word' id='word_1_328' title='bbox 1030 2284 1063 2346; x_wconf 93' lang='lat' dir='ltr'><strong>et</strong></span> <span class='ocrx_word' id='word_1_329' title='bbox 1087 2300 1184 2347; x_wconf 90' lang='lat' dir='ltr'><strong>soror</strong></span> <span class='ocrx_word' id='word_1_330' title='bbox 1208 2305 1339 2353; x_wconf 89' lang='lat' dir='ltr'><strong>vermes</strong></span> <span class='ocrx_word' id='word_1_331' title='bbox 1364 2296 1452 2370; x_wconf 89' lang='lat' dir='ltr'><strong>sunt,</strong></span> <span class='ocrx_word' id='word_1_332' title='bbox 1479 2298 1570 2373; x_wconf 89' lang='lat' dir='ltr'><strong>quia,</strong></span> <span class='ocrx_word' id='word_1_333' title='bbox 1593 2302 1631 2364; x_wconf 91' lang='lat' dir='ltr'><strong>ut</strong></span> <span class='ocrx_word' id='word_1_334' title='bbox 1658 2301 1741 2367; x_wconf 88' lang='lat' dir='ltr'><strong>dicit</strong></span> <span class='ocrx_word' id='word_1_335' title='bbox 1838 2308 1840 2311; x_wconf 80' lang='grc'>’</span> 
     </span>
    </p>
   </div>
   <div class='ocr_carea' id='block_1_14' title="bbox 943 2382 1831 3842">
    <p class='ocr_par' dir='ltr' id='par_1_14' title="bbox 943 2382 1831 3842">
     <span class='ocr_line' id='line_1_55' title="bbox 944 2382 1741 2473; baseline 0.029 -33"><span class='ocrx_word' id='word_1_336' title='bbox 944 2382 1126 2457; x_wconf 81' lang='lat' dir='ltr'><strong>Gregorius</strong></span> <span class='ocrx_word' id='word_1_337' title='bbox 1137 2384 1197 2465; x_wconf 87' lang='lat'><strong>(1),</strong></span> <span class='ocrx_word' id='word_1_338' title='bbox 1209 2404 1227 2448; x_wconf 75' lang='lat' dir='ltr'><strong>s</strong></span> <span class='ocrx_word' id='word_1_339' title='bbox 1238 2404 1281 2451; x_wconf 81' lang='lat' dir='ltr'><strong>ex</strong></span> <span class='ocrx_word' id='word_1_340' title='bbox 1294 2393 1415 2454; x_wconf 87' lang='lat' dir='ltr'><strong>natura</strong></span> <span class='ocrx_word' id='word_1_341' title='bbox 1430 2399 1600 2473; x_wconf 90' lang='lat' dir='ltr'><strong>corrupta,</strong></span> <span class='ocrx_word' id='word_1_342' title='bbox 1616 2400 1649 2461; x_wconf 90' lang='lat' dir='ltr'><strong>et</strong></span> <span class='ocrx_word' id='word_1_343' title='bbox 1663 2414 1741 2463; x_wconf 59' lang='lat' dir='ltr'><strong>cons</strong></span> 
     </span>
     <span class='ocr_line' id='line_1_56' title="bbox 944 2480 1740 2575; baseline 0.026 -37"><span class='ocrx_word' id='word_1_344' title='bbox 944 2480 1120 2543; x_wconf 85' lang='lat' dir='ltr'><strong>suetudine</strong></span> <span class='ocrx_word' id='word_1_345' title='bbox 1136 2498 1297 2559; x_wconf 85' lang='lat' dir='ltr'><strong>perversa</strong></span> <span class='ocrx_word' id='word_1_346' title='bbox 1312 2489 1473 2566; x_wconf 86' lang='lat' dir='ltr'><strong>cogimur,</strong></span> <span class='ocrx_word' id='word_1_347' title='bbox 1489 2494 1527 2555; x_wconf 93' lang='lat' dir='ltr'><strong>ut</strong></span> <span class='ocrx_word' id='word_1_348' title='bbox 1544 2497 1640 2572; x_wconf 90' lang='lat' dir='ltr'><strong>quasi</strong></span> <span class='ocrx_word' id='word_1_349' title='bbox 1658 2497 1740 2575; x_wconf 90' lang='lat' dir='ltr'><strong>qui-</strong></span> 
     </span>
     <span class='ocr_line' id='line_1_57' title="bbox 943 2573 1760 2666; baseline 0.026 -31"><span class='ocrx_word' id='word_1_350' title='bbox 943 2573 1083 2641; x_wconf 90' lang='lat' dir='ltr'><strong>busdam</strong></span> <span class='ocrx_word' id='word_1_351' title='bbox 1102 2581 1283 2656; x_wconf 82' lang='lat' dir='ltr'><strong>vermibus,</strong></span> <span class='ocrx_word' id='word_1_352' title='bbox 1299 2585 1459 2664; x_wconf 87' lang='lat' dir='ltr'><strong>inquietis</strong></span> <span class='ocrx_word' id='word_1_353' title='bbox 1477 2591 1738 2666; x_wconf 75' lang='lat' dir='ltr'><strong>cogitationibus</strong></span> <span class='ocrx_word' id='word_1_354' title='bbox 1757 2606 1760 2615; x_wconf 82' lang='grc'><strong>’</strong></span> 
     </span>
     <span class='ocr_line' id='line_1_58' title="bbox 944 2671 1738 2755; baseline 0.024 -21"><span class='ocrx_word' id='word_1_355' title='bbox 944 2671 1139 2753; x_wconf 78' lang='lat' dir='ltr'><strong>fatigemur3</strong></span> <span class='ocrx_word' id='word_1_356' title='bbox 1165 2681 1252 2743; x_wconf 88' lang='lat' dir='ltr'><strong>uude</strong></span> <span class='ocrx_word' id='word_1_357' title='bbox 1277 2681 1360 2745; x_wconf 89' lang='lat' dir='ltr'><strong>dicit</strong></span> <span class='ocrx_word' id='word_1_358' title='bbox 1381 2707 1389 2747; x_wconf 78' lang='lat' dir='ltr'><strong><em>z</em></strong></span> <span class='ocrx_word' id='word_1_359' title='bbox 1411 2688 1619 2751; x_wconf 78' lang='lat' dir='ltr'><strong>‹Putredini</strong></span> <span class='ocrx_word' id='word_1_360' title='bbox 1640 2691 1738 2755; x_wconf 80' lang='lat' dir='ltr'><strong>dixi:</strong></span> 
     </span>
     <span class='ocr_line' id='line_1_59' title="bbox 944 2773 1742 2865; baseline 0.025 -33"><span class='ocrx_word' id='word_1_361' title='bbox 944 2773 1046 2835; x_wconf 89' lang='lat' dir='ltr'><strong>Pater</strong></span> <span class='ocrx_word' id='word_1_362' title='bbox 1061 2791 1164 2848; x_wconf 88' lang='lat' dir='ltr'><strong>meus</strong></span> <span class='ocrx_word' id='word_1_363' title='bbox 1190 2793 1238 2851; x_wconf 90' lang='lat' dir='ltr'><strong>es,</strong></span> <span class='ocrx_word' id='word_1_364' title='bbox 1266 2783 1363 2843; x_wconf 74' lang='lat' dir='ltr'><strong>etc.»</strong></span> <span class='ocrx_word' id='word_1_365' title='bbox 1384 2784 1470 2855; x_wconf 83' lang='lat' dir='ltr'><strong>Quia</strong></span> <span class='ocrx_word' id='word_1_366' title='bbox 1495 2785 1537 2848; x_wconf 92' lang='lat' dir='ltr'><strong>de</strong></span> <span class='ocrx_word' id='word_1_367' title='bbox 1564 2789 1742 2865; x_wconf 87' lang='lat' dir='ltr'><strong>putredine</strong></span> 
     </span>
     <span class='ocr_line' id='line_1_60' title="bbox 943 2874 1741 2955; baseline 0.028 -26"><span class='ocrx_word' id='word_1_368' title='bbox 943 2874 1137 2946; x_wconf 86' lang='lat' dir='ltr'><strong>nascentes,</strong></span> <span class='ocrx_word' id='word_1_369' title='bbox 1156 2875 1189 2936; x_wconf 91' lang='lat' dir='ltr'><strong>et</strong></span> <span class='ocrx_word' id='word_1_370' title='bbox 1212 2892 1287 2939; x_wconf 89' lang='lat' dir='ltr'><strong>cum</strong></span> <span class='ocrx_word' id='word_1_371' title='bbox 1315 2895 1474 2955; x_wconf 87' lang='lat' dir='ltr'><strong>perversa</strong></span> <span class='ocrx_word' id='word_1_372' title='bbox 1497 2889 1741 2951; x_wconf 88' lang='lat' dir='ltr'><strong>consuetudine</strong></span> 
     </span>
     <span class='ocr_line' id='line_1_61' title="bbox 944 2970 1831 3063; baseline 0.026 -36"><span class='ocrx_word' id='word_1_373' title='bbox 944 2970 1041 3044; x_wconf 85' lang='lat' dir='ltr'><strong>quasi</strong></span> <span class='ocrx_word' id='word_1_374' title='bbox 1055 2986 1132 3032; x_wconf 88' lang='lat' dir='ltr'><strong>cum</strong></span> <span class='ocrx_word' id='word_1_375' title='bbox 1155 2989 1271 3037; x_wconf 89' lang='lat' dir='ltr'><strong>sorore</strong></span> <span class='ocrx_word' id='word_1_376' title='bbox 1285 2977 1448 3052; x_wconf 91' lang='lat' dir='ltr'><strong>viventes,</strong></span> <span class='ocrx_word' id='word_1_377' title='bbox 1463 2982 1622 3060; x_wconf 83' lang='lat' dir='ltr'><strong>inquietis</strong></span> <span class='ocrx_word' id='word_1_378' title='bbox 1639 2988 1738 3063; x_wconf 89' lang='lat' dir='ltr'><strong>cogi·</strong></span> <span class='ocrx_word' id='word_1_379' title='bbox 1822 2976 1831 2993; x_wconf 57' lang='lat'>‘</span> 
     </span>
     <span class='ocr_line' id='line_1_62' title="bbox 943 3064 1739 3152; baseline 0.028 -26"><span class='ocrx_word' id='word_1_380' title='bbox 943 3064 1139 3144; x_wconf 90' lang='lat' dir='ltr'><strong>tationibus,</strong></span> <span class='ocrx_word' id='word_1_381' title='bbox 1153 3073 1248 3149; x_wconf 85' lang='lat' dir='ltr'><strong>quasi</strong></span> <span class='ocrx_word' id='word_1_382' title='bbox 1262 3074 1460 3152; x_wconf 90' lang='lat' dir='ltr'><strong>quibusdam</strong></span> <span class='ocrx_word' id='word_1_383' title='bbox 1474 3081 1644 3144; x_wconf 80' lang='lat' dir='ltr'><strong>vermibus</strong></span> <span class='ocrx_word' id='word_1_384' title='bbox 1655 3082 1739 3147; x_wconf 88' lang='lat' dir='ltr'><strong>iati-</strong></span> 
     </span>
     <span class='ocr_line' id='line_1_63' title="bbox 943 3161 1740 3243; baseline 0.026 -20"><span class='ocrx_word' id='word_1_385' title='bbox 943 3178 1073 3239; x_wconf 87' lang='lat' dir='ltr'><strong>gamur.</strong></span> <span class='ocrx_word' id='word_1_386' title='bbox 1091 3168 1146 3228; x_wconf 86' lang='lat' dir='ltr'><strong>Sic</strong></span> <span class='ocrx_word' id='word_1_387' title='bbox 1167 3168 1275 3232; x_wconf 89' lang='lat' dir='ltr'><strong>iactus</strong></span> <span class='ocrx_word' id='word_1_388' title='bbox 1290 3171 1455 3238; x_wconf 88' lang='lat' dir='ltr'><strong>esthemo</strong></span> <span class='ocrx_word' id='word_1_389' title='bbox 1471 3161 1653 3240; x_wconf 87' lang='lat' dir='ltr'><strong>secundum</strong></span> <span class='ocrx_word' id='word_1_390' title='bbox 1668 3197 1740 3243; x_wconf 92' lang='lat' dir='ltr'><strong>cor·</strong></span> 
     </span>
     <span class='ocr_line' id='line_1_64' title="bbox 945 3262 1740 3340; baseline 0.028 -22"><span class='ocrx_word' id='word_1_391' title='bbox 945 3273 1021 3333; x_wconf 87' lang='lat' dir='ltr'><strong>pus:</strong></span> <span class='ocrx_word' id='word_1_392' title='bbox 1040 3262 1222 3328; x_wconf 87' lang='lat' dir='ltr'><strong>seeundum</strong></span> <span class='ocrx_word' id='word_1_393' title='bbox 1239 3281 1319 3328; x_wconf 89' lang='lat' dir='ltr'><strong>vero</strong></span> <span class='ocrx_word' id='word_1_394' title='bbox 1338 3270 1485 3331; x_wconf 88' lang='lat' dir='ltr'><strong>animam</strong></span> <span class='ocrx_word' id='word_1_395' title='bbox 1504 3272 1613 3335; x_wconf 85' lang='lat' dir='ltr'><strong>iactus</strong></span> <span class='ocrx_word' id='word_1_396' title='bbox 1631 3276 1740 3340; x_wconf 91' lang='lat' dir='ltr'><strong>estad</strong></span> 
     </span>
     <span class='ocr_line' id='line_1_65' title="bbox 944 3354 1739 3446; baseline 0.028 -31"><span class='ocrx_word' id='word_1_397' title='bbox 944 3354 1126 3433; x_wconf 85' lang='lat' dir='ltr'><strong>imaginem</strong></span> <span class='ocrx_word' id='word_1_398' title='bbox 1151 3376 1258 3424; x_wconf 88' lang='lat' dir='ltr'><strong>suam.</strong></span> <span class='ocrx_word' id='word_1_399' title='bbox 1283 3364 1337 3446; x_wconf 52' lang='lat' dir='ltr'><strong>ad,</strong></span> <span class='ocrx_word' id='word_1_400' title='bbox 1351 3365 1531 3444; x_wconf 80' lang='lat' dir='ltr'><strong>imaginem</strong></span> <span class='ocrx_word' id='word_1_401' title='bbox 1548 3387 1643 3434; x_wconf 90' lang='lat' dir='ltr'><strong>suam</strong></span> <span class='ocrx_word' id='word_1_402' title='bbox 1658 3373 1739 3438; x_wconf 90' lang='lat' dir='ltr'><strong>iecit</strong></span> 
     </span>
     <span class='ocr_line' id='line_1_66' title="bbox 943 3451 1738 3546; baseline 0.029 -34"><span class='ocrx_word' id='word_1_403' title='bbox 943 3451 1041 3514; x_wconf 92' lang='lat' dir='ltr'><strong>illum</strong></span> <span class='ocrx_word' id='word_1_404' title='bbox 1053 3457 1213 3533; x_wconf 88' lang='lat' dir='ltr'><strong>quantum</strong></span> <span class='ocrx_word' id='word_1_405' title='bbox 1228 3460 1269 3521; x_wconf 89' lang='grc'><strong>11</strong></span> <span class='ocrx_word' id='word_1_406' title='bbox 1282 3463 1429 3528; x_wconf 88' lang='lat' dir='ltr'><strong>animam</strong></span> <span class='ocrx_word' id='word_1_407' title='bbox 1444 3481 1504 3542; x_wconf 90' lang='lat' dir='ltr'><strong>per</strong></span> <span class='ocrx_word' id='word_1_408' title='bbox 1528 3465 1738 3546; x_wconf 84' lang='lat' dir='ltr'><strong>memoriam,</strong></span> 
     </span>
     <span class='ocr_line' id='line_1_67' title="bbox 945 3550 1739 3646; baseline 0.029 -36"><span class='ocrx_word' id='word_1_409' title='bbox 945 3550 1160 3628; x_wconf 88' lang='lat' dir='ltr'><strong>intellectum,</strong></span> <span class='ocrx_word' id='word_1_410' title='bbox 1183 3559 1216 3619; x_wconf 87' lang='lat' dir='ltr'><strong>et</strong></span> <span class='ocrx_word' id='word_1_411' title='bbox 1240 3559 1415 3624; x_wconf 89' lang='lat' dir='ltr'><strong>rationem.</strong></span> <span class='ocrx_word' id='word_1_412' title='bbox 1436 3566 1522 3628; x_wconf 84' lang='lat' dir='ltr'><strong>Ecce</strong></span> <span class='ocrx_word' id='word_1_413' title='bbox 1550 3568 1739 3646; x_wconf 81' lang='lat' dir='ltr'><strong>sapientia3</strong></span> 
     </span>
     <span class='ocr_line' id='line_1_68' title="bbox 945 3648 1737 3744; baseline 0.029 -36"><span class='ocrx_word' id='word_1_414' title='bbox 945 3648 1034 3711; x_wconf 89' lang='lat' dir='ltr'><strong>unde</strong></span> <span class='ocrx_word' id='word_1_415' title='bbox 1046 3653 1252 3727; x_wconf 80' lang='lat' dir='ltr'><strong>Augustinus</strong></span> <span class='ocrx_word' id='word_1_416' title='bbox 1268 3656 1316 3736; x_wconf 87' lang='lat'><strong>(2)</strong></span> <span class='ocrx_word' id='word_1_417' title='bbox 1331 3679 1339 3718; x_wconf 89' lang='lat'><strong>:</strong></span> <span class='ocrx_word' id='word_1_418' title='bbox 1355 3660 1614 3728; x_wconf 70' lang='lat' dir='ltr'><strong>Meminerimte</strong></span> <span class='ocrx_word' id='word_1_419' title='bbox 1628 3669 1737 3744; x_wconf 90' lang='lat' dir='ltr'><strong>quoad</strong></span> 
     </span>
     <span class='ocr_line' id='line_1_69' title="bbox 945 3747 1740 3842; baseline 0.026 -34"><span class='ocrx_word' id='word_1_420' title='bbox 945 3747 1089 3822; x_wconf 90' lang='lat' dir='ltr'><strong>Patrem,</strong></span> <span class='ocrx_word' id='word_1_421' title='bbox 1102 3750 1287 3829; x_wconf 87' lang='lat' dir='ltr'><strong>intelligam</strong></span> <span class='ocrx_word' id='word_1_422' title='bbox 1296 3757 1329 3817; x_wconf 90' lang='lat' dir='ltr'><strong>te</strong></span> <span class='ocrx_word' id='word_1_423' title='bbox 1340 3759 1448 3834; x_wconf 81' lang='lat' dir='ltr'><strong>quoad</strong></span> <span class='ocrx_word' id='word_1_424' title='bbox 1456 3761 1590 3836; x_wconf 83' lang='lat' dir='ltr'><strong>Filium,</strong></span> <span class='ocrx_word' id='word_1_425' title='bbox 1601 3763 1740 3842; x_wconf 86' lang='lat' dir='ltr'><strong>diligam</strong></span> 
     </span>
    </p>
   </div>
   <div class='ocr_carea' id='block_1_15' title="bbox 89 3843 1744 5396">
    <p class='ocr_par' dir='ltr' id='par_1_15' title="bbox 89 3843 1741 4708">
     <span class='ocr_line' id='line_1_70' title="bbox 91 3843 1740 3927; baseline 0.005 -9"><span class='ocrx_word' id='word_1_426' title='bbox 91 3856 282 3925; x_wconf 89' lang='lat' dir='ltr'><strong>damnatos,</strong></span> <span class='ocrx_word' id='word_1_427' title='bbox 305 3850 421 3912; x_wconf 89' lang='lat' dir='ltr'><strong>dicens</strong></span> <span class='ocrx_word' id='word_1_428' title='bbox 445 3870 452 3910; x_wconf 92' lang='lat'>:</span> <span class='ocrx_word' id='word_1_429' title='bbox 477 3850 531 3910; x_wconf 83' lang='lat' dir='ltr'><strong>lte</strong></span> <span class='ocrx_word' id='word_1_430' title='bbox 555 3845 738 3920; x_wconf 78' lang='lat' dir='ltr'><strong>maledicti,</strong></span> <span class='ocrx_word' id='word_1_431' title='bbox 760 3843 823 3907; x_wconf 89' lang='lat' dir='ltr'><strong>etc.</strong></span> <span class='ocrx_word' id='word_1_432' title='bbox 848 3847 891 3907; x_wconf 82' lang='lat' dir='ltr'><strong>Ia</strong></span> <span class='ocrx_word' id='word_1_433' title='bbox 944 3845 976 3909; x_wconf 91' lang='lat' dir='ltr'><strong>te</strong></span> <span class='ocrx_word' id='word_1_434' title='bbox 987 3848 1096 3924; x_wconf 91' lang='lat' dir='ltr'><strong>quoad</strong></span> <span class='ocrx_word' id='word_1_435' title='bbox 1109 3849 1270 3927; x_wconf 89' lang='lat' dir='ltr'><strong>Spiritum</strong></span> <span class='ocrx_word' id='word_1_436' title='bbox 1281 3854 1452 3920; x_wconf 84' lang='lat' dir='ltr'><strong>Sanctum.</strong></span> <span class='ocrx_word' id='word_1_437' title='bbox 1468 3859 1524 3921; x_wconf 84' lang='lat' dir='ltr'><strong>Sic</strong></span> <span class='ocrx_word' id='word_1_438' title='bbox 1538 3862 1628 3923; x_wconf 92' lang='lat' dir='ltr'><strong>enim</strong></span> <span class='ocrx_word' id='word_1_439' title='bbox 1638 3861 1740 3927; x_wconf 89' lang='lat' dir='ltr'><strong>bomo</strong></span> 
     </span>
     <span class='ocr_line' id='line_1_71' title="bbox 91 3942 1740 4033; baseline -0.004 -17"><span class='ocrx_word' id='word_1_440' title='bbox 91 3969 157 4018; x_wconf 83' lang='lat' dir='ltr'><strong>ore</strong></span> <span class='ocrx_word' id='word_1_441' title='bbox 184 3951 308 4013; x_wconf 88' lang='lat' dir='ltr'><strong>dicitur</strong></span> <span class='ocrx_word' id='word_1_442' title='bbox 331 3964 416 4020; x_wconf 89' lang='lat' dir='ltr'><strong>esse,</strong></span> <span class='ocrx_word' id='word_1_443' title='bbox 443 3947 522 4025; x_wconf 89' lang='lat' dir='ltr'><strong>quia</strong></span> <span class='ocrx_word' id='word_1_444' title='bbox 546 3961 645 4024; x_wconf 90' lang='lat' dir='ltr'><strong>quam</strong></span> <span class='ocrx_word' id='word_1_445' title='bbox 672 3946 738 4006; x_wconf 88' lang='lat' dir='ltr'><strong>cito</strong></span> <span class='ocrx_word' id='word_1_446' title='bbox 764 3942 892 4021; x_wconf 84' lang='lat' dir='ltr'><strong>proteri</strong></span> <span class='ocrx_word' id='word_1_447' title='bbox 945 3944 997 4006; x_wconf 89' lang='lat' dir='ltr'><strong>est</strong></span> <span class='ocrx_word' id='word_1_448' title='bbox 1016 3945 1077 4008; x_wconf 90' lang='lat' dir='ltr'><strong>toti</strong></span> <span class='ocrx_word' id='word_1_449' title='bbox 1091 3948 1248 4012; x_wconf 87' lang='lat' dir='ltr'><strong>Trinitati</strong></span> <span class='ocrx_word' id='word_1_450' title='bbox 1262 3949 1384 4014; x_wconf 89' lang='lat' dir='ltr'><strong>similis</strong></span> <span class='ocrx_word' id='word_1_451' title='bbox 1396 3954 1539 4031; x_wconf 86' lang='lat' dir='ltr'><strong>quodam</strong></span> <span class='ocrx_word' id='word_1_452' title='bbox 1549 3959 1659 4033; x_wconf 89' lang='lat' dir='ltr'><strong>modo,</strong></span> <span class='ocrx_word' id='word_1_453' title='bbox 1670 3961 1740 4024; x_wconf 74' lang='lat' dir='ltr'><strong>soi..</strong></span> 
     </span>
     <span class='ocr_line' id='line_1_72' title="bbox 90 4040 1734 4133; baseline 0.005 -21"><span class='ocrx_word' id='word_1_454' title='bbox 90 4049 179 4113; x_wconf 86' lang='lat' dir='ltr'><strong>illud</strong></span> <span class='ocrx_word' id='word_1_455' title='bbox 192 4047 342 4121; x_wconf 90' lang='lat' dir='ltr'><strong>verbum,</strong></span> <span class='ocrx_word' id='word_1_456' title='bbox 356 4048 425 4109; x_wconf 87' lang='lat' dir='ltr'><strong>tam</strong></span> <span class='ocrx_word' id='word_1_457' title='bbox 441 4046 507 4107; x_wconf 87' lang='lat' dir='ltr'><strong>olto</strong></span> <span class='ocrx_word' id='word_1_458' title='bbox 519 4043 668 4106; x_wconf 86' lang='lat' dir='ltr'><strong>sentiunt</strong></span> <span class='ocrx_word' id='word_1_459' title='bbox 680 4055 776 4104; x_wconf 92' lang='lat' dir='ltr'><strong>suum</strong></span> <span class='ocrx_word' id='word_1_460' title='bbox 791 4042 890 4104; x_wconf 90' lang='lat' dir='ltr'><strong>dam·-</strong></span> <span class='ocrx_word' id='word_1_461' title='bbox 944 4040 1024 4105; x_wconf 90' lang='lat' dir='ltr'><strong>licet</strong></span> <span class='ocrx_word' id='word_1_462' title='bbox 1038 4044 1132 4107; x_wconf 89' lang='lat' dir='ltr'><strong>Patri</strong></span> <span class='ocrx_word' id='word_1_463' title='bbox 1144 4062 1204 4123; x_wconf 93' lang='lat' dir='ltr'><strong>per</strong></span> <span class='ocrx_word' id='word_1_464' title='bbox 1217 4051 1425 4125; x_wconf 89' lang='lat' dir='ltr'><strong>memoriam,</strong></span> <span class='ocrx_word' id='word_1_465' title='bbox 1442 4054 1527 4119; x_wconf 85' lang='lat' dir='ltr'><strong>Filio</strong></span> <span class='ocrx_word' id='word_1_466' title='bbox 1543 4056 1734 4133; x_wconf 90' lang='lat' dir='ltr'><strong>perintelli·</strong></span> 
     </span>
     <span class='ocr_line' id='line_1_73' title="bbox 89 4139 1739 4229; baseline 0.003 -18"><span class='ocrx_word' id='word_1_467' title='bbox 89 4163 200 4211; x_wconf 82' lang='lat' dir='ltr'><strong>num:</strong></span> <span class='ocrx_word' id='word_1_468' title='bbox 222 4144 315 4206; x_wconf 87' lang='lat' dir='ltr'><strong>nulla</strong></span> <span class='ocrx_word' id='word_1_469' title='bbox 334 4142 505 4205; x_wconf 78' lang='lat' dir='ltr'><strong>animarit</strong></span> <span class='ocrx_word' id='word_1_470' title='bbox 522 4140 681 4220; x_wconf 28' lang='lat' dir='ltr'><strong>dista-ntia</strong></span> <span class='ocrx_word' id='word_1_471' title='bbox 700 4139 790 4200; x_wconf 88' lang='lat' dir='ltr'><strong>inter</strong></span> <span class='ocrx_word' id='word_1_472' title='bbox 809 4153 892 4200; x_wconf 82' lang='lat' dir='ltr'><strong>exe·</strong></span> <span class='ocrx_word' id='word_1_473' title='bbox 944 4140 1104 4214; x_wconf 85' lang='lat' dir='ltr'><strong>gentiam,</strong></span> <span class='ocrx_word' id='word_1_474' title='bbox 1130 4143 1201 4207; x_wconf 88' lang='lat' dir='ltr'><strong>sive</strong></span> <span class='ocrx_word' id='word_1_475' title='bbox 1226 4147 1439 4225; x_wconf 86' lang='lat' dir='ltr'><strong>sapientiam,</strong></span> <span class='ocrx_word' id='word_1_476' title='bbox 1456 4151 1596 4229; x_wconf 87' lang='lat' dir='ltr'><strong>Spiritui</strong></span> <span class='ocrx_word' id='word_1_477' title='bbox 1617 4156 1739 4218; x_wconf 86' lang='lat' dir='ltr'><strong>Sancto</strong></span> 
     </span>
     <span class='ocr_line' id='line_1_74' title="bbox 91 4236 1740 4331; baseline 0.003 -22"><span class='ocrx_word' id='word_1_478' title='bbox 91 4246 263 4309; x_wconf 88' lang='lat' dir='ltr'><strong>cntionem</strong></span> <span class='ocrx_word' id='word_1_479' title='bbox 278 4239 437 4313; x_wconf 87' lang='lat' dir='ltr'><strong>mandati,</strong></span> <span class='ocrx_word' id='word_1_480' title='bbox 459 4240 493 4302; x_wconf 93' lang='lat' dir='ltr'><strong>et</strong></span> <span class='ocrx_word' id='word_1_481' title='bbox 513 4239 622 4316; x_wconf 91' lang='lat' dir='ltr'><strong>ipsum</strong></span> <span class='ocrx_word' id='word_1_482' title='bbox 642 4236 811 4298; x_wconf 88' lang='lat' dir='ltr'><strong>damnum.</strong></span> <span class='ocrx_word' id='word_1_483' title='bbox 826 4237 891 4309; x_wconf 87' lang='lat' dir='ltr'><strong>Qut</strong></span> <span class='ocrx_word' id='word_1_484' title='bbox 945 4252 1006 4312; x_wconf 88' lang='lat' dir='ltr'><strong>per</strong></span> <span class='ocrx_word' id='word_1_485' title='bbox 1020 4238 1245 4304; x_wconf 86' lang='lat' dir='ltr'><strong>dilectionem.</strong></span> <span class='ocrx_word' id='word_1_486' title='bbox 1259 4246 1324 4307; x_wconf 89' lang='lat' dir='ltr'><strong>Sed</strong></span> <span class='ocrx_word' id='word_1_487' title='bbox 1349 4249 1552 4311; x_wconf 75' lang='lat' dir='ltr'><strong>econuain</strong></span> <span class='ocrx_word' id='word_1_488' title='bbox 1569 4251 1740 4331; x_wconf 91' lang='lat' dir='ltr'><strong>plerisque</strong></span> 
     </span>
     <span class='ocr_line' id='line_1_75' title="bbox 91 4334 1738 4425; baseline 0.004 -19"><span class='ocrx_word' id='word_1_489' title='bbox 91 4359 139 4406; x_wconf 84' lang='lat' dir='ltr'><strong>ex</strong></span> <span class='ocrx_word' id='word_1_490' title='bbox 153 4343 296 4419; x_wconf 87' lang='lat' dir='ltr'><strong>utraque</strong></span> <span class='ocrx_word' id='word_1_491' title='bbox 309 4339 405 4418; x_wconf 90' lang='lat' dir='ltr'><strong>parte</strong></span> <span class='ocrx_word' id='word_1_492' title='bbox 426 4338 544 4400; x_wconf 86' lang='lat' dir='ltr'><strong>acutus</strong></span> <span class='ocrx_word' id='word_1_493' title='bbox 565 4335 701 4410; x_wconf 85' lang='lat' dir='ltr'><strong>dicitur,</strong></span> <span class='ocrx_word' id='word_1_494' title='bbox 723 4335 802 4412; x_wconf 89' lang='lat' dir='ltr'><strong>quia</strong></span> <span class='ocrx_word' id='word_1_495' title='bbox 823 4349 890 4412; x_wconf 87' lang='lat' dir='ltr'><strong>pu·-</strong></span> <span class='ocrx_word' id='word_1_496' title='bbox 944 4334 1095 4400; x_wconf 86' lang='lat' dir='ltr'><strong>videmus</strong></span> <span class='ocrx_word' id='word_1_497' title='bbox 1110 4339 1275 4402; x_wconf 86' lang='lat' dir='ltr'><strong>accidere.</strong></span> <span class='ocrx_word' id='word_1_498' title='bbox 1295 4344 1399 4408; x_wconf 78' lang='lat' dir='ltr'><strong>nstin</strong></span> <span class='ocrx_word' id='word_1_499' title='bbox 1419 4344 1517 4408; x_wconf 89' lang='lat' dir='ltr'><strong>nobis</strong></span> <span class='ocrx_word' id='word_1_500' title='bbox 1532 4348 1738 4425; x_wconf 85' lang='lat' dir='ltr'><strong>negligentia</strong></span> 
     </span>
     <span class='ocr_line' id='line_1_76' title="bbox 92 4429 1741 4518; baseline 0.003 -14"><span class='ocrx_word' id='word_1_501' title='bbox 92 4441 167 4504; x_wconf 88' lang='lat' dir='ltr'><strong>niet</strong></span> <span class='ocrx_word' id='word_1_502' title='bbox 181 4455 239 4501; x_wconf 88' lang='lat' dir='ltr'><strong>eos</strong></span> <span class='ocrx_word' id='word_1_503' title='bbox 258 4437 436 4515; x_wconf 86' lang='lat' dir='ltr'><strong>dupliciter</strong></span> <span class='ocrx_word' id='word_1_504' title='bbox 452 4435 488 4496; x_wconf 91' lang='lat' dir='ltr'><strong>in</strong></span> <span class='ocrx_word' id='word_1_505' title='bbox 501 4434 625 4506; x_wconf 88' lang='lat' dir='ltr'><strong>anima,</strong></span> <span class='ocrx_word' id='word_1_506' title='bbox 641 4433 675 4495; x_wconf 94' lang='lat' dir='ltr'><strong>et</strong></span> <span class='ocrx_word' id='word_1_507' title='bbox 688 4432 724 4494; x_wconf 87' lang='lat' dir='ltr'><strong>in</strong></span> <span class='ocrx_word' id='word_1_508' title='bbox 739 4429 889 4511; x_wconf 78' lang='lat' dir='ltr'><strong>corpore,</strong></span> <span class='ocrx_word' id='word_1_509' title='bbox 945 4431 1137 4508; x_wconf 87' lang='lat' dir='ltr'><strong>oblivionis,</strong></span> <span class='ocrx_word' id='word_1_510' title='bbox 1153 4435 1343 4512; x_wconf 87' lang='lat' dir='ltr'><strong>ignorantia</strong></span> <span class='ocrx_word' id='word_1_511' title='bbox 1362 4456 1423 4518; x_wconf 90' lang='lat' dir='ltr'><strong>por</strong></span> <span class='ocrx_word' id='word_1_512' title='bbox 1448 4442 1640 4507; x_wconf 89' lang='lat' dir='ltr'><strong>illusionem</strong></span> <span class='ocrx_word' id='word_1_513' title='bbox 1653 4447 1741 4511; x_wconf 88' lang='lat' dir='ltr'><strong>ima-</strong></span> 
     </span>
     <span class='ocr_line' id='line_1_77' title="bbox 92 4521 1739 4623; baseline 0.004 -23"><span class='ocrx_word' id='word_1_514' title='bbox 92 4538 168 4600; x_wconf 89' lang='lat' dir='ltr'><strong>sive</strong></span> <span class='ocrx_word' id='word_1_515' title='bbox 188 4551 250 4616; x_wconf 92' lang='lat' dir='ltr'><strong>pro</strong></span> <span class='ocrx_word' id='word_1_516' title='bbox 272 4532 470 4604; x_wconf 89' lang='lat' dir='ltr'><strong>commissis,</strong></span> <span class='ocrx_word' id='word_1_517' title='bbox 496 4532 530 4593; x_wconf 91' lang='lat' dir='ltr'><strong>et</strong></span> <span class='ocrx_word' id='word_1_518' title='bbox 553 4530 699 4592; x_wconf 86' lang='lat' dir='ltr'><strong>omissis.</strong></span> <span class='ocrx_word' id='word_1_519' title='bbox 726 4521 892 4606; x_wconf 85' lang='lat' dir='ltr'><strong>Propheta</strong></span> <span class='ocrx_word' id='word_1_520' title='bbox 945 4530 1140 4605; x_wconf 84' lang='lat' dir='ltr'><strong>ginationis,</strong></span> <span class='ocrx_word' id='word_1_521' title='bbox 1150 4535 1352 4611; x_wconf 73' lang='lat' dir='ltr'><strong>procacitas</strong></span> <span class='ocrx_word' id='word_1_522' title='bbox 1373 4553 1541 4616; x_wconf 75' lang='lat' dir='ltr'><strong>perversae</strong></span> <span class='ocrx_word' id='word_1_523' title='bbox 1555 4545 1739 4623; x_wconf 88' lang='lat' dir='ltr'><strong>concupis-</strong></span> 
     </span>
     <span class='ocr_line' id='line_1_78' title="bbox 92 4625 1648 4708; baseline 0.005 -12"><span class='ocrx_word' id='word_1_524' title='bbox 92 4633 145 4697; x_wconf 87' lang='lat' dir='ltr'><strong>sic</strong></span> <span class='ocrx_word' id='word_1_525' title='bbox 163 4631 328 4708; x_wconf 89' lang='lat' dir='ltr'><strong>allegans,</strong></span> <span class='ocrx_word' id='word_1_526' title='bbox 349 4629 602 4708; x_wconf 85' lang='lat' dir='ltr'><strong>plasmationem</strong></span> <span class='ocrx_word' id='word_1_527' title='bbox 619 4639 713 4689; x_wconf 89' lang='lat' dir='ltr'><strong>suam</strong></span> <span class='ocrx_word' id='word_1_528' title='bbox 728 4627 813 4705; x_wconf 90' lang='lat' dir='ltr'><strong>petit</strong></span> <span class='ocrx_word' id='word_1_529' title='bbox 827 4625 892 4688; x_wconf 89' lang='lat' dir='ltr'><strong>sibi</strong></span> <span class='ocrx_word' id='word_1_530' title='bbox 946 4627 1139 4706; x_wconf 85' lang='lat' dir='ltr'><strong>centiaeper</strong></span> <span class='ocrx_word' id='word_1_531' title='bbox 1148 4630 1396 4708; x_wconf 87' lang='lat' dir='ltr'><strong>improbitatem</strong></span> <span class='ocrx_word' id='word_1_532' title='bbox 1408 4640 1648 4704; x_wconf 87' lang='lat' dir='ltr'><strong>sensualitatis.</strong></span> 
     </span>
    </p>

    <p class='ocr_par' dir='ltr' id='par_1_16' title="bbox 90 4726 1744 5396">
     <span class='ocr_line' id='line_1_79' title="bbox 90 4726 893 4806; baseline -0.011 -11"><span class='ocrx_word' id='word_1_533' title='bbox 90 4732 170 4795; x_wconf 89' lang='lat' dir='ltr'><strong>dari</strong></span> <span class='ocrx_word' id='word_1_534' title='bbox 186 4727 385 4806; x_wconf 84' lang='lat' dir='ltr'><strong>intelligere,</strong></span> <span class='ocrx_word' id='word_1_535' title='bbox 408 4730 445 4790; x_wconf 92' lang='lat' dir='ltr'><strong>ut</strong></span> <span class='ocrx_word' id='word_1_536' title='bbox 462 4727 592 4789; x_wconf 86' lang='lat' dir='ltr'><strong>scilicet</strong></span> <span class='ocrx_word' id='word_1_537' title='bbox 609 4727 744 4804; x_wconf 90' lang='lat' dir='ltr'><strong>propter</strong></span> <span class='ocrx_word' id='word_1_538' title='bbox 758 4726 893 4803; x_wconf 86' lang='lat' dir='ltr'><strong>sapien-</strong></span> 
     </span>
     <span class='ocr_line' id='line_1_80' title="bbox 91 4822 1740 4911; baseline 0.002 -17"><span class='ocrx_word' id='word_1_539' title='bbox 91 4831 178 4894; x_wconf 89' lang='lat' dir='ltr'><strong>tiam</strong></span> <span class='ocrx_word' id='word_1_540' title='bbox 205 4827 332 4904; x_wconf 89' lang='lat' dir='ltr'><strong>diligat‚</strong></span> <span class='ocrx_word' id='word_1_541' title='bbox 367 4827 502 4905; x_wconf 90' lang='lat' dir='ltr'><strong>propter</strong></span> <span class='ocrx_word' id='word_1_542' title='bbox 533 4824 716 4903; x_wconf 88' lang='lat' dir='ltr'><strong>potentiam</strong></span> <span class='ocrx_word' id='word_1_543' title='bbox 741 4824 891 4886; x_wconf 89' lang='lat' dir='ltr'><strong>timeat:</strong></span> <span class='ocrx_word' id='word_1_544' title='bbox 946 4822 1156 4889; x_wconf 74' lang='lat' dir='ltr'><strong>virtuteslit</strong></span> <span class='ocrx_word' id='word_1_545' title='bbox 1170 4825 1234 4888; x_wconf 89' lang='lat' dir='ltr'><strong>boc</strong></span> <span class='ocrx_word' id='word_1_546' title='bbox 1244 4830 1305 4901; x_wconf 92' lang='lat' dir='ltr'><strong>est,</strong></span> <span class='ocrx_word' id='word_1_547' title='bbox 1320 4831 1406 4907; x_wconf 94' lang='lat' dir='ltr'><strong>quod</strong></span> <span class='ocrx_word' id='word_1_548' title='bbox 1416 4832 1499 4895; x_wconf 90' lang='lat' dir='ltr'><strong>dicit</strong></span> <span class='ocrx_word' id='word_1_549' title='bbox 1509 4835 1686 4911; x_wconf 80' lang='lat' dir='ltr'><strong>Apostolus</strong></span> <span class='ocrx_word' id='word_1_550' title='bbox 1696 4837 1740 4898; x_wconf 89' lang='lat' dir='ltr'><strong>ad</strong></span> 
     </span>
     <span class='ocr_line' id='line_1_81' title="bbox 92 4919 1738 5010; baseline 0.002 -21"><span class='ocrx_word' id='word_1_551' title='bbox 92 4927 194 4989; x_wconf 88' lang='lat' dir='ltr'><strong>nobis</strong></span> <span class='ocrx_word' id='word_1_552' title='bbox 208 4926 396 4997; x_wconf 90' lang='lat' dir='ltr'><strong>insinuans,</strong></span> <span class='ocrx_word' id='word_1_553' title='bbox 418 4923 547 4987; x_wconf 89' lang='lat' dir='ltr'><strong>scilicet</strong></span> <span class='ocrx_word' id='word_1_554' title='bbox 560 4937 621 4984; x_wconf 91' lang='lat' dir='ltr'><strong>nos</strong></span> <span class='ocrx_word' id='word_1_555' title='bbox 637 4923 818 4999; x_wconf 86' lang='lat' dir='ltr'><strong>plasmatos</strong></span> <span class='ocrx_word' id='word_1_556' title='bbox 839 4920 893 4982; x_wconf 90' lang='lat' dir='ltr'><strong>his</strong></span> <span class='ocrx_word' id='word_1_557' title='bbox 946 4919 1108 4998; x_wconf 83' lang='lat' dir='ltr'><strong>Ephesios</strong></span> <span class='ocrx_word' id='word_1_558' title='bbox 1118 4920 1162 5002; x_wconf 84' lang='grc'><strong>(4,</strong></span> <span class='ocrx_word' id='word_1_559' title='bbox 1172 4923 1226 5003; x_wconf 81' lang='grc'><strong>24)</strong></span> <span class='ocrx_word' id='word_1_560' title='bbox 1242 4929 1400 4991; x_wconf 79' lang='lat' dir='ltr'><strong>:induite</strong></span> <span class='ocrx_word' id='word_1_561' title='bbox 1412 4945 1541 4991; x_wconf 82' lang='lat' dir='ltr'><strong>novum</strong></span> <span class='ocrx_word' id='word_1_562' title='bbox 1552 4935 1738 5010; x_wconf 80' lang='lat' dir='ltr'><strong>bominem,</strong></span> 
     </span>
     <span class='ocr_line' id='line_1_82' title="bbox 93 5017 1740 5103; baseline 0.002 -16"><span class='ocrx_word' id='word_1_563' title='bbox 93 5023 252 5087; x_wconf 88' lang='lat' dir='ltr'><strong>manibus</strong></span> <span class='ocrx_word' id='word_1_564' title='bbox 293 5021 512 5094; x_wconf 88' lang='lat' dir='ltr'><strong>attendentes,</strong></span> <span class='ocrx_word' id='word_1_565' title='bbox 557 5018 764 5081; x_wconf 87' lang='lat' dir='ltr'><strong>intellectum</strong></span> <span class='ocrx_word' id='word_1_566' title='bbox 797 5017 894 5098; x_wconf 86' lang='lat' dir='ltr'><strong>nobis</strong></span> <span class='ocrx_word' id='word_1_567' title='bbox 947 5021 1208 5093; x_wconf 63' lang='lat' dir='ltr'><strong>quincuncem</strong></span> <span class='ocrx_word' id='word_1_568' title='bbox 1230 5028 1341 5085; x_wconf 81' lang='lat' dir='ltr'><strong>Deam</strong></span> <span class='ocrx_word' id='word_1_569' title='bbox 1355 5026 1495 5087; x_wconf 82' lang='lat' dir='ltr'><strong>creatus</strong></span> <span class='ocrx_word' id='word_1_570' title='bbox 1509 5029 1562 5088; x_wconf 85' lang='lat' dir='ltr'><strong>cst</strong></span> <span class='ocrx_word' id='word_1_571' title='bbox 1584 5029 1740 5103; x_wconf 76' lang='lat' dir='ltr'><strong>injusti-</strong></span> 
     </span>
     <span class='ocr_line' id='line_1_83' title="bbox 93 5116 1742 5199; baseline 0.004 -15"><span class='ocrx_word' id='word_1_572' title='bbox 93 5122 172 5185; x_wconf 91' lang='lat' dir='ltr'><strong>dari</strong></span> <span class='ocrx_word' id='word_1_573' title='bbox 190 5122 353 5199; x_wconf 90' lang='lat' dir='ltr'><strong>petamus,</strong></span> <span class='ocrx_word' id='word_1_574' title='bbox 370 5121 407 5182; x_wconf 92' lang='lat' dir='ltr'><strong>ut</strong></span> <span class='ocrx_word' id='word_1_575' title='bbox 426 5121 535 5197; x_wconf 89' lang='lat' dir='ltr'><strong>ipsum</strong></span> <span class='ocrx_word' id='word_1_576' title='bbox 556 5118 792 5196; x_wconf 90' lang='lat' dir='ltr'><strong>plasmatorem</strong></span> <span class='ocrx_word' id='word_1_577' title='bbox 813 5132 896 5179; x_wconf 89' lang='lat' dir='ltr'><strong>nos·</strong></span> <span class='ocrx_word' id='word_1_578' title='bbox 950 5116 1010 5190; x_wconf 82' lang='lat' dir='ltr'><strong>tta,</strong></span> <span class='ocrx_word' id='word_1_579' title='bbox 1026 5119 1061 5179; x_wconf 85' lang='lat' dir='ltr'><strong>ct</strong></span> <span class='ocrx_word' id='word_1_580' title='bbox 1072 5120 1257 5182; x_wconf 80' lang='lat' dir='ltr'><strong>sanctitate</strong></span> <span class='ocrx_word' id='word_1_581' title='bbox 1270 5123 1441 5184; x_wconf 75' lang='lat' dir='ltr'><strong>veritatis.</strong></span> <span class='ocrx_word' id='word_1_582' title='bbox 1460 5125 1506 5186; x_wconf 84' lang='lat' dir='ltr'><strong>De</strong></span> <span class='ocrx_word' id='word_1_583' title='bbox 1520 5124 1584 5187; x_wconf 88' lang='lat' dir='ltr'><strong>boo</strong></span> <span class='ocrx_word' id='word_1_584' title='bbox 1599 5125 1742 5191; x_wconf 91' lang='lat' dir='ltr'><strong>babetur</strong></span> 
     </span>
     <span class='ocr_line' id='line_1_84' title="bbox 90 5214 1743 5300; baseline 0.001 -17"><span class='ocrx_word' id='word_1_585' title='bbox 90 5224 185 5283; x_wconf 88' lang='lat' dir='ltr'><strong>trum</strong></span> <span class='ocrx_word' id='word_1_586' title='bbox 200 5219 336 5296; x_wconf 87' lang='lat' dir='ltr'><strong>propter</strong></span> <span class='ocrx_word' id='word_1_587' title='bbox 350 5220 422 5294; x_wconf 81' lang='lat' dir='ltr'><strong>ojus</strong></span> <span class='ocrx_word' id='word_1_588' title='bbox 437 5216 636 5294; x_wconf 86' lang='lat' dir='ltr'><strong>sapientiam</strong></span> <span class='ocrx_word' id='word_1_589' title='bbox 653 5214 846 5291; x_wconf 85' lang='lat' dir='ltr'><strong>diligamus,</strong></span> <span class='ocrx_word' id='word_1_590' title='bbox 862 5215 895 5276; x_wconf 91' lang='lat' dir='ltr'><strong>et</strong></span> <span class='ocrx_word' id='word_1_591' title='bbox 949 5214 985 5274; x_wconf 92' lang='lat' dir='ltr'><strong>in</strong></span> <span class='ocrx_word' id='word_1_592' title='bbox 1007 5215 1208 5278; x_wconf 84' lang='lat' dir='ltr'><strong>Ecclesiaste</strong></span> <span class='ocrx_word' id='word_1_593' title='bbox 1234 5220 1279 5295; x_wconf 92' lang='grc'><strong>(7,</strong></span> <span class='ocrx_word' id='word_1_594' title='bbox 1295 5217 1349 5297; x_wconf 75' lang='grc'><strong>26)</strong></span> <span class='ocrx_word' id='word_1_595' title='bbox 1369 5241 1377 5279; x_wconf 91' lang='lat'><strong>:</strong></span> <span class='ocrx_word' id='word_1_596' title='bbox 1397 5223 1473 5283; x_wconf 83' lang='lat' dir='ltr'><strong>Hoc</strong></span> <span class='ocrx_word' id='word_1_597' title='bbox 1499 5226 1629 5293; x_wconf 70' lang='lat' dir='ltr'><strong>tranent,</strong></span> <span class='ocrx_word' id='word_1_598' title='bbox 1653 5229 1743 5300; x_wconf 83' lang='lat' dir='ltr'><strong>quod</strong></span> 
     </span>
     <span class='ocr_line' id='line_1_85' title="bbox 92 5305 1744 5396; baseline 0.002 -16"><span class='ocrx_word' id='word_1_599' title='bbox 92 5319 233 5396; x_wconf 85' lang='lat' dir='ltr'><strong>propter</strong></span> <span class='ocrx_word' id='word_1_600' title='bbox 247 5316 430 5394; x_wconf 86' lang='lat' dir='ltr'><strong>potentiam</strong></span> <span class='ocrx_word' id='word_1_601' title='bbox 441 5314 632 5376; x_wconf 87' lang='lat' dir='ltr'><strong>timeamus.</strong></span> <span class='ocrx_word' id='word_1_602' title='bbox 813 5305 815 5312; x_wconf 85' lang='lat'>&#39;</span> <span class='ocrx_word' id='word_1_603' title='bbox 949 5313 1031 5386; x_wconf 74' lang='lat' dir='ltr'><strong>iecit</strong></span> <span class='ocrx_word' id='word_1_604' title='bbox 1046 5310 1093 5391; x_wconf 88' lang='lat'><strong>(3)</strong></span> <span class='ocrx_word' id='word_1_605' title='bbox 1109 5313 1202 5375; x_wconf 80' lang='lat' dir='ltr'><strong>Deus</strong></span> <span class='ocrx_word' id='word_1_606' title='bbox 1223 5318 1397 5378; x_wconf 80' lang='lat' dir='ltr'><strong>bominem</strong></span> <span class='ocrx_word' id='word_1_607' title='bbox 1410 5319 1555 5393; x_wconf 75' lang='lat' dir='ltr'><strong>sactum,</strong></span> <span class='ocrx_word' id='word_1_608' title='bbox 1585 5325 1659 5396; x_wconf 78' lang='lat' dir='ltr'><strong>ipsc</strong></span> <span class='ocrx_word' id='word_1_609' title='bbox 1677 5337 1744 5384; x_wconf 77' lang='lat' dir='ltr'><strong>att-</strong></span> 
     </span>
    </p>
   </div>
   <div class='ocr_carea' id='block_1_16' title="bbox 132 5516 770 5591">
    <p class='ocr_par' dir='ltr' id='par_1_17' title="bbox 132 5516 770 5591">
     <span class='ocr_line' id='line_1_86' title="bbox 132 5516 770 5591; baseline -0.006 -15"><span class='ocrx_word' id='word_1_610' title='bbox 132 5522 161 5591; x_wconf 85' lang='lat' dir='ltr'><strong>(l</strong></span> <span class='ocrx_word' id='word_1_611' title='bbox 198 5518 298 5576; x_wconf 87' lang='lat' dir='ltr'><strong>lioral.</strong></span> <span class='ocrx_word' id='word_1_612' title='bbox 313 5519 332 5575; x_wconf 90' lang='lat' dir='ltr'><strong>t.</strong></span> <span class='ocrx_word' id='word_1_613' title='bbox 349 5517 402 5575; x_wconf 79' lang='lat' dir='ltr'><strong>ist</strong></span> <span class='ocrx_word' id='word_1_614' title='bbox 416 5517 445 5574; x_wconf 90' lang='lat' dir='ltr'><strong>in</strong></span> <span class='ocrx_word' id='word_1_615' title='bbox 460 5531 486 5575; x_wconf 89' lang='lat' dir='ltr'><strong>c.</strong></span> <span class='ocrx_word' id='word_1_616' title='bbox 504 5519 537 5576; x_wconf 93' lang='grc'><strong>17</strong></span> <span class='ocrx_word' id='word_1_617' title='bbox 552 5517 614 5589; x_wconf 84' lang='lat' dir='ltr'><strong>tob,</strong></span> <span class='ocrx_word' id='word_1_618' title='bbox 629 5530 709 5575; x_wconf 88' lang='lat' dir='ltr'><strong>num.</strong></span> <span class='ocrx_word' id='word_1_619' title='bbox 725 5516 770 5573; x_wconf 87' lang='lat' dir='ltr'><strong>eo.</strong></span> 
     </span>
    </p>
   </div>
   <div class='ocr_carea' id='block_1_17' title="bbox 133 5524 1281 5663">
    <p class='ocr_par' dir='ltr' id='par_1_18' title="bbox 133 5524 1281 5663">
     <span class='ocr_line' id='line_1_87' title="bbox 133 5524 1281 5663; baseline -0.06 -11"><span class='ocrx_word' id='word_1_620' title='bbox 133 5597 163 5661; x_wconf 77' lang='lat' dir='ltr'><strong>ti</strong></span> <span class='ocrx_word' id='word_1_621' title='bbox 197 5592 240 5648; x_wconf 85' lang='lat' dir='ltr'><strong>Ex</strong></span> <span class='ocrx_word' id='word_1_622' title='bbox 253 5587 302 5646; x_wconf 85' lang='lat' dir='ltr'><strong>lib.</strong></span> <span class='ocrx_word' id='word_1_623' title='bbox 319 5591 381 5649; x_wconf 83' lang='lat' dir='ltr'><strong>xv,</strong></span> <span class='ocrx_word' id='word_1_624' title='bbox 398 5587 434 5646; x_wconf 73' lang='lat' dir='ltr'><strong>de</strong></span> <span class='ocrx_word' id='word_1_625' title='bbox 453 5589 528 5647; x_wconf 61' lang='grc' dir='ltr'><strong>Τηῃ,</strong></span> <span class='ocrx_word' id='word_1_626' title='bbox 549 5602 612 5663; x_wconf 41' lang='lat' dir='ltr'><strong>epp·</strong></span> <span class='ocrx_word' id='word_1_627' title='bbox 631 5590 685 5645; x_wconf 83' lang='lat' dir='ltr'><strong>let</strong></span> <span class='ocrx_word' id='word_1_628' title='bbox 698 5586 775 5651; x_wconf 83' lang='lat' dir='ltr'><strong>alibi.</strong></span> <span class='ocrx_word' id='word_1_629' title='bbox 989 5524 1031 5600; x_wconf 74' lang='lat'><strong>(3)</strong></span> <span class='ocrx_word' id='word_1_630' title='bbox 1047 5525 1131 5601; x_wconf 86' lang='lat' dir='ltr'><strong>Vutg.</strong></span> <span class='ocrx_word' id='word_1_631' title='bbox 1150 5547 1156 5586; x_wconf 95' lang='lat'><strong>:</strong></span> <span class='ocrx_word' id='word_1_632' title='bbox 1175 5529 1281 5586; x_wconf 82' lang='lat' dir='ltr'><strong>locent.</strong></span> 
     </span>
    </p>
   </div>
   <div class='ocr_carea' id='block_1_18' title="bbox 0 0 1989 6196">
    <p class='ocr_par' dir='ltr' id='par_1_19' title="bbox 0 0 1989 6196">
     <span class='ocr_line' id='line_1_88' title="bbox 0 0 1989 6196; baseline 0 0"><span class='ocrx_word' id='word_1_633' title='bbox 0 0 1989 6196; x_wconf 95' lang='lat' dir='ltr'><strong> </strong></span> 
     </span>
    </p>
   </div>
   <div class='ocr_carea' id='block_1_19' title="bbox 989 4726 1850 4803">
    <p class='ocr_par' dir='ltr' id='par_1_20' title="bbox 989 4726 1850 4803">
     <span class='ocr_line' id='line_1_89' title="bbox 989 4726 1850 4803; baseline 0.02 -17"><span class='ocrx_word' id='word_1_634' title='bbox 989 4726 1146 4803; x_wconf 86' lang='lat' dir='ltr'><strong>Sequitur</strong></span> <span class='ocrx_word' id='word_1_635' title='bbox 1159 4745 1167 4783; x_wconf 72' lang='grc' dir='ltr'><strong>ε</strong></span> <span class='ocrx_word' id='word_1_636' title='bbox 1181 4729 1247 4790; x_wconf 85' lang='lat' dir='ltr'><strong>‹nt</strong></span> <span class='ocrx_word' id='word_1_637' title='bbox 1259 4733 1441 4797; x_wconf 89' lang='lat' dir='ltr'><strong>secundum</strong></span> <span class='ocrx_word' id='word_1_638' title='bbox 1456 4752 1493 4798; x_wconf 92' lang='lat' dir='ltr'><strong>se</strong></span> <span class='ocrx_word' id='word_1_639' title='bbox 1511 4738 1648 4800; x_wconf 92' lang='lat' dir='ltr'><strong>vestivit</strong></span> <span class='ocrx_word' id='word_1_640' title='bbox 1662 4754 1738 4801; x_wconf 92' lang='lat' dir='ltr'><strong>eum</strong></span> <span class='ocrx_word' id='word_1_641' title='bbox 1842 4759 1850 4766; x_wconf 89' lang='lat'><strong>·</strong></span> 
     </span>
    </p>
   </div>
  </div>
 </body>
</html>
