3950 6200
101 353 151 416 olli
471 351 580 415 Palas
611 351 755 415 PRIMA.
771 380 812 397 ·-
832 351 1054 414 hxrosmo
1082 353 1127 414 ΙΝ
1159 351 1362 415 Psanmos.
1668 348 1730 414 698

100 513 136 576 al
148 510 305 590 Ephesios
320 510 366 590 (6,
382 509 434 592 16)
454 529 497 572 z«
517 513 555 573 ln
573 510 728 573 omnibus
749 511 880 573 scutum
934 527 1000 589 qna
1020 512 1109 574 idem
1124 510 1189 593 (20,
1201 511 1257 593 23)
1272 527 1314 574 :e
1331 507 1467 574 Emittat
1486 511 1523 571 in
1545 525 1621 572 eum
1642 507 1729 573 iram

101 610 167 673 idei
183 611 364 681 sumentes,
388 610 424 670 in
440 625 505 686 quo
524 610 660 686 possitis
679 609 791 672 omnia
812 609 879 671 tela
932 609 1058 670 turonis
1082 612 1146 684 sni,
1180 614 1214 672 et
1242 610 1335 687 pluat
1360 624 1460 686 snper
1482 609 1577 670 illum
1603 608 1728 670 bellum

98 706 282 785 nequissimi
296 707 396 782 ignea
411 707 618 782 extinguere.
634 722 653 767 a
673 706 711 767 ln
726 705 879 767 omnibns
933 722 1042 779 suum,
1052 722 1071 767 a
1081 707 1168 783 quod
1181 708 1248 772 erit
1255 707 1431 768 ininferno
1440 707 1530 768 inter
1538 705 1725 778 damnatos,

98 803 215 866 seilicet
237 803 365 881 praeliis
388 805 504 864 contra
529 803 642 866 hostes
667 804 801 865 nostros
820 819 881 864 su·
932 805 987 865 vel
1012 805 1204 866 damnatum
1230 806 1263 866 et
1284 804 1487 878 damnatum,
1509 804 1563 864 nel
1587 802 1729 864 damna-

98 902 212 963 mentes
233 899 586 977 soutnmfidei,qnod
611 901 786 977 protegit:
812 901 879 962 imo
932 901 1070 963 tionem.
1095 904 1142 964 De
1170 902 1234 963 hoc
1262 903 1355 963 scuto
1388 900 1550 962 babemus
1583 894 1729 961 meando

97 997 154 1060 tela
184 997 317 1059 inimici
342 997 443 1074 ignea
479 998 660 1074 extinguit3
697 997 785 1059 unde
818 1013 878 1059 se·
933 1001 1062 1075 Regum
1086 997 1131 1077 (1,
1148 997 1215 1077 21),
1236 998 1293 1060 nbi
1315 998 1396 1059 dicit
1419 997 1546 1060 David:
1566 997 1729 1058 amentes

98 1095 219 1174 quitur:
236 1093 383 1171 ‹In'qno
402 1094 538 1171 possitis
550 1095 619 1157 tela
635 1094 764 1156 inimici
779 1095 880 1170 ignea
933 1096 1066 1168 Gelboe,
1086 1111 1149 1157 nec
1164 1111 1232 1169 ros,
1251 1111 1313 1157 nec
1332 1094 1458 1172 pluvia,
1471 1093 1610 1156 veniant
1628 1109 1729 1170 snper

98 1192 294 1268 extinguere.
306 1209 325 1251 a
339 1193 419 1252 Cum
433 1191 515 1253 dicit
525 1195 628 1268 ignea
643 1192 721 1264 tela,
736 1191 881 1268 dnosig-
932 1209 1003 1266 noe,
1024 1208 1131 1270 neque
1146 1193 1213 1254 sint
1232 1193 1305 1269 agri
1320 1187 1566 1269 primitiarum:
1583 1183 1662 1268 guia
1681 1189 1730 1250 ibi

98 1290 218 1362 nentur,
253 1288 385 1351 scilicet
412 1288 513 1365 ignis,
542 1289 576 1350 et
595 1288 747 1376 telorum
776 1289 877 1350 acies.
932 1289 1140 1367 abjectusest
1149 1290 1287 1367 clypeus
1296 1288 1442 1359 tortium,
1455 1288 1590 1365 clypeus
1602 1287 1722 1348 saul.»
1793 1327 1797 1333 -

98 1386 353 1463 lgnisautemin
368 1387 462 1448 scuto
477 1384 555 1447 fidei
569 1384 786 1462 extinguitur,
799 1385 879 1462 quia
933 1387 1056 1450 Gelboe
1084 1387 1325 1463 interpretatur
1352 1387 1524 1458 decursus,
1552 1386 1587 1448 et
1618 1385 1728 1461 signi-

97 1484 169 1546 ides
187 1483 223 1544 in
244 1483 342 1560 aquis
365 1482 521 1560 baptismi
541 1483 700 1566 nutritur,
726 1482 782 1544 ubi
806 1483 880 1543 dia-
933 1483 1012 1545 fleat
1030 1484 1207 1545 decursum
1227 1483 1432 1545 divitiarum.
1454 1481 1534 1543 Saul
1556 1482 1727 1558 interpre-

96 1580 174 1654 bolo,
182 1581 215 1642 et
225 1579 379 1641 omnibns
387 1579 516 1657 pompis
524 1582 597 1656 ejus
606 1579 878 1653 abrenunciatur,
932 1580 1023 1642 tatur
1031 1581 1165 1658 petitus,
1179 1582 1212 1642 et
1226 1579 1394 1656 significat
1405 1579 1571 1640 Christum
1586 1578 1726 1656 petitum

97 1678 182 1741 etita
201 1676 291 1754 ignis
306 1676 525 1752 extinguitur.
545 1677 625 1737 Cum
645 1691 724 1753 orgo
744 1676 878 1738 entinc-
933 1676 1099 1739 desiderio
1113 1678 1315 1746 sanctorum,
1331 1679 1427 1754 quus
1445 1676 1581 1753 clypeus
1596 1675 1649 1758 est
1662 1674 1728 1750 cly-

96 1779 142 1839 lns
154 1773 263 1846 luerit,
281 1789 385 1851 quare
406 1774 596 1836 reviviscitl
611 1775 692 1838 Item
713 1775 748 1835 in
761 1774 879 1836 eodem
932 1790 1014 1852 peus
1034 1773 1180 1836 fortium.
1199 1777 1237 1835 In
1255 1790 1295 1835 eo
1314 1775 1403 1835 enim
1417 1772 1483 1835 viri
1504 1771 1611 1834 sancti
1630 1770 1729 1834 fonti-

95 1872 176 1934 tcuto
196 1870 289 1933 acies
301 1871 446 1933 telorum
464 1871 665 1942 retunditur,
682 1870 769 1948 quod
789 1870 880 1947 patet
932 1870 1082 1934 tudinem
1101 1886 1197 1932 suam
1216 1871 1432 1942 constituunt,
1449 1869 1526 1946 qnia
1534 1884 1602 1950 per
1613 1868 1726 1945 ipsum

95 1969 124 2030 in
139 1970 263 2045 Moyse,
279 1967 338 2030 ubi
353 1967 396 2029 ad
415 1965 575 2031 Hehraeos
588 1989 597 2028 :
611 1985 629 2028 c
644 1968 726 2030 Fide
747 1969 880 2045 Moyses
933 1970 1011 2033 sunt
1022 1967 1136 2031 fortes.
1148 1967 1411 2044 Clypeusantem
1422 1965 1502 2028 Saul
1512 1965 1548 2026 in
1558 1963 1727 2027 montibus

96 2065 219 2142 grandis
234 2065 344 2127 iactus
362 2065 499 2142 negavit
517 2080 554 2126 se
572 2079 648 2127 esse
668 2065 775 2126 tilium
799 2064 878 2126 tiliae
932 2065 1056 2128 Gelboe
1081 2065 1248 2143 abiicitur,
1269 2064 1349 2142 quia
1373 2062 1532 2126 tortitudo
1555 2061 1627 2135 Ilei,
1653 2077 1728 2140 guae

95 2162 282 2234 Pharaonis,
307 2162 416 2238 magis
440 2161 569 2238 eligens
589 2161 695 2238 affligi
718 2175 793 2224 eum
817 2177 880 2238 po-
930 2163 967 2223 in
982 2163 1107 2225 sanctie
1123 2164 1184 2234 est,
1199 2162 1234 2222 in
1248 2160 1452 2223 abundantia
1467 2157 1727 2221 dinitiarumde·

40 2329 41 2340 ρ
95 2259 164 2336 ριιΙο
182 2260 255 2331 bei,
270 2274 370 2338 quam
388 2259 583 2335 temporalis
604 2259 732 2337 peccati
754 2257 879 2320 hahere
931 2259 1093 2336 perditur,
1122 2260 1157 2321 et
1181 2259 1368 2336 abjicitur:
1395 2271 1463 2317 non
1489 2255 1578 2317 enim
1606 2254 1727 2317 divites

40 2349 41 2372 ¹
92 2355 338 2433 iucunditatem,
386 2357 533 2433 majores
577 2355 711 2419 divitias
759 2355 880 2417 existi-
932 2356 1296 2433 pugnarevoluntenm
1314 2353 1545 2417 Josuecontra
1554 2349 1729 2423 Hai,idest

97 2468 182 2514 mans
200 2451 249 2532 (1)
281 2452 442 2515 thesauro
474 2454 720 2532 AEgyptiorum,
752 2451 879 2530 impro-
931 2452 1172 2520 contusionem.
1205 2452 1346 2528 Clypeus
1374 2449 1426 2511 est
1462 2447 1661 2525 perforatus,
1693 2446 1728 2508 et

40 2541 41 2544 ’
96 2550 212 2626 perium
235 2550 386 2611 Christi:
402 2550 586 2628 aspiciebat
608 2551 698 2612 enim
721 2564 879 2611 remune-
930 2551 1109 2611 tuncineo
1123 2547 1432 2625 meliuspugnatur.
1446 2545 1600 2608 Servavit
1614 2546 1725 2606 autem

97 2645 323 2727 rationem(2).
336 2664 356 2707 s
370 2649 455 2709 Ecce
468 2647 732 2724 qualiterglonia
748 2646 878 2719 saeculi,
931 2646 1082 2707 Christus
1101 2645 1136 2706 in
1162 2645 1226 2706 isto
1249 2643 1366 2720 clypeo
1394 2642 1568 2704 cicatrices
1590 2640 1633 2701 ad
1656 2639 1728 2701 ter-

96 2745 279 2822 etpotentia
294 2744 497 2813 divitiarum,
519 2746 553 2806 et
571 2742 787 2815 abundantia,
803 2758 878 2820 qnae
930 2757 1041 2804 rorem
1062 2742 1200 2814 diaboli,
1226 2742 1262 2802 in
1283 2756 1349 2817 qno
1377 2739 1517 2801 multum
1538 2736 1727 2799 remonitus

96 2843 163 2903 sunt
174 2840 299 2904 diaboli
314 2840 381 2904 tola
396 2838 556 2918 usquead
576 2856 635 2903 eor
653 2839 800 2902 hominis
818 2855 880 2918 pe-
930 2842 1003 2917 ejus
1018 2838 1178 2917 potentia,
1199 2840 1232 2900 et
1249 2836 1444 2913 malignitas
1463 2835 1655 2912 dissipatur.

95 2938 262 3011 achantia,
290 2937 404 3001 retusa
435 2937 571 3000 fuemnt
601 2938 638 2999 in
673 2936 766 2999 scuto
799 2936 877 2998 fidel
968 2938 1172 3001 Esttertinm
1185 2935 1315 2996 scutum
1325 2934 1421 2996 honae
1433 2933 1626 3003 voluntatis,
1638 2929 1726 3008 quod

98 3036 207 3119 Περεῖ.
930 3026 1724 3107 scutumestetcorona;undelicclesiastici(6):

128 3134 323 3196 Humanitas
346 3134 446 3196 etiam
466 3132 589 3195 Christi
608 3136 659 3196 est
677 3133 774 3195 nobis
798 3148 879 3194 sou·
930 3133 1132 3194 ‹Protector
1140 3131 1308 3207 potentiae,
1321 3129 1564 3189 firmamentum
1576 3123 1722 3195 virtutis,
1809 3122 1813 3137 “

96 3230 173 3306 tnm3
184 3231 272 3292 undo
283 3231 389 3293 lsalas
399 3229 442 3309 (4,
453 3230 488 3310 6)
501 3231 616 3293 tabuit
624 3230 876 3293 tabernaculum
928 3230 1075 3305 tegimen
1085 3226 1228 3295 ardoris,
1242 3228 1277 3289 et
1287 3226 1518 3287 umbraculum
1532 3219 1723 3291 meridiani,

96 3324 361 3390 inumbracnlnm
380 3327 447 3388 diei
461 3328 504 3388 ab
524 3329 619 3399 aestu,
637 3329 669 3390 et
693 3327 727 3388 in
747 3329 878 3408 securi-
929 3325 1121 3403 deprecatio
1135 3323 1343 3395 offensionis,
1354 3324 1386 3384 et
1399 3320 1602 3397 adjutorium
1614 3331 1723 3388 casus,

93 3422 240 3497 tetemet
253 3425 509 3486 absconsionem
524 3424 701 3499 aturbine
717 3426 751 3486 at
764 3441 784 3486 a
799 3425 876 3501 plu·
930 3423 1084 3485 exaltans
1107 3421 1265 3489 animam,
1289 3422 1324 3482 et
1344 3419 1540 3481 illuminans
1563 3415 1689 3477 oculos.
1705 3428 1726 3473 a

93 3520 192 3582 nia.»
220 3524 293 3584 Hoc
320 3524 582 3585 incameratam
607 3524 659 3584 est
685 3520 876 3587 humanitas
930 3521 1114 3597 Ecoeqnod
1130 3519 1259 3580 scutum
1274 3519 1335 3579 est.
1351 3515 1508 3592 Sequitur
1522 3514 1722 3574 decorona:

95 3617 216 3693 censo,
239 3620 275 3680 in
298 3634 365 3697 qna
387 3620 566 3681 christiani
588 3618 737 3683 militant
758 3621 875 3681 contra
930 3623 1017 3681 suus
1030 3616 1230 3687 acuitatem,
1251 3616 1371 3687 oham,
1392 3614 1427 3675 ct
1444 3608 1723 3673 mediatorem.

95 3713 261 3788 habolam,
280 3717 340 3795 qni
357 3718 409 3778 est
425 3719 464 3778 to
481 3717 736 3779 ambasciatam.
752 3718 876 3779 Contra
908 3726 909 3775 ξ
929 3715 977 3777 hd
989 3714 1120 3775 scutum
1133 3713 1277 3789 pertinet
1287 3710 1373 3788 quod
1383 3708 1525 3771 dieitur:
1540 3706 1726 3768 Protector

96 3815 199 3874 astum
208 3814 404 3891 temporalis
414 3812 584 3875 solicitatis
600 3832 607 3874 ε
624 3815 694 3875 Hoc
708 3814 875 3890 signatum
908 3888 909 3891 Ἴ
926 3812 1109 3888 polenum
1123 3809 1211 3870 unde
1226 3812 1310 3869 Osee
1325 3805 1389 3886 (13,
1404 3805 1439 3885 9)
1454 3827 1462 3865 z
1478 3803 1638 3867 Perditto
1651 3803 1723 3870 too.

96 3909 192 3970 estin
210 3925 328 3987 puero,
354 3924 456 3988 super
479 3913 575 3988 cujus
598 3912 701 3987 capnt
722 3911 877 3975 aestuavit
929 3913 1043 3971 Israel
1067 3924 1080 3967 .·
1109 3907 1345 3968 tanetummocto
1377 3919 1425 3967 ecc
1453 3917 1511 3964 me
1551 3898 1725 3965 asomum

96 4004 148 4077 sol,
162 4008 194 4071 et
209 4007 372 4069 clamauit
390 4029 398 4067 ε
414 4024 433 4067 ε
447 4007 557 4083 Caput
579 4022 689 4069 meum
711 4006 819 4076 doleo,
844 4009 879 4070 et
908 4064 909 4067 ,
931 4007 1040 4068 tuum.
1056 4005 1337 4066 Fimnemeatum
1348 4002 1508 4073 strictim
1523 3999 1610 4060 unde
1624 3999 1728 4074 Apos-

95 4101 398 4183 montuusestt3).s
412 4105 543 4166 iilisens
559 4107 669 4167 autom
682 4105 878 4167 nnmrvatns
929 4103 1019 4165 tolus
1042 4103 1151 4179 prima
1173 4101 1216 4162 ad
1240 4099 1430 4161 Corinthios
1451 4096 1515 4176 (10,
1538 4093 1613 4173 13):
1634 4094 1726 4155 ‹Fi-

95 4214 184 4277 snper
195 4217 283 4274 eum,
300 4201 477 4263 suscitavit
490 4216 577 4275 eum,
593 4204 630 4263 et
645 4201 783 4264 sanitati
802 4214 877 4263 res-
908 4260 909 4269 ,
930 4200 1015 4291 dolis
1030 4201 1129 4270 Dens,
1146 4199 1204 4275 qui
1219 4212 1286 4258 non
1300 4197 1446 4273 patietur
1460 4209 1521 4255 nos
1534 4191 1658 4254 tentari
1672 4205 1727 4250 su·

94 4294 183 4360 tituil.
198 4300 397 4359 incurratur
417 4298 559 4370 Eliseus,
583 4298 717 4374 quanm
738 4298 797 4359 bei
819 4297 879 4358 Εἰ·-
929 4311 991 4375 pra
1005 4295 1141 4374 liquod
1161 4294 1309 4371 potestis,
1326 4292 1384 4353 sed
1405 4291 1506 4352 saciet
1526 4304 1600 4350 cum
1614 4289 1725 4351 lenm-

95 4389 190 4456 linsa
212 4394 391 4456 diuinitate
410 4394 454 4455 ad
478 4389 719 4455 humanitatem
740 4408 776 4459 se
799 4409 879 4456 eon·
908 4414 909 4429 ³
929 4395 1021 4456 tione
1045 4393 1253 4470 proventum,
1283 4393 1321 4451 ut
1350 4387 1484 4465 possitis
1510 4385 1727 4447 sustinere.»

91 4490 201 4563 junxit
222 4491 311 4568 qnod
330 4491 434 4553 alicui
453 4491 691 4563 consideranti,
712 4492 878 4568 prosperi·
932 4494 1093 4568 reponent
1106 4492 1247 4551 ardoris
1258 4488 1375 4549 eonha
1389 4484 1630 4547 tentationem:
1650 4482 1726 4544 Um·

95 4586 163 4649 tatis
185 4588 331 4651 actubus
353 4588 526 4662 astuanti,
549 4591 583 4651 et
603 4589 735 4650 mortno
758 4589 876 4665 gratias
930 4590 1108 4650 oracutum
1117 4588 1305 4648 mendicet
1315 4585 1431 4645 contra
1440 4581 1723 4659 persecutionem:

97 4681 388 4758 minacissimae
399 4686 635 4748 securitatem:
653 4687 770 4762 quiesi
782 4702 802 4746 ε
814 4688 875 4748 Do
929 4685 1135 4760 Deprecatio
1152 4683 1362 4759 apremonte,
1384 4678 1577 4758 propitiatio
1597 4677 1729 4739 scilicet

96 4781 193 4844 minus
206 4782 290 4847 mihi
305 4782 449 4861 adjutor,
462 4782 760 4860 nontimebe,quid
774 4782 878 4845 iaciat
929 4797 990 4858 pro
1016 4780 1161 4859 peccatis
1186 4780 1344 4841 nostris:
1372 4776 1594 4852 Acliutootum
1621 4788 1725 4837 casus

96 4877 167 4939 mibi
184 4881 318 4942 homo»
338 4877 400 4959 (4).
427 4881 463 4940 ln
488 4878 757 4955 absconsionem
787 4880 876 4942 unde
925 4880 1024 4957 juxta
1039 4879 1141 4939 illud:
1160 4880 1224 4946 out
1235 4878 1371 4939 comtos
1383 4873 1620 4949 monoperae
1633 4885 1726 4933 mor·

95 4978 237 5053 protegar
256 4977 294 5039 in
311 4977 500 5039 velamento
519 4976 648 5039 alarum
667 4978 799 5039 tuarum
814 4975 873 5057 (5).
929 4978 975 5038 tis
990 4975 1039 5055 (7)
1052 4996 1060 5036 2
1075 4977 1248 5039 Baeticus
1261 4977 1417 5035 animem
1433 4972 1474 5032 ad
1487 4969 1724 5047 perlectionem

95 5072 252 5136 hinchine
263 5073 396 5151 judicii,
416 5073 459 5136 de
478 5089 543 5150 quo
563 5074 625 5137 Job
641 5071 688 5153 (9,
702 5072 754 5152 17)
774 5096 783 5134 ε
803 5091 822 5135 ‹
837 5077 874 5136 In
928 5073 1062 5136 virtutis
1077 5094 1084 5133 ε
1102 5075 1306 5135 illuminaus
1320 5075 1444 5142 oculos,
1460 5064 1648 5144 praestando
1663 5064 1722 5125 ln·

94 5167 213 5232 turbine
227 5171 319 5234 enim
338 5170 489 5233 conteret
502 5187 565 5244 me,
587 5171 620 5233 et
640 5171 876 5250 multiplicabit
929 5187 1004 5233 men
1023 5168 1325 5247 contemplationis.
1347 5165 1439 5238 Quod
1460 5164 1622 5240 sequitur,
1639 5177 1722 5238 per·

95 5265 220 5331 vulnera
237 5284 314 5331 mea
332 5268 406 5330 sine
426 5283 540 5330 causa
554 5268 736 5347 ›hplunia
747 5269 818 5344 illa,
833 5269 874 5331 de
927 5268 1012 5331 tinet
1025 5270 1067 5331 ad
1082 5282 1264 5329 coronam:
1284 5269 1380 5327 Dulce
1399 5260 1587 5324 sancitatem
1605 5258 1723 5320 incor-

127 5442 165 5511 (l)
181 5445 260 5516 γεῖς.
274 5459 284 5502 .·
299 5445 457 5502 estimans.
976 5443 1005 5514 b)
1027 5442 1100 5500 Psal.
1117 5440 1162 5508 ot),
1175 5441 1202 5500 b.

141 5583 165 5651 a
181 5587 218 5645 nv
232 5588 316 5658 neg„
334 5586 361 5652 t,
375 5587 410 5644 ns
424 5585 460 5644 so
473 5586 517 5644 en.

142 5652 165 5723 n>
183 5657 253 5714 nen.
269 5658 331 5726 nnn,
347 5656 373 5713 s.

977 5588 993 5643 7
1026 5583 1099 5642 Pssl.
1116 5583 1144 5651 9,
1160 5582 1202 5638 lt.

128 5513 164 5581 tt)
178 5515 272 5585 llehr„
289 5517 334 5585 ll,
350 5516 385 5573 ti
400 5515 436 5573 ad
450 5515 495 5572 26.
963 5447 994 5655 {o
1026 5513 1125 5579 Bauli,
1142 5512 1187 5579 sl,
1204 5510 1237 5568 19
1251 5517 1280 5567 et
1293 5509 1338 5567 20.
