3950 6200
115 282 164 345 tlt

115 438 214 497 tenoris
234 443 261 494 et
278 434 349 492 lucri
367 433 557 491 occasionem.
574 434 716 490 Preterea
731 431 834 490 divites
843 447 880 489 ex

115 534 180 602 purte
192 525 238 583 bei
256 522 346 593 docet,
362 538 397 580 ne
412 522 580 594 despiciant,
596 536 691 594 neque
713 522 794 579 bocci
809 536 878 594 peu·

113 616 168 672 daut
188 627 306 687 egenos3
329 626 447 684 quorum
462 609 676 679 verecundiam,
689 612 714 666 si
730 624 817 683 quam
831 624 880 667 eo·

112 718 160 761 ram
170 703 300 774 locuplete
312 702 388 774 passi
399 708 475 768 sunt,
492 700 521 757 iu
537 698 678 757 inlereute
688 699 776 772 judex
790 682 892 757 ulcis*

111 801 175 850 cetur
186 806 307 858 sereres,
314 798 344 847 et
355 791 383 847 iu
395 787 568 862 patientibus
577 796 658 861 pater
670 788 816 862 absterget
830 788 880 844 mi·

110 882 219 939 scrioors.
243 878 382 951 Quidquid
402 885 466 951 post
483 893 515 935 se
529 876 662 935 homines
672 878 701 934 iu
716 884 790 935 terra
799 877 881 935 reliu-

110 977 190 1042 quum,
208 968 383 1036 emarcescit,
400 968 504 1036 solum,
519 980 605 1039 mam
620 966 650 1024 iu
666 967 724 1023 vita
739 964 879 1035 lecerunt,

109 1060 266 1130 doemosyna
281 1071 394 1130 semper
407 1056 534 1113 virescit.
551 1056 642 1125 Quam
658 1055 687 1111 iu
704 1054 812 1112 mundo
831 1055 879 1112 tri·

108 1148 187 1215 bunut
205 1146 232 1202 iu
243 1145 324 1203 coelis
336 1144 504 1215 iureniuut3
517 1142 687 1217 impendunt
701 1144 878 1217 temporalia,

109 1236 224 1307 recipiunt
245 1240 362 1292 aeterna.
377 1234 430 1303 Qui
457 1240 553 1291 autem
576 1232 776 1306 eleemosynas
797 1233 878 1305 petit,

108 1324 210 1396 equales
228 1324 288 1380 Deo
306 1322 398 1380 solvat
415 1322 534 1395 gratias,
550 1320 666 1393 quaudo
679 1321 707 1378 ai
721 1322 882 1379 misericor·

108 1413 162 1470 diter
183 1410 317 1478 tribuitur,
349 1418 378 1469 et
396 1409 511 1482 quaudo
532 1409 684 1467 crudeliter
698 1408 877 1483 denegatur:

107 1499 198 1574 quando
206 1499 344 1569 tribuitur,
358 1500 407 1572 qui
421 1514 437 1556 a
452 1501 512 1557 lieo
533 1499 663 1567 mittitur,
679 1504 712 1556 ut
722 1498 879 1558 nuditatem

107 1590 211 1661 eorpuis
233 1594 380 1662 contegat,
407 1595 436 1645 et
462 1588 588 1644 esuriem
621 1587 731 1644 ventris
748 1586 878 1644 reliciat:

107 1676 200 1749 maudo
218 1683 350 1749 nemum,
371 1676 438 1749 quia
456 1675 571 1733 occano
594 1674 712 1733 olintur
737 1674 832 1733 meriti
849 1681 881 1733 et

107 1765 234 1837 plenae.
733 1786 736 1793 ⁴

321 1880 444 1939 SERMO
463 1878 642 1949 QUARTUS.

293 1996 337 2053 Dc
355 2010 453 2052 amore
472 1995 665 2052 inimicorum.

131 2109 217 2169 ludite
226 2110 427 2184 legationem,
439 2112 563 2179 Fratres,
571 2123 658 2181 quam
669 2108 879 2182 perminimum

106 2200 277 2257 servunculum
297 2213 385 2256 suum
400 2212 418 2255 e
431 2198 513 2255 coelis
531 2198 617 2255 mittit
634 2197 807 2255 ditissimus.
828 2197 876 2253 Di·

107 2286 167 2360 ligite
179 2302 285 2356 omnes,
300 2295 329 2345 et
343 2287 490 2360 proximos
503 2294 625 2356 vestros,
639 2292 668 2343 et
681 2300 761 2343 cosa
777 2283 879 2356 quibus

107 2376 226 2433 omnum
249 2375 360 2449 aliquid
384 2374 539 2447 patimini:
565 2374 607 2431 illi
627 2374 705 2431 euim
735 2369 878 2429 manifesti

107 2463 252 2533 mutamici,
268 2463 317 2520 isti
337 2477 409 2519 vero
428 2462 590 2519 nullatenus
609 2459 727 2518 inimici.
750 2459 804 2529 Qui
827 2473 879 2517 ros

107 2560 190 2620 amant,
203 2552 248 2624 qui
262 2550 348 2609 uobis
359 2551 499 2620 serviunt,
515 2551 564 2622 qui
578 2550 684 2608 rictum
705 2548 834 2622 praebent
851 2553 879 2605 et

107 2640 224 2710 retium,
239 2648 338 2698 restro
349 2638 535 2697 benefaciunt
550 2640 684 2711 corpori:
700 2636 752 2696 sed
767 2638 814 2711 qui
826 2651 879 2694 vos

107 2738 242 2800 emturum,
265 2731 315 2802 qui
337 2728 421 2786 vobis
443 2728 612 2796 irascuntur,
631 2727 680 2800 qui
696 2742 749 2785 vos
768 2725 880 2800 injuriis

108 2815 215 2887 afficiunt,
231 2818 310 2892 plura
325 2817 451 2876 afferunt
464 2815 615 2875 commoda
634 2816 755 2889 spiritui.
773 2816 878 2873 Omnes

108 2918 158 2978 ergo
175 2907 253 2963 amici
275 2914 355 2975 sunt,
376 2912 406 2963 et
429 2907 522 2963 nullus
543 2903 690 2963 vocandus
712 2910 755 2961 est
779 2903 875 2960 inimi·

108 2993 191 3065 oali),
205 3010 305 3053 omnes
319 2992 515 3063 benelamuut,
540 2993 633 3051 nullus
653 2991 773 3065 injurius
787 2993 878 3050 laces·

108 3080 141 3138 stt
153 3083 247 3142 Preter
259 3084 456 3157 vosmetipsos
471 3083 580 3141 nubum
591 3080 704 3140 habetis
719 3080 877 3140 inimicum.

109 3170 131 3227 Si
148 3186 208 3247 ergo
225 3172 320 3232 odisse
342 3173 431 3230 rantis
447 3172 587 3241 inimicos,
608 3186 624 3227 a
645 3185 765 3243 corpore
783 3178 879 3228 restro

106 3262 242 3320 anomali
263 3262 384 3336 incipite
409 3261 545 3333 appetitu.
572 3260 601 3318 Si
624 3257 660 3316 de
685 3259 801 3316 inimico
813 3259 875 3315 viu·

59 3339 60 3342 ’
107 3346 174 3405 dicari
186 3353 295 3424 cupitis,
312 3365 421 3424 corpus
437 3349 591 3422 flagellate,
611 3354 640 3405 et
653 3354 800 3420 tamquam
815 3362 876 3404 ser·

106 3448 157 3493 mm
173 3438 297 3513 subiicite
326 3439 450 3513 spiritui.
466 3437 520 3506 Qut
543 3451 595 3495 vos
619 3441 736 3505 creavit,
756 3437 832 3493 Deus
851 3441 879 3492 et

107 3526 197 3594 curos
213 3527 345 3597 redemit,
375 3526 515 3595 Christus,
539 3524 687 3583 vobiscum
721 3525 768 3591 sit,
792 3531 820 3582 et
843 3524 878 3582 ab

107 3615 212 3674 omuibus
224 3623 357 3675 teneatur
372 3614 511 3673 adversis.

323 3785 448 3844 senno
466 3783 633 3853 QUINTUS.

294 3903 339 3958 De
353 3901 483 3972 perfetta
500 3898 664 3957 obedientia.

132 4020 255 4081 mature
282 4024 336 4082 Dei
351 4038 452 4080 sumus
474 4036 585 4091 omnes,
606 4019 707 4078 iratres
724 4021 792 4090 mei,
807 4034 879 4093 quos

109 4121 151 4177 pre
160 4114 261 4181 ceteris,
274 4112 376 4170 multis
388 4110 472 4168 bonis
488 4110 651 4168 altissimus
670 4108 879 4182 benignissime

108 4193 192 4256 diarit.
206 4201 234 4258 Si
247 4202 358 4259 illinon
373 4198 575 4271 obsequamur,
590 4212 643 4256 uec
653 4196 729 4271 quod
739 4196 819 4272 jubet
828 4197 880 4254 im·

107 4283 194 4353 llemus
213 4290 296 4361 (siem
314 4290 346 4346 iu
370 4288 517 4361 Baptismo
537 4286 733 4360 promisimus)
755 4284 876 4342 haeredi·

108 4377 250 4448 ntegloriae
268 4393 324 4436 nos
346 4377 489 4452 spoliabit,
510 4383 539 4433 et
561 4376 721 4449 precipites
746 4373 825 4432 dabit
848 4373 877 4431 io

518 324 521 333 ,
560 272 786 335 ΑΡΡΕΝΒΙΧ.
806 303 848 319 -
865 273 1087 337 OPUSCULA
1112 274 1250 337 DUBIA.

1586 278 1730 409 tm

933 430 1049 505 quanm
1062 433 1124 507 ejus
1139 434 1343 507 participamus
1360 431 1451 506 bouo;
1466 442 1495 493 et
1506 434 1558 495 Dei
1573 434 1624 494 dlii
1640 437 1732 494 uomi-

934 532 1047 591 namur,
1063 521 1178 595 qnando
1204 523 1231 580 ei
1253 523 1447 582 assimilamur
1467 525 1496 581 iu
1516 527 1731 598 operationel)

934 624 1021 683 mam
1042 610 1200 683 gloriosum
1222 618 1284 681 est,
1312 619 1422 685 patrem
1445 612 1554 672 babere
1579 614 1609 670 in
1632 614 1728 673 cmlisl

934 713 1021 771 quam
1043 699 1192 772 pulchrum
1211 707 1240 756 et
1261 715 1359 771 suave,
1376 702 1426 758 tali
1447 700 1594 760 adherere
1606 704 1728 774 sponsal

934 801 1022 858 quam
1041 787 1207 860 opulentum
1232 796 1261 846 et
1274 790 1437 862 egregium,
1461 788 1577 848 fratrem
1601 798 1730 851 uestrum

935 874 1079 933 heredem
1102 875 1209 943 habere
1224 877 1316 950 Regni
1337 878 1489 935 coeloruml
1513 880 1596 936 Hunc
1623 881 1730 938 Paulus

934 965 1168 1038 primogenitum,
1195 966 1322 1023 Ioannes
1347 967 1460 1023 vocavit
1480 967 1662 1040 unigenitum
1672 968 1725 1041 (3).

934 1053 1163 1126 Primogeuitum
1182 1054 1376 1128 appellaverat
1399 1055 1446 1111 ille
1467 1056 1497 1112 iu
1512 1064 1627 1126 natura,
1641 1072 1728 1130 quam

934 1155 970 1198 ex
991 1143 1097 1199 nostris
1120 1141 1241 1215 accepit,
1264 1144 1444 1216 unigenitum
1468 1144 1522 1202 iste
1545 1145 1574 1202 in
1602 1147 1731 1215 Deitate,

934 1245 1021 1303 quam
1031 1246 1068 1288 ex
1079 1233 1162 1290 Patre
1172 1234 1312 1304 equalem
1327 1248 1363 1289 ex
1376 1235 1535 1291 aeternitate
1548 1236 1664 1308 recepit.

969 1321 1045 1379 Dixit
1065 1321 1205 1378 Dominus
1225 1321 1255 1377 iu
1276 1321 1435 1395 Evangelio
1448 1323 1529 1380 :Nisi
1543 1324 1608 1395 quis
1621 1338 1728 1383 rennn-

934 1409 1047 1467 tiarerit
1070 1408 1203 1466 omnibus
1226 1424 1290 1482 que
1308 1408 1446 1482 possidet,
1467 1425 1525 1468 nou
1538 1418 1630 1485 potest
1648 1427 1730 1471 meus

934 1511 999 1555 esse
1022 1496 1179 1570 discipulus
1190 1498 1243 1572 (i),
1254 1504 1301 1555 et:
1315 1499 1369 1568 Qui
1378 1499 1497 1557 voluerit
1508 1502 1634 1559 animam
1646 1515 1729 1559 suam

933 1587 1044 1643 salvam
1070 1586 1175 1657 lacere,
1189 1586 1289 1659 perdet
1302 1602 1367 1646 eam
1383 1586 1436 1659 (5).
1453 1588 1539 1658 Quasi
1553 1587 1638 1659 diem,
1654 1590 1730 1662 quod

934 1675 981 1732 ille
995 1676 1091 1733 omnia
1106 1677 1250 1748 relinquit,
1274 1676 1323 1748 qni
1338 1678 1460 1751 propriae
1478 1678 1623 1737 renuntiat
1634 1679 1733 1737 volun·

933 1764 995 1834 tati,
1010 1771 1039 1822 et
1056 1765 1104 1822 ille
1124 1764 1251 1823 animam
1262 1779 1343 1823 suam
1358 1765 1504 1839 perdendo
1516 1768 1619 1837 salvat,
1633 1769 1682 1841 qui
1701 1768 1731 1826 il·

933 1852 989 1909 lius
1012 1866 1079 1910 asc
1097 1852 1210 1912 abdicat
1227 1852 1395 1924 dominium,
1423 1862 1452 1913 et
1472 1863 1563 1913 totum
1577 1855 1653 1929 quod
1674 1864 1730 1926 est,

934 1943 1043 2015 prelati
1071 1942 1185 2017 subjicit
1210 1943 1341 2017 imperio.
1367 1944 1489 2014 Quidam
1520 1952 1588 2003 stunt
1613 1944 1729 2017 subditi,

934 2031 1041 2105 proprii
1050 2046 1155 2090 seusus
1164 2047 1261 2090 errore
1272 2033 1394 2108 decepti,
1411 2035 1460 2107 qui
1471 2034 1670 2107 quodcumque
1679 2050 1728 2093 su·
1825 2080 1832 2089 .

933 2120 1053 2193 periuris
1064 2127 1258 2194 preceptum,
1273 2122 1350 2195 qnod
1370 2122 1517 2181 indomite
1530 2123 1667 2180 voluntati
1682 2137 1727 2180 re·

934 2215 1054 2283 pugnat,
1079 2211 1175 2267 statim
1197 2212 1314 2285 Regale
1334 2217 1364 2268 et
1386 2212 1491 2268 anime
1513 2211 1642 2284 judicant
1663 2226 1729 2270 esse

933 2299 1118 2356 contrarium.
1136 2296 1266 2356 Perfecta
1286 2299 1448 2358 obedientia
1463 2307 1508 2357 est
1521 2299 1579 2369 illa,
1594 2315 1649 2371 qua
1665 2301 1731 2358 reli·

933 2388 1033 2460 giosus
1053 2385 1148 2446 lacere
1168 2388 1282 2459 omittit,
1303 2388 1379 2461 quod
1393 2389 1447 2446 sibi
1465 2389 1566 2447 melius
1579 2398 1607 2447 et
1618 2390 1729 2447 cousul-

933 2478 990 2533 tius
999 2475 1127 2548 videtur3
1142 2484 1174 2534 ut
1188 2478 1265 2550 quod
1278 2477 1374 2535 miuus
1385 2485 1495 2536 rectum
1507 2485 1556 2537 aut
1569 2492 1729 2537 consonum

933 2564 1052 2637 judicat,
1073 2567 1216 2640 compleat
1233 2574 1349 2640 propter
1372 2568 1465 2624 solum
1484 2566 1639 2640 superioris
1657 2582 1730 2641 pras·

933 2662 1058 2727 ceptum.
1073 2657 1106 2713 In
1125 2670 1182 2728 quo
1206 2670 1345 2730 maguum
1365 2657 1485 2727 acquirit
1500 2656 1642 2726 meritum,
1658 2655 1726 2714 dum

933 2744 1055 2816 proprie
1074 2743 1207 2802 valedicit
1231 2744 1369 2817 opinioni,
1397 2759 1454 2802 uon
1470 2760 1542 2815 sue,
1556 2744 1607 2803 sed
1628 2745 1730 2804 alienae

933 2832 1134 2906 obtemperans
1157 2833 1306 2892 voluntati.
1330 2834 1383 2903 Qui
1398 2848 1466 2891 rere
1480 2833 1646 2907 obsequitur
1661 2850 1730 2908 prm·

932 2921 1000 2991 luto,
1028 2922 1083 2994 ipsi
1108 2924 1168 2979 Deo
1188 2937 1221 2979 se
1242 2922 1354 2992 subdit,
1374 2929 1403 2980 et
1425 2924 1556 2995 proximo
1577 2924 1729 2998 egregium

933 3009 1041 3084 prebet
1059 3012 1231 3083 exemplum.
1253 3013 1369 3070 Summa
1387 3010 1548 3070 obedientia
1568 3021 1612 3071 est
1625 3013 1683 3083 illa,
1699 3013 1729 3070 iu

933 3115 989 3172 qua
1011 3099 1081 3160 nibil
1100 3115 1185 3158 suum
1198 3115 1266 3162 earo
1281 3100 1441 3174 cognoscit,
1456 3110 1504 3159 aut
1518 3104 1648 3175 sanguis.
1663 3103 1727 3160 Non

933 3188 1018 3246 debet
1032 3186 1176 3262 perlectus
1196 3188 1333 3246 obediens
1347 3198 1499 3262 expectare
1514 3189 1589 3261 quod
1603 3190 1730 3248 secema

933 3284 981 3335 aut
1001 3277 1085 3334 tertio
1103 3275 1179 3333 idem
1205 3277 1367 3349 imponatur
1388 3284 1562 3350 preceptum
1577 3277 1619 3350 (li)
1636 3294 1644 3334 :
1659 3291 1730 3336 nam

933 3367 982 3437 qui
997 3363 1032 3422 ad
1053 3366 1177 3437 primum
1198 3365 1306 3437 prelati
1327 3379 1385 3422 non
1408 3364 1617 3438 obtemperarit
1634 3366 1735 3438 impe·

933 3454 1018 3520 rium,
1031 3467 1090 3510 non
1104 3454 1251 3512 voluntate
1270 3454 1391 3521 illectus,
1406 3452 1458 3510 sed
1468 3455 1639 3512 necessitate
1649 3468 1729 3512 com·

933 3542 1032 3615 pulsus
1042 3541 1178 3599 obedivit.
1194 3541 1247 3610 Qui
1256 3542 1386 3599 celeriter
1392 3556 1450 3599 uon
1458 3540 1563 3611 obedit,
1577 3557 1631 3601 nec
1638 3544 1731 3600 Deum

918 3632 1023 3702 inme,
1039 3644 1094 3687 uec
1105 3630 1238 3687 homiues
1250 3637 1404 3700 reveretur,
1422 3628 1731 3689 dummodosuliioien·

932 3726 991 3777 tem
1010 3734 1068 3777 nou
1082 3718 1186 3776 habeat
1200 3733 1318 3777 causam
1339 3718 1513 3778 retardaudi.
1527 3719 1731 3777 Fertilissimus

933 3816 977 3866 ast
1001 3807 1171 3870 obedientie
1192 3806 1300 3866 fructus
1316 3824 1323 3865 ι
1342 3807 1413 3866 uilril
1437 3814 1483 3866 est
1500 3809 1638 3882 temporis
1662 3822 1741 3867 vero·

934 3896 1077 3955 obedienti
1088 3897 1151 3955 sine
1163 3897 1255 3955 lucro.

1188 4040 1309 4100 SERMO
1332 4041 1478 4102 SEXTUS.

1035 4159 1077 4214 Dc
1094 4157 1197 4214 ocimu
1214 4157 1398 4214 estimatione
1414 4158 1458 4214 ccl
1475 4156 1622 4229 dicabam.

968 4280 1092 4338 Maxima
1121 4295 1188 4337 cura
1212 4279 1419 4352 providendum
1448 4288 1492 4336 est
1518 4281 1623 4336 animm
1646 4294 1655 4351 3
1676 4295 1730 4338 nec

933 4369 1010 4426 enim
1030 4369 1125 4442 plures
1138 4367 1225 4425 babet
1240 4368 1336 4437 homo,
1355 4367 1406 4424 sed
1420 4383 1518 4425 uuam.
1541 4369 1570 4426 si
1590 4367 1662 4426 duas
1674 4384 1727 4427 no·

108 4461 254 4532 gebennam.
267 4468 406 4525 liliorum
421 4465 575 4538 perdemus
589 4464 758 4532 libertatcm,
769 4470 876 4537 etcap·
932 4457 977 4515 bis
991 4457 1158 4515 contulisset
1170 4456 1318 4524 Dominus,
1333 4456 1406 4514 sicut
1420 4464 1449 4513 et
1466 4456 1550 4514 binos
1568 4453 1645 4514 dedit
1663 4473 1729 4516 ocn-

109 4548 205 4610 titorum
219 4555 378 4612 subibimus
397 4554 574 4611 servitutem.
596 4553 661 4609 Non
682 4550 879 4609 desideremus
932 4547 985 4616 los,
1008 4547 1053 4603 vel
1075 4544 1173 4618 pedes,
1192 4544 1302 4602 sublata
1325 4545 1369 4602 vel
1390 4545 1536 4619 deperdita
1558 4562 1627 4618 una,
1643 4547 1729 4605 aliam

109 4637 287 4712 aliispreesse,
305 4642 357 4701 sed
371 4641 505 4699 omuibus
520 4640 639 4697 subesse
653 4640 801 4709 creaturis,
818 4654 879 4712 pro
932 4634 1076 4692 custodire
1087 4635 1132 4691 vel
1145 4634 1257 4691 salvare
1271 4634 1378 4691 liceret.
1393 4636 1445 4692 Ast
1459 4625 1547 4692 uuam
1567 4637 1728 4693 tantomin·
1764 4633 1766 4638 ’

109 4730 492 4798 pierrerbumureatorts.Qui
509 4730 546 4785 ita
558 4727 690 4796 feceriut,
709 4735 879 4800 etperseve
933 4722 1045 4780 firmam
1064 4728 1093 4780 et
1113 4721 1280 4795 languidam
1302 4723 1476 4796 accepimus,
1496 4724 1588 4782 tribus
1609 4724 1728 4782 validis·

108 4817 216 4887 raterint,
231 4821 393 4892 requiescet
406 4831 492 4891 super
508 4818 572 4874 illos
588 4815 709 4889 Spiritus
728 4818 791 4885 Dei,
806 4824 835 4873 et
849 4818 878 4873 in
932 4811 1013 4869 simis
1034 4825 1204 4868 concussam
1226 4811 1351 4870 inimicis
1369 4819 1397 4869 et
1422 4811 1593 4883 fortissimis,
1616 4812 1727 4881 muudi,

107 4898 229 4962 iliasuam
241 4905 325 4964 iuciet
336 4907 528 4986 mansionem.
546 4904 608 4961 Filii
618 4911 703 4960 eruut
715 4903 807 4961 Patris
821 4918 877 4961 coe·
932 4901 1038 4971 caruis,
1054 4906 1083 4958 et
1093 4899 1198 4958 diaboli
1208 4901 1273 4957 telis
1289 4903 1458 4974 expositam,
1477 4903 1523 4959 cui
1539 4916 1592 4958 uec
1603 4916 1661 4959 uuo
1682 4900 1729 4958 die

109 4985 177 5060 buu,
189 4991 285 5053 iratres
297 4994 412 5053 Domini
425 4993 590 5051 nostrilesu
599 4991 711 5060 Christi,
727 4999 755 5049 et
765 5007 879 5066 sponsae
932 5004 1033 5047 secure
1046 4988 1226 5061 requiescere
1235 4989 1312 5059 licet,
1328 4989 1378 5047 sed
1394 4989 1527 5047 omuibus
1538 4992 1566 5045 iu
1581 4988 1685 5046 luctam
1700 4995 1729 5046 et

108 5076 205 5148 Seium
216 5084 323 5150 Sancti,
339 5080 879 5156 sponsaliabeccelebrantur,quando
934 5080 1096 5152 palestram
1118 5084 1230 5151 oportet
1253 5076 1438 5135 descendere.
1467 5078 1638 5137 continuum
1662 5092 1728 5134 esso

109 5163 206 5236 Spiritm
230 5171 344 5230 divinus
375 5179 404 5228 et
439 5171 535 5228 noima
567 5177 665 5226 nostra
691 5168 728 5226 ad
756 5168 878 5226 invicem
933 5167 989 5224 boe
999 5174 1145 5225 certamen
1161 5166 1243 5224 nobis
1251 5166 1405 5240 Apostolus
1420 5165 1569 5239 expressit,
1580 5180 1638 5222 uon
1648 5168 1726 5223 enirn

108 5255 219 5315 omnutm
228 5260 454 5332 metuentem
465 5260 515 5331 (Ξ).
528 5261 642 5316 Fratres
655 5255 877 5327 sumustristi,
932 5254 1048 5326 bellum,
1064 5254 1115 5312 sed
1130 5255 1235 5312 luctam
1249 5253 1413 5327 appellavit,
1423 5252 1492 5310 dum
1503 5252 1574 5311 dixit
1588 5270 1596 5310 ;
1612 5254 1680 5311 Nou
1689 5260 1730 5312 est

113 5388 168 5510 1ll)
185 5390 252 5449 Vide
265 5392 440 5466 Opusculum
458 5390 494 5448 de
508 5391 716 5460 Admonitiou,
739 5405 765 5448 c.
791 5391 834 5462 lo,
851 5398 880 5449 et
968 5390 1009 5461 (a)
1024 5389 1117 5457 Lucae,
1131 5403 1189 5456 xiv,
1200 5388 1246 5445 33.
1315 5379 1317 5383 ’

130 5459 262 5668 RQ&
273 5463 481 5663 {g{}q²'qg2g
496 5535 540 5659 lp.
550 5583 598 5659 Μ.
969 5460 1012 5603 (ἐξ
1024 5458 1235 5598 effingam?
1254 5529 1297 5597 15,
1319 5527 1351 5585 {9
1367 5536 1394 5585 et
1409 5529 1458 5596 20,
1474 5534 1502 5585 et
1520 5527 1631 5597 Collat,
1646 5527 1673 5586 i,

259 5647 279 5674 0,
312 5645 320 5674 5
376 5648 384 5676 7
478 5648 496 5672 .,
522 5631 551 5672 ,'
584 5647 590 5659 ι
