3950 6200
72 266 129 327 sia

72 438 166 502 qnam
191 421 334 485 vestium
358 421 509 499 reliquiae
533 438 718 499 pauperum
741 421 860 483 debent

453 262 560 324 PARS
589 254 789 323 Panum-
808 261 1026 322 EXPOSITIO
1054 258 1097 319 ΙΝ
1128 258 1330 319 PSALMOS.

1648 258 1708 319 814

914 420 1143 497 appropriare.
1171 419 1296 481 Civitas
1328 419 1440 480 autom
1470 418 1521 480 est
1547 416 1706 479 Ecclesia.

71 538 152 591 esse,
167 520 259 581 inter
280 535 421 597 quorum
440 535 579 581 acervos
595 519 762 581 meridiati
784 520 862 581 sunt
913 520 973 580 lus
989 518 1089 594 hujus
1104 520 1164 591 est,
1182 519 1218 578 ut
1231 532 1346 579 omnes
1365 517 1401 577 in
1421 516 1494 593 ipsa
1515 514 1708 592 congregati

71 619 199 691 divites,
215 633 252 679 se
267 620 494 694 praeparantes
516 617 556 678 ad
574 618 738 678 secundas
753 632 858 678 escas.

71 719 104 776 in
124 732 189 793 quo
208 715 467 792 reprehenditur
486 715 652 790 ingluvies
673 715 859 791 glutonum,

70 814 124 889 qui
146 813 281 873 sordida
305 812 454 887 ingluvie
480 814 654 874 reservant
672 834 679 871 ε
697 827 860 889 pauperes

70 913 178 971 autem
194 910 327 973 calcant
345 910 502 983 torcular,
520 913 554 973 et
574 910 709 971 devino
725 926 791 971 non
810 909 862 969 bi-

69 1008 157 1069 bunt
187 1009 351 1085 Sequitur·
370 1007 457 1086 (tob,
480 1011 530 1079 21,
549 1006 601 1086 12)
615 1025 623 1068 :
639 1024 657 1068 c
674 1010 720 1068 De
741 1007 863 1069 civita-

71 1105 154 1167 tibus
170 1104 323 1167 iecerunt
336 1106 429 1167 viros
443 1121 588 1181 gemere,
604 1109 638 1167 et
651 1106 772 1166 animae
787 1107 862 1165 vul-

71 1203 260 1267 neratorum
283 1203 515 1272 clamabant.»
536 1202 708 1264 Meridiari
729 1202 862 1279 proprie

71 1300 213 1377 pertinet
227 1300 269 1361 ad
284 1300 445 1361 animalia
459 1300 568 1371 bruta,
586 1316 660 1377 quae
674 1301 709 1360 in
724 1300 861 1360 meridie

71 1398 239 1459 ruminant
249 1400 319 1473 jam
335 1401 492 1469 comesta,
513 1398 598 1460 etse
613 1399 731 1474 parant
747 1397 788 1458 ad
805 1413 862 1458 co·

70 1494 276 1556 medendum.
292 1494 346 1555 Sic
361 1499 394 1555 et
406 1495 470 1571 ipsi
486 1494 575 1567 mali,
592 1497 751 1572 tanquam
765 1494 861 1555 bruta

70 1596 165 1653 terrae
181 1593 331 1653 carentia
350 1592 493 1660 ratione,
510 1592 545 1652 in
561 1592 699 1663 divitiis,
719 1592 813 1662 cibis,
830 1592 864 1654 et

71 1688 200 1766 potibus
214 1689 433 1760 delectantur,
456 1692 490 1750 et
506 1689 541 1750 in
556 1689 779 1766 voluptatibus
791 1692 861 1767 jam

71 1786 204 1858 habitis,
232 1788 266 1848 11
294 1786 455 1847 habendis
489 1787 631 1858 inhiant,
660 1803 720 1863 per
743 1786 805 1858 las,
829 1788 863 1848 et

71 1884 160 1945 netas
176 1884 353 1960 pecuniam
368 1884 597 1961 acquirentem
612 1884 700 1945 unde
716 1885 862 1944 minores

72 1978 195 2039 iaciunt
219 1993 365 2052 gemere,
394 1980 428 2040 et
452 1980 583 2040 animas
611 1979 862 2040 vulneratorum

72 2076 225 2136 clamare.
241 2075 415 2138 vulnerati
437 2078 515 2137 sunt
535 2075 596 2148 illi,
618 2091 637 2136 a
662 2076 782 2153 quibus
802 2091 863 2137 ra·

71 2174 172 2250 piunt,
197 2172 253 2233 vel
275 2171 337 2243 illi,
364 2173 420 2250 qui
444 2173 605 2250 indigent,
630 2175 664 2236 et
690 2174 772 2250 ipsis
796 2189 862 2235 nou

72 2271 278 2347 impertiunt;
320 2269 396 2331 ideo
430 2270 516 2335 bene
548 2271 765 2348 adjungitur„
784 2270 861 2347 quia

71 2370 154 2429 bens
168 2368 267 2429 inulti
283 2366 377 2428 abire
391 2383 458 2428 non
480 2368 604 2444 patitur
619 2366 707 2446 (lob,
728 2370 780 2440 21,
797 2366 860 2445 12).

71 2464 295 2527 Vulnerantur
322 2464 486 2542 siquidem
518 2465 639 2526 animae
666 2480 861 2542 pauperum,

72 2564 126 2622 aut
138 2561 216 2622 dnm
234 2562 284 2623 eis
299 2562 436 2639 propria
450 2563 637 2638 rapiuntur,
652 2565 711 2624 aut
724 2562 801 2623 dum
814 2563 863 2622 eis

71 2675 133 2720 non
146 2658 382 2721 ministrantur
395 2659 597 2721 necessaria.
613 2661 653 2720 Et
666 2659 863 2720 haecomnia

72 2771 134 2819 non
159 2755 346 2818 vindicabit
371 2758 479 2818 Densi
506 2757 599 2819 Sicut
631 2756 712 2819 dicit
732 2761 862 2818 Amos:

71 2871 88 2913 s
114 2857 181 2916 Pro
206 2853 357 2931 eoquod
391 2853 602 2931 diripiebatis
631 2869 806 2931 pauperes,
831 2854 865 2914 et

72 2951 198 3027 praedas
224 2967 341 3013 eorum
374 2952 497 3014 electas
525 2951 693 3014 tollebatis
717 2951 759 3012 ab
783 2951 862 3012 eis:

71 3049 182 3110 domos
209 3049 338 3128 quadro
362 3048 473 3127 lapide
494 3049 714 3123 aedidcabitis,
741 3048 774 3111 et
796 3064 863 3110 non

73 3146 262 3210 habitabitis
276 3148 312 3207 in
328 3148 393 3223 eis;
414 3148 531 3209 vineas
552 3163 682 3225 quoqne
702 3148 865 3209 amantis-

73 3244 169 3306 simas
193 3244 317 3307 futuris
341 3245 515 3322 nepotibus
535 3245 741 3322 plantabitis,
767 3245 865 3306 etex

72 3342 118 3402 eis
130 3341 245 3403 sinum
261 3357 327 3403 non
343 3341 495 3404 bibetis»
511 3339 638 3421 (Amos,
651 3344 681 3414 5,
699 3340 763 3421 11).

106 3441 153 3501 De
170 3441 493 3514 trinorciensem,
514 3456 588 3517 quae
610 3440 715 3502 estin
738 3454 864 3516 appro-

71 3537 231 3612 priatione
246 3538 432 3598 communis
451 3536 541 3609 boni,
556 3537 680 3599 dicitur
697 3538 732 3598 in
752 3536 865 3597 Haba-

72 3633 326 3712 111(2,6117)ε
342 3651 361 3694 c
376 3636 432 3696 Vae
447 3635 490 3707 ei,
508 3635 563 3711 qui
579 3634 780 3711 multiplicat
798 3650 864 3695 non

72 3746 148 3792 sua:
163 3747 337 3809 usquequo
355 3732 517 3807 aggravat
535 3734 651 3794 contra
673 3748 709 3794 se
726 3732 864 3793 densum

72 3827 864 3906 intumi»ldestquialienamuinpiicas,densum

72 3924 171 3986 lutum
186 3927 306 3987 contra
321 3929 354 3987 te
368 3942 544 4002 aggravas,
567 3927 724 4004 quoniam
740 3927 775 3987 in
793 3926 864 4004 ipso

72 4021 139 4084 luto
163 4023 373 4100 sepelieris:
398 4041 417 4084 c
442 4024 611 4100 Numquid
637 4040 705 4085 non
728 4025 865 4099 repente

71 4125 280 4197 consurgent,
299 4120 460 4184 »scilicet
474 4121 652 4194 daemones,
669 4138 687 4181 e
703 4121 761 4199 qui
781 4137 866 4182 mor·

70 4216 165 4279 deant
183 4220 228 4290 te,
250 4219 284 4279 et
305 4218 557 4280 suscitabuntur
576 4218 762 4280 lacerantes
780 4219 865 4280 tet»

72 4315 278 4391 consurgent
299 4316 423 4392 utique,
445 4317 532 4377 sicut
553 4316 675 4378 dicitur
695 4316 730 4377 in
750 4319 863 4378 Evan-

72 4414 168 4487 gelio,
185 4417 251 4475 ‹et
274 4414 406 4491 quidam
429 4415 463 4475 in
484 4414 547 4476 hac
569 4415 622 4475 die
640 4416 709 4486 tua,
733 4431 807 4492 quae
823 4415 864 4475 ad

72 4528 184 4588 pacem
194 4513 257 4576 tibi
268 4516 356 4575 sunt.
365 4514 508 4575 Venient
517 4516 628 4577 autem
638 4514 720 4586 dies,
733 4514 864 4591 quando

70 4610 197 4673 inimici
215 4611 266 4672 tui
285 4611 538 4672 circumdabunt
551 4613 596 4684 te,
622 4613 655 4673 et
676 4612 717 4677 11
739 4615 864 4674 terram

71 4709 281 4782 prosternent
300 4711 363 4770 te»
380 4707 438 4788 (1).
462 4709 560 4770 blodo
580 4709 744 4786 siquidem
766 4709 866 4771 habet

69 4803 162 4866 dives
177 4822 250 4883 qnae
269 4805 312 4867 ad
334 4821 448 4882 pacem
470 4807 558 4878 sunt,
581 4807 693 4868 sedin
719 4806 864 4868 111111-

68 4899 150 4976 bito,
165 4906 197 4966 et
210 4919 254 4965 ex
266 4903 438 4979 insperato
451 4904 597 4964 animam
613 4907 686 4980 ejus
701 4905 862 4981 repetent.

68 4999 113 5059 Et
135 5001 245 5062 statim
272 5002 308 5061 in
335 4999 492 5061 Habacuc
519 4999 564 5078 (2,
589 4999 623 5079 8)
653 5000 866 5078 subiungitur

69 5109 181 5167 eausa,
216 5112 322 5174 quare
353 5098 556 5173 consurgent
579 5097 759 5168 daemones,
792 5097 862 5158 sci-

69 5191 151 5254 licet
177 5211 195 5254 c
219 5196 356 5271 propter
384 5195 581 5270 sanguinem
615 5195 799 5268 hominum,
833 5196 866 5255 ct

66 5287 278 5368 iniquitatem
293 5292 392 5353 terrae
409 5292 567 5361 civitatis,
586 5294 619 5353 et
634 5292 782 5353 omnium
798 5292 863 5352 lia-

67 5386 245 5452 bitantium
260 5390 296 5450 in
311 5405 363 5450 ea.
379 5407 398 5448 s
413 5390 575 5466 iniquitas
587 5391 686 5452 terrae
700 5391 762 5462 est,
779 5389 865 5450 1111-

67 5488 126 5545 111
146 5488 261 5551 matris
287 5489 386 5549 terrae
413 5488 599 5549 communis
623 5489 772 5550 omnium
800 5486 863 5548 sibi

111 5591 147 5658 (1)
165 5594 258 5662 tuce,
275 5590 319 5660 19,
334 5591 369 5649 ii
382 5589 418 5647 11
432 5590 474 5648 ii.

915 613 975 675 sub
991 630 1056 675 uno
1067 616 1146 690 jure
1159 614 1303 685 vivendi,
1321 615 1355 673 in
1379 612 1578 674 necessitate
1594 613 1711 689 proxi-

908 711 978 771 mis
1005 712 1075 772 suis
1102 711 1312 772 subveniant.
1337 714 1407 772 Hoc
1433 713 1489 788 jus
1524 710 1711 785 infringunt

916 808 978 880 illi,
996 808 1051 885 qui
1067 809 1254 885 proximum
1274 824 1370 868 suum
1390 811 1448 869 aut
1467 808 1594 869 iaciunt
1608 807 1710 867 mise-

915 922 1001 976 rum,
1019 906 1127 966 elsua
1147 905 1310 967 violenter
1329 905 1501 982 rapiendo,
1524 907 1582 967 aut
1601 905 1709 965 relin-

916 1004 1021 1080 quunt
1030 1019 1087 1064 eos
1099 1004 1239 1064 miseros
1250 1004 1283 1064 in
1296 1003 1505 1074 necessitate,
1518 1001 1709 1065 necessaria

916 1116 983 1161 non
998 1100 1229 1163 ministrando.

955 1201 1002 1259 De
1021 1198 1307 1271 camaracinse
1325 1197 1365 1259 de
1388 1197 1600 1275 perversione
1611 1197 1707 1275 judi·

916 1295 960 1357 cii
974 1300 1075 1357 Amos
1092 1294 1136 1374 (5,
1152 1299 1171 1354 7
1191 1298 1224 1357 et
1243 1294 1295 1373 12)
1314 1313 1356 1355 :c
1377 1295 1438 1367 Qui
1461 1296 1654 1357 convertitis
1674 1295 1709 1357 in

916 1394 1121 1455 absinthium
1133 1392 1311 1471 jndicium,
1332 1396 1365 1455 et
1381 1394 1547 1470 justitiam
1563 1394 1598 1453 in
1618 1396 1709 1454 terra

916 1491 1118 1568 relinquitis,
1129 1507 1293 1567 pauperes
1303 1493 1336 1552 in
1345 1492 1441 1567 porta
1451 1491 1711 1567 deprimentes.»

916 1589 963 1649 De
976 1590 1106 1666 quarto,
1124 1588 1308 1651 scilicetde
1326 1592 1411 1663 doto,
1428 1589 1485 1665 qui
1505 1588 1710 1664 simplicitati

916 1687 1070 1749 veritatis
1092 1687 1271 1764 opponitur
1295 1686 1401 1747 isaias
1426 1685 1491 1764 (59,
1515 1688 1553 1746 11
1578 1687 1611 1747 11
1634 1685 1709 1764 15);

916 1783 1086 1846 «Corruit
1098 1784 1133 1844 in
1149 1783 1268 1860 plateis
1282 1783 1418 1856 veritas,
1436 1785 1469 1845 et
1484 1784 1625 1861 aequitas
1644 1799 1712 1844 non

917 1882 1025 1958 potuit
1050 1881 1193 1958 ingredi.
1220 1883 1320 1943 Facta
1342 1884 1393 1943 est
1417 1882 1543 1943 veritas
1567 1881 1601 1942 in
1624 1880 1712 1942 obli-

916 1981 1062 2051 vionem,
1080 1982 1112 2040 et
1127 1980 1183 2057 qui
1203 1980 1344 2041 recessit
1362 1994 1382 2040 a
1403 1978 1503 2050 malo,
1515 1978 1637 2056 praedae
1658 1994 1713 2055 pa·

917 2078 991 2140 tuit.
1006 2094 1025 2138 1
1040 2078 1217 2154 Sequitur:
1239 2079 1434 2151 Propterea
1449 2082 1544 2139 Deus
1558 2077 1714 2139 destrrcet

918 2176 951 2236 te
961 2179 999 2236 1η
1009 2176 1125 2249 daem,
1138 2175 1172 2235 et
1184 2175 1302 2237 evellet
1315 2176 1348 2235 te
1360 2177 1401 2236 de
1410 2175 1630 2236 tabernaculo
1641 2174 1710 2245 tue,

918 2273 952 2334 et
961 2276 1117 2333 redicem
1130 2272 1228 2333 tuom
1242 2273 1341 2333 terro
1353 2274 1394 2333 dc
1407 2272 1610 2334 1111111111.
1627 2271 1713 2331 Η111

918 2369 1067 2446 estquod
1079 2369 1141 2432 lob
1155 2368 1221 2448 (19,
1238 2367 1289 2447 10)
1303 2385 1311 2429 :
1328 2386 1346 2429 c
1361 2368 1534 2430 Destrunit
1547 2383 1599 2429 me
1614 2367 1714 2429 undi-

918 2482 993 2545 que,
1017 2468 1050 2527 et
1066 2482 1177 2543 pereo,
1193 2468 1227 2528 et
1241 2465 1337 2543 quasi
1356 2466 1481 2527 evulsae
1497 2464 1610 2526 arbori
1630 2464 1712 2526 abs-

917 2564 995 2626 tulit
1007 2579 1098 2640 spem
1114 2579 1237 2637 meam3
1255 2563 1375 2625 »idest
1389 2563 1436 2624 ita
1451 2561 1573 2639 impius
1588 2561 1714 2624 evelle-

918 2663 984 2735 tur,
1001 2662 1088 2722 sicut
1107 2660 1207 2723 arbor
1221 2660 1348 2732 evulsa,
1366 2676 1439 2738 quae
1452 2660 1609 2737 deinceps
1621 2675 1714 2737 spem

918 2758 1046 2821 fructus
1062 2757 1253 2820 nonhabet.
1271 2758 1366 2820 Unde
1381 2758 1416 2819 in
1432 2757 1547 2819 eodem
1561 2756 1625 2837 (18,
1641 2756 1711 2836 ih:

918 2872 937 2915 c
964 2856 1141 2918 avellatur
1173 2855 1214 2916 de
1246 2854 1464 2917 tabernaculo
1498 2871 1559 2917 suo
1592 2855 1714 2916 fiducia

919 2958 1003 3034 ejus,
1024 2956 1058 3017 et
1078 2953 1185 3016 calcet
1205 2970 1307 3031 super
1321 2969 1408 3026 eum,
1425 2954 1522 3032 quasi
1538 2968 1609 3026 rex,
1632 2955 1716 3016 inte·

918 3053 1022 3126 ritus;
1038 3069 1057 3113 1
1075 3053 1226 3115 Christus
1246 3052 1385 3124 scilicet,
1407 3052 1440 3115 et
1460 3068 1575 3114 omnes
1600 3051 1714 3115 Sancti

919 3154 993 3228 ejus
1007 3167 1082 3213 cum
1095 3166 1134 3212 eo
1147 3150 1286 3227 impium
1299 3149 1552 3222 conculcabunt,
1565 3150 1714 3211 radicem

920 3252 993 3326 ejus
1012 3248 1167 3310 deorsum
1188 3248 1324 3325 ejicient
1339 3246 1447 3327 (ibid,
1470 3246 1523 3325 16)
1539 3268 1546 3307 :
1570 3250 1715 3309 Radices

919 3349 995 3418 ejus
1014 3349 1178 3407 deorswn
1195 3345 1381 3417 siccentur,
1406 3345 1439 3407 et
1461 3359 1604 3407 curram
1623 3345 1715 3406 utte-

918 3442 1025 3504 rotur
1048 3445 1172 3504 messis
1197 3445 1288 3516 1111·
1319 3441 1383 3503 hoc
1406 3441 1488 3503 ast:
1520 3440 1714 3518 temporalis

919 3539 1135 3611 abundantia,
1156 3540 1192 3600 in
1214 3555 1279 3617 qua
1299 3539 1477 3601 radicatur.
1490 3537 1657 3615 superbia,
1681 3540 1715 3600 et

920 3638 1028 3700 omnis
1043 3636 1210 3713 voluptas,
1227 3638 1261 3698 in
1275 3652 1341 3715 qua
1353 3636 1547 3708 delectatur,
1565 3635 1713 3713 dissipa-

919 3737 1021 3807 bitur,
1039 3736 1071 3798 et
1086 3734 1227 3811 peribit..

1181 4002 1321 4064 SERMO
1341 4003 1454 4063 XCVI.

920 4151 1162 4210 Deexcaecatione
1176 4158 1358 4223 peccatorum
1368 4169 1376 4220 3
1387 4159 1416 4209 et
1428 4150 1716 4223 quomododebemus

954 4239 1053 4297 videre
1064 4240 1147 4295 oculo
1166 4238 1271 4308 cordis,
1287 4247 1315 4296 et
1331 4239 1490 4311 intelligere
1506 4246 1554 4295 :et
1573 4238 1716 4311 quomodo

954 4329 1037 4385 oculo
1052 4326 1146 4384 cordis
1160 4329 1238 4384 heus
1249 4328 1425 4400 intelligitur,
1442 4335 1470 4385 ct
1481 4326 1618 4400 operibus
1636 4341 1714 4404 quae·

955 4417 1038 4475 ritur.

919 4565 1012 4623 Dens
1026 4565 1161 4623 decreto
1184 4560 1366 4634 prospecti
1379 4575 1487 4634 super
1500 4562 1717 4633 (1111111111-

959 4675 1055 4731 uum,
1083 4657 1314 4729 1111111111
1342 4658 1393 4719 rst
1422 4658 1626 4735 intelltpeus,
1656 4660 1718 4720 aut
1773 4667 1776 4674 '

950 4755 1145 4830 'requirens
1159 4758 1280 4816 Derim.
1299 4753 1470 4834 (1111152,
1485 4754 1532 4834 3.)

961 4905 1152 4982 intelligere
1169 4906 1221 4967 est
1239 4905 1336 4967 oculo
1351 4904 1460 4966 cordis
1473 4906 1597 4966 videre.
1615 4905 1718 4967 Oculo

920 5019 1001 5079 ergo
1017 5003 1127 5064 cordis
1151 5003 1353 5079 intelligitur
1379 5005 1479 5077 Deus,
1504 5005 1537 5064 et
1560 5002 1716 5079 operibus

919 5101 1093 5177 quaeritur.
1113 5100 1176 5162 Sed
1204 5101 1322 5161 oculus
1345 5100 1467 5161 mentis
1489 5100 1719 5176 multipliciter

920 5198 1137 5259 obscuratur:
1170 5196 1369 5260 obscuratur
1398 5198 1487 5258 enim
1522 5197 1720 5275 quandoque

919 5310 1035 5356 amore
1047 5296 1269 5366 terrenorum,
1284 5307 1382 5371 quam
1394 5295 1588 5367 caecitatem,
1602 5296 1634 5356 et
1646 5298 1720 5372 ejus

920 5392 1120 5453 medicinam
1135 5391 1281 5452 ostendit
1296 5386 1466 5464 Dominus,
1490 5392 1623 5470 quando
1647 5393 1717 5455 luto

918 5488 1124 5550 illuminavit
1147 5487 1261 5549 oculos
1287 5489 1379 5562 caeci,
1407 5489 1440 5551 et
1464 5490 1556 5551 misit
1577 5505 1654 5551 eum
1677 5489 1718 5552 ad
