3950 6200
273 296 336 359 763
702 291 736 351 S.
763 286 939 353 udroltll
966 286 1154 351 rnoualtl
1180 288 1319 353 OPERA
1346 288 1492 353 oliuu.
1819 300 1864 361 'llll

271 455 411 526 ruinum,
428 451 485 531 qui
503 449 557 516 rel
575 445 810 521 ministerium,
833 446 887 511 vel
901 447 1068 513 munium
1122 447 1278 523 cationis,
1300 447 1388 527 quod
1407 450 1459 513 est
1477 447 1601 526 linqua,
1616 446 1737 528 slnguh
1752 457 1864 522 nem

271 568 368 617 mum
383 548 551 628 proponit,
568 547 683 612 dicens
700 568 708 609 z
725 545 1066 620 Aaauluuatjasll-
1123 561 1185 623 pro
1195 546 1249 609 sul
1256 545 1474 624 dispositione
1483 547 1547 624 ipsi
1557 547 1675 625 lingue
1682 553 1865 628 nuperum,

272 651 359 714 nom
381 650 489 718 mum,
514 647 590 717 cte„
616 644 651 711 et
670 642 782 709 subdit
797 665 805 704 :
819 642 897 706 tdeo
914 657 959 707 ue
969 648 1068 719 donoc
1122 644 1865 722 literconrenltresponderelithooinnuitselo
1909 692 1910 705 ,

270 744 633 821 rcummumuoeea
657 742 736 807 tuas
757 757 787 811 α,
804 756 871 805 me.
892 741 956 807 llic
970 738 1070 805 debet
1122 757 1211 814 mon,
1223 758 1298 805 cum
1315 742 1597 809 dicitettemmula
1611 742 1862 825 carbunculielc,

271 859 346 909 esse
361 842 449 913 linis,
469 843 505 905 et
516 839 657 905 intentio
678 839 909 916 prmdicatorie
927 855 934 897 a
949 840 986 901 ut
1001 852 1067 899 an·
1122 839 1351 903 Carbunculus
1370 840 1492 903 dicitur
1512 840 1697 903 acerbone.
1711 846 1864 908 Percarloa

271 941 409 1009 nunciet
424 938 592 1017 justitiam
616 938 688 1011 Dei,
714 938 748 1000 et
760 938 796 999 ut
807 936 898 999 labia
912 952 974 1001 sua
989 936 1069 999 nul-
1123 952 1198 1000 nem
1218 937 1500 1001 iamiar-caritatis
1515 938 1716 1015 designatum
1735 956 1785 1018 per
1799 959 1865 1020 geue
1909 974 1910 1027 q

272 1037 597 1115 latenusprchibeet
615 1052 635 1101 e
656 1036 816 1109 vernum
840 1034 927 1097 unde
945 1033 980 1096 in
997 1037 1068 1099 Pa·
1121 1050 1222 1106 mann,
1233 1052 1332 1112 quam
1343 1035 1474 1112 rubigo,
1487 1036 1539 1098 vel
1552 1037 1643 1099 tinea
1656 1050 1718 1100 non
1729 1042 1861 1112 consumit,
1909 1088 1910 1107 ,

271 1137 397 1201 rabolis
421 1135 486 1215 (28,
503 1135 537 1214 8)
565 1156 574 1196 ε
599 1151 618 1197 c
640 1134 701 1206 Qui
730 1133 908 1197 coacervat
931 1132 1068 1195 divitias
1122 1132 1323 1209 intelligitur
1337 1133 1481 1210 justitia,
1498 1134 1533 1197 et
1547 1134 1670 1196 munda
1689 1138 1863 1200 conversatio

271 1235 397 1308 usuris,
410 1236 443 1297 et
455 1234 594 1305 foenore,
609 1230 740 1295 liberali
755 1231 791 1293 in
805 1244 969 1308 pauperes
981 1245 1067 1293 con·
1121 1231 1182 1293 Vei
1193 1232 1569 1309 perqcmmampropter
1580 1232 1865 1309 ejusflrmitatende

270 1335 389 1412 gregat
398 1331 565 1405 eassuui
575 1330 751 1393 coacervat
761 1328 906 1400 divitias,
916 1327 1003 1391 idest
1011 1328 1068 1405 qui
1122 1327 1274 1404 signatur
1291 1329 1482 1393 conmotis
1496 1330 1659 1392 veritatis.
1674 1331 1865 1410 nuncupet

271 1431 416 1495 addiscit
442 1444 573 1492 sacram
597 1426 804 1505 scripturam
831 1425 956 1498 usuris,
981 1425 1068 1489 idest
1121 1440 1190 1489 non
1219 1425 1300 1488 dicit
1322 1440 1500 1503 gemmam,
1523 1428 1581 1490 aed
1605 1429 1802 1503 gemmulam
1820 1444 1865 1491 non

271 1544 332 1606 pro
348 1527 470 1599 usuris,
497 1528 534 1589 ut
554 1526 685 1589 scilicet
699 1524 754 1587 det
776 1539 850 1587 eam
863 1524 906 1587 ad
928 1538 1067 1587 usuram
1122 1522 1304 1596 carbo,sed
1317 1523 1553 1597 carbunculus,
1565 1528 1603 1589 ut
1616 1540 1674 1605 per
1685 1525 1823 1603 duplicem
1831 1526 1867 1587 db

271 1627 409 1697 ioenore,
423 1624 567 1697 liberali,
584 1624 691 1700 utper
704 1636 778 1685 eam
799 1621 969 1685 auditores
989 1636 1068 1685 cor·
1122 1621 1340 1685 minutionem
1358 1621 1478 1685 inrum
1493 1622 1660 1699 duplicem
1679 1623 1864 1691 hunihulen,
1909 1658 1910 1695 ,

270 1724 434 1801 rigantur,
465 1724 499 1786 et
520 1720 661 1784 inbono
691 1720 964 1798 multiplicentur,
994 1712 1068 1796 ipae
1121 1718 1277 1783 videlicet
1290 1719 1496 1792 interiorem,
1513 1721 1546 1783 et
1560 1720 1866 1796 exteriorem;ettec

270 1822 537 1898 congregateas,
551 1819 680 1883 scilicet
694 1818 1066 1897 divitiosinpauperes.
1122 1815 1303 1880 debetesne
1312 1817 1347 1878 in
1358 1818 1555 1881 ornamento
1565 1819 1653 1890 auri,
1662 1817 1866 1895 idestsapientia
1909 1852 1910 1907 l

271 1918 367 1983 Unde
384 1917 612 1981 Ecclesiastici
635 1912 700 1996 (al,
715 1915 770 1996 28)
788 1931 829 1977 :c
851 1915 1067 1993 splendidum
1122 1914 1363 1991 predicatoris,
1381 1916 1417 1979 ut
1431 1916 1477 1978 ait
1490 1915 1696 1993 comparatio
1710 1916 1867 1977 musicorun
1909 1914 1910 1995 ξ

271 2015 464 2093 inparibus
485 2015 684 2079 benedicent
707 2013 797 2078 labia
820 2014 1013 2082 multorum,
1035 2014 1070 2076 et
1122 2012 1159 2077 iu
1173 2012 1425 2077 conrivlovini.
1452 2013 1547 2075 Unde
1574 2014 1723 2091 inprime
1737 2011 1869 2088 Paralipo
1909 2034 1910 2097 l

270 2115 498 2178 testinnonium
518 2113 671 2177 veritatis
694 2111 787 2175 illius
815 2111 923 2175 iidele.
951 2126 971 2173 ›
1003 2113 1069 2173 Per
1122 2124 1244 2173 menon
1260 2109 1306 2190 (t,
1319 2108 1375 2188 23)
1392 2110 1559 2188 :cripui
1570 2111 1751 2175 habitantes
1763 2111 1792 2172 in
1800 2109 1868 2171 Phr·
1909 2102 1910 2187 l

271 2228 375 2291 panes
399 2227 496 2274 sacra
519 2211 692 2289 Scriptura
713 2209 924 2286 intelligitur.
947 2208 1069 2286 eplen-
1122 2208 1316 2280 tutioribus,
1330 2210 1364 2270 et
1380 2208 1532 2287 Sepibus,
1548 2209 1638 2288 apud
1656 2210 1867 2286 regeninope·
1909 2218 1910 2241 ¹

271 2310 368 2372 didus
392 2312 444 2373 est
465 2309 501 2371 in
521 2309 682 2387 panibus,
704 2308 762 2386 qul
786 2304 872 2387 quod
895 2306 1067 2384 predicat,
1123 2305 1218 2369 ribus
1241 2309 1326 2384 ejus,
1354 2308 1550 2369 commorati
1579 2308 1659 2369 sunt
1679 2322 1697 2368 a
1719 2307 1752 2368 in
1767 2307 1868 2369 luura-

271 2407 367 2471 bonis
380 2407 529 2471 illustret
543 2406 716 2484 operibus;
732 2406 825 2469 etsie
839 2404 1067 2469 testimonium
1122 2404 1187 2466 lem
1199 2402 1260 2484 (l),
1277 2404 1331 2468 rel
1345 2403 1553 2467 Bethlehem.
1568 2405 1679 2482 Figuli
1694 2407 1764 2467 auat
1778 2401 1868 2480 predi·

271 2504 435 2575 ueritatis,
459 2504 589 2567 scilicet
614 2519 713 2581 quam
737 2503 909 2581 predicat
942 2503 976 2565 et
998 2502 1069 2563 dis-
1122 2502 1264 2573 catorea
1290 2500 1369 2580 quia
1388 2502 1478 2565 siout
1505 2502 1631 2579 tigillus
1658 2502 1699 2567 de
1723 2501 1784 2563 luto
1804 2498 1868 2573 inpii

272 2603 402 2681 penset,
419 2605 470 2665 est
483 2602 592 2676 hdele,
616 2601 696 2679 quia
719 2600 816 2663 iactis
840 2599 966 2678 implet,
980 2598 1068 2677 quod
1123 2614 1203 2661 uasa
1214 2599 1333 2670 testem
1347 2598 1396 2661 sic
1411 2598 1613 2676 praedicator
1631 2600 1672 2661 de
1685 2595 1866 2677 peccatoribu

272 2701 383 2777 docet3
407 2699 495 2762 unde
516 2698 552 2761 iu
574 2697 766 2763 Proverbiis
797 2696 861 2777 (12,
886 2695 965 2776 17)z
991 2697 1065 2769 Qui,
1122 2696 1298 2759 lutulentis
1320 2697 1390 2759 luto
1408 2698 1625 2774 peccatorum
1647 2697 1762 2760 format
1778 2692 1867 2773 pradia
1909 2688 1910 2767 l

274 2797 361 2889 quod
371 2796 476 2867 novit,
491 2794 650 2872 loquitur,
657 2794 764 2871 judex
774 2786 990 2870 estjuatitiaet
1004 2793 1068 2865 Qui
1123 2793 1228 2857 cando
1249 2807 1332 2857 rasa
1353 2793 1461 2856 utilia.
1486 2793 1594 2859 Debet
1612 2795 1710 2858 etiam
1725 2792 1869 2855 inPlnnu·

273 2895 385 2959 autem
405 2893 576 2965 mentitur,
600 2892 686 2955 idest
703 2891 761 2969 qui
786 2891 878 2954 aliud
905 2890 1007 2955 habet
1032 2891 1067 2953 ln
1123 2891 1271 2957 tionibus
1290 2891 1456 2966 habitare,
1475 2893 1555 2970 quia
1578 2892 1694 2967 verbo,
1711 2893 1742 2955 et
1757 2885 1870 2965 exempla

272 3008 343 3065 cre,
369 2993 402 3055 et
425 2991 516 3055 aliud
543 2990 577 3053 ln
604 2989 715 3061 corde,
737 2988 832 3051 testie
858 2990 911 3052 est
929 2987 1069 3051 iraudu-
1122 2989 1220 3052 debet
1240 2990 1391 3053 novellas
1413 2991 1642 3067 plantationes
1669 2985 1871 3059 aedihcam3it

271 3091 393 3163 lentus,
419 3091 453 3152 et
474 3088 701 3153 testimonium
732 3090 804 3166 ejus
843 3085 978 3152 infidele
1004 3087 1066 3159 cst,
1124 3086 1278 3166 sepibus,
1293 3088 1498 3167 qniasepire
1512 3088 1682 3153 debeteas
1696 3087 1734 3152 ab
1748 3082 1869 3152 hodius
1909 3088 1910 3166 ἶ

272 3189 352 3267 quia
363 3188 450 3266 quod
464 3187 577 3252 verbis
598 3186 731 3258 asserit,
752 3202 854 3264 opere
865 3185 1065 3258 detestatum
1122 3187 1156 3249 et
1170 3186 1318 3262 munires
1338 3186 1869 3267 uedelsaiaetbd,12)=‹litrooa·
1909 3179 1910 3238 3

272 3282 1067 3363 undesalomoncplime.auldit(12‚18)achat,
1122 3283 1213 3347 beris
1232 3284 1415 3348 aedificator
1433 3284 1576 3362 sepium,
1598 3285 1783 3348 conuertens
1797 3277 1871 3342 seni·

272 3384 331 3464 qui
345 3383 518 3461 promittit,
534 3384 567 3445 et
580 3382 677 3459 quasi
689 3381 800 3459 gladic
814 3380 973 3460 pungitur
987 3395 1071 3443 con·-
1122 3385 1175 3445 tae
1188 3382 1405 3460 iniquitatum
1417 3381 1478 3461 (2),
1504 3398 1547 3445 ne
1573 3383 1703 3445 scilicet
1723 3377 1872 3457 ingredhr
1909 3387 1910 3446 l

273 3481 568 3558 mrentlaeuingua
589 3481 701 3544 autem
713 3478 917 3557 merentium
940 3479 993 3541 aar
1013 3491 1069 3540 sa-
1123 3479 1363 3552 uranrmana,
1388 3481 1423 3543 et
1450 3483 1651 3544 consumant
1671 3471 1872 3542 renunculi

272 3579 404 3642 nitas.»
424 3578 487 3651 Qui
501 3577 675 3656 promittit,
703 3578 833 3640 scilicet
856 3576 1066 3655 predicator,
1123 3577 1268 3642 ostendit
1287 3576 1510 3640 adhibendam
1535 3593 1617 3641 esse
1642 3575 1832 3655 vigilantiam,
1849 3569 1871 3627 cl

271 3677 369 3740 bonis
379 3674 634 3754 procurandis
648 3674 868 3752 suppliciam
878 3674 1070 3751 aicprcmit·
1123 3675 1211 3752 quod
1222 3669 1303 3738 inde
1321 3676 1549 3753 consequitur,
1563 3674 1658 3738 addit
1673 3697 1681 3737 ε
1696 3672 1780 3753 Apud
1791 3681 1870 3744 rqen
1909 3685 1910 3714 ³

272 3774 385 3848 tendo,
413 3772 621 3836 conscientia
653 3772 875 3842 remordente,
918 3773 1070 3848 seipsum
1122 3773 1160 3835 in
1180 3771 1336 3849 operibus
1359 3775 1435 3850 ejus
1452 3774 1649 3837 commorati
1663 3776 1739 3834 suut
1758 3771 1788 3831 ln
1803 3769 1871 3828 lero
1909 3789 1910 3820 2

273 3869 430 3934 verberat
442 3870 540 3947 quasi
556 3869 700 3948 quodam
713 3868 836 3945 pudic.
858 3863 987 3944 Lingua
1002 3877 1067 3930 ad-
1122 3870 1240 3942 mlem,
1253 3871 1307 3932 rel
1319 3869 1526 3945 Bethlehem,
1544 3870 1634 3934 idest
1647 3871 1682 3933 in
1697 3862 1869 3943 doncuria
1909 3869 1910 3930 J

274 3969 341 4031 tem
378 3966 590 4045 sapientium,
615 3966 701 4029 idest
724 3981 840 4028 eorum
859 3964 916 4044 qui
935 3965 1071 4043 sapiunt
1123 3966 1375 4034 etenmdauua
1388 3967 1650 4046 raqiseoeleetie.
1909 3953 1910 3960 '

244 4053 246 4060 ’
274 4064 413 4127 realiter
425 4062 511 4141 quod
526 4063 655 4138 dicunt;
682 4064 788 4139 Sapor
810 4065 922 4125 autem
944 4078 989 4125 ex
1011 4078 1070 4126 ore

274 4161 441 4241 procedit3
469 4163 503 4224 et
525 4160 582 4224 bic
601 4162 654 4224 eet
673 4161 814 4233 sanitas,
843 4159 931 4225 idest
951 4163 1070 4224 contra

273 4277 406 4324 omnem
431 4260 626 4336 languorem
648 4257 803 4321 idoneam
824 4256 925 4320 habet
941 4274 1068 4321 curam.
1363 4227 1503 4291 SllliMO
1534 4220 1679 4290 mm·
1909 4315 1910 4346 ἶ

274 4361 314 4422 Et
329 4358 404 4420 ideo
417 4357 533 4433 lingua
547 4372 668 4419 canum
682 4357 736 4418 est
747 4355 969 4431 medicinalis,
982 4355 1070 4418 idest
1124 4361 1285 4426 hecarnali
1300 4366 1455 4439 voluptate,
1471 4381 1534 4439 que
1548 4365 1758 4441 perpanlyelm
1768 4353 1875 4434 ιῑςπιθυεδ

274 4454 550 4531 predicatorum
569 4454 656 4516 unde
680 4452 908 4516 Ecclesiastlci
930 4451 1068 4534 (32,7):
1283 4460 1330 4513 tur
1344 4470 1352 4512 ε
1365 4453 1486 4527 quatita
1500 4454 1536 4516 ab
1555 4469 1590 4513 aa
1610 4456 1753 4516 liberatur·
1909 4459 1910 4486 ³

274 4550 475 4612 ‹Gemmule
489 4551 687 4613 carbunculi
709 4551 745 4611 in
769 4552 965 4613 ornamento
980 4551 1068 4624 anri,

274 4648 1070 4822 glscecnruirirtaurffrffisslzzffiutrgstgzngggiaegr,
1163 4697 1248 4761 toris
1262 4697 1338 4767 clus
1351 4711 1363 4754 .·
1377 4697 1584 4758 creterrarum
1603 4683 1874 4757 stratumoersosb
1909 4719 1910 4798 Ξ

274 4840 470 4904 convivium
479 4842 549 4904 vini
558 4841 754 4904 delectabile
765 4842 865 4917 estet
871 4842 1067 4919 jucundum,
1164 4793 1203 4852 m
1216 4791 1422 4863 infimitate
1436 4794 1522 4864 Μ’
1540 4790 1646 4871 (Μ’
1660 4793 1710 4865 ⁴⁰⁵
1722 4788 1764 4868 ⁴⁸)
1909 4921 1910 4930 ἵ

273 4940 421 5003 maxime
448 4938 506 5001 uhi
536 4942 588 5002 est
619 4939 824 5016 comparatio
852 4939 1067 5001 musicorum.
1164 4940 1359 5004 versiculus
1408 4941 1473 5004 iste
1517 4940 1699 5004 concordat
1734 4928 1876 5008 &angeio
1909 4933 1910 5006 ᾗ

275 5037 603 5100 Sicutinstrurnento
613 5036 740 5098 musico
753 5036 894 5114 oportet,
906 5036 1072 5115 quodom-
1126 5036 1257 5118 (matth.
1269 5041 1300 5110 8,
1316 5037 1363 5119 6),
1380 5039 1415 5101 in
1436 5054 1502 5117 quo
1526 5039 1650 5117 legitur
1671 5038 1711 5100 de
1731 5027 1876 5113 paralyh'cc
1909 5023 1910 5028 ’

274 5150 334 5197 nes
347 5136 492 5208 chordae,
509 5136 543 5197 et
557 5134 698 5210 singula
713 5134 1007 5211 proportionaliter
1021 5151 1072 5196 so-
1125 5149 1222 5197 servo
1248 5133 1471 5209 centurionis,
1497 5136 1538 5198 de
1561 5151 1627 5213 quo
1653 5133 1732 5195 dicit
1751 5153 1759 5192 ε
1782 5129 1876 5188 «Puer

274 5232 366 5303 nent,
383 5233 417 5294 et
435 5229 803 5309 aequalitersecundum
818 5230 1070 5308 dispositionem
1124 5245 1220 5294 meus
1231 5233 1323 5309 jacet
1337 5231 1385 5312 (3)
1399 5233 1603 5313 paralyticus
1623 5233 1659 5295 in
1674 5231 1765 5302 lecto,
1779 5217 1876 5290 ellit!⁰

274 5344 370 5390 suam
382 5327 449 5390 sint
463 5330 630 5390 extentae:
647 5326 696 5388 sic
710 5326 932 5390 instrumento
946 5327 1072 5405 praedi·
1124 5330 1309 5407 torquetur.
1327 5329 1478 5394 »uetus
1489 5321 1874 5408 ecttcmporalisialicitssl

1123 4599 1292 4658 Dmntuua
1306 4611 1405 4672 opero
1420 4599 1512 4672 reret
1527 4600 1576 4660 ttlt
1588 4605 1696 4672 uapor
1714 4590 1873 4661 cadeudo·
1909 4561 1910 4654 ἕ

200 5571 201 5574 ¹
277 5484 583 5574 Η())Ἰιι.1ενιωαὶςιιι,
606 5491 661 5568 etc.
677 5483 762 5567 vulg.
782 5500 789 5542 :
806 5484 980 5544 Commorati
1003 5493 1070 5544 aunt
1125 5485 1134 5500 ⁸
1161 5484 1205 5626 (23
1220 5485 1305 5559 iulg.
1324 5485 1616 5570 :dveueneeemilaa
1630 5487 1660 5545 in
1674 5487 1797 5558 mmmm.

277 5553 325 5610 lbi.
341 5555 442 5612 ulossa
455 5570 524 5612 vero
538 5555 731 5612 interlinearis
743 5554 866 5627 explicat
881 5573 888 5613 :
904 5558 936 5614 ln
954 5554 1067 5614 Bethle·
1161 5556 1192 5625 (d
1220 5557 1305 5630 vulg.
1318 5571 1325 5612 :
1337 5558 1410 5615 Puer
1417 5565 1624 5641 nieuejacelrn
1637 5557 1722 5614 dono
1732 5546 1875 5628 puellm
1909 5607 1910 5610 ,

277 5624 355 5680 henr.
1125 5633 1153 5683 et
1181 5625 1256 5685 maie
1279 5634 1433 5702 torquetur.
1463 5629 1519 5686 diu
1539 5635 1633 5686 umen
1658 5627 1752 5700 legum
1768 5638 1800 5678 ει
1824 5619 1876 5674 puer
1909 5627 1910 5682 l
