3950 6200
244 316 306 377 655
668 317 702 376 S.
731 315 906 377 ANTONII
934 316 1122 379 PADUANI
1152 317 1290 379 OPERA
1318 315 1463 379 OMNIA.
1814 322 1863 385 656

245 475 335 547 bine,
352 476 385 535 et
398 473 521 551 pluvia.
534 473 635 546 Quasi
650 473 740 535 dicat
755 495 762 536 ι
777 474 899 536 Christi
913 474 1035 536 buma-
1091 476 1401 547 darneuttejuatet
1413 474 1864 554 commutassemus

246 572 333 634 nitas
348 572 413 633 erit
426 571 522 632 nobis
545 571 581 630 iu
596 571 837 644 umbraculum,
853 573 886 633 et
909 571 943 632 in
958 587 1038 649 pro-
1092 572 1433 648 irztrabitlboqnitur
1454 575 1565 633 autem
1589 573 1637 633 ibi
1662 574 1725 635 lob
1739 574 1777 635 de
1797 576 1862 637 dia·

245 670 420 730 tectionem
436 667 477 741 ab
492 668 576 728 aestu
589 667 667 740 diei,
680 669 810 730 scilicet
820 669 1015 731 tentationis
1028 684 1035 740 ;
1092 667 1179 739 bolo,
1196 668 1357 745 quiverit
1375 669 1415 729 ad
1432 685 1504 741 nos,
1519 669 1606 730 sicut
1622 670 1743 731 mulier
1762 676 1862 734 ornata

245 765 280 825 in
292 764 505 826 securitatem
519 781 539 825 a
554 764 698 833 turbIne,
715 765 844 828 scilicet
858 764 1035 825 mundanae
1093 763 1325 839 pulcherrimis
1344 765 1509 840 restibus;
1534 769 1568 827 et
1590 765 1655 827 boc
1681 766 1728 838 iit,
1751 769 1863 844 qnando

244 861 501 939 persecutionis3
515 863 548 922 et
562 862 596 921 in
610 861 864 923 absconsionem
889 877 909 923 a
924 861 1037 939 pluvia
1092 863 1239 922 tentator
1252 860 1402 922 diabolus
1416 863 1513 939 quasi
1529 863 1677 935 indutus,
1692 865 1727 925 et
1747 867 1864 927 ornatus

245 958 358 1020 iluidae
378 961 501 1020 nostrae
515 958 741 1020 mortalitatis.
759 961 825 1020 Per
848 958 911 1020 boc
926 960 1037 1019 autern
1094 956 1241 1032 pulchris
1262 958 1468 1019 ornamentis
1491 962 1722 1037 repraesontat,
1737 963 1771 1023 et
1784 962 1865 1024 oilert

244 1055 332 1133 quod
347 1055 468 1115 dicitur
479 1076 487 1114 :
500 1055 670 1117 Exultavit
680 1057 716 1116 ut
727 1055 834 1131 gigas,
851 1055 1038 1130 etc.,signi·
1093 1053 1188 1114 uobis
1203 1069 1242 1114 ea
1263 1048 1337 1131 quaa
1352 1055 1493 1131 placent,
1510 1056 1639 1118 scilicet
1657 1058 1805 1119 carnales
1816 1075 1865 1121 uo·

245 1153 509 1215 iicatvictoriam
523 1151 700 1229 passionis,
715 1156 749 1213 et
762 1151 967 1228 apertionem
978 1154 1036 1228 ja·
1093 1150 1248 1227 luptates‚
1265 1153 1299 1213 et
1317 1151 1505 1227 hujusmodi
1527 1168 1665 1230 pompas
1690 1155 1863 1227 saecuurcs,

245 1265 332 1312 nure.
364 1249 534 1312 Excitavit
565 1252 601 1311 ut
627 1248 729 1323 'viges
762 1247 803 1309 ad
838 1248 1037 1310 currendam
1093 1246 1153 1307 sub
1172 1246 1292 1325 quibus
1315 1247 1397 1309 latet
1422 1248 1515 1310 labes
1536 1251 1678 1325 peccati,
1702 1251 1737 1311 et
1759 1252 1865 1313 interni

244 1346 352 1420 viam3
383 1346 540 1423 quoniam
565 1345 660 1407 iortIs
691 1345 840 1407 cucurrit
873 1344 1037 1413 Christus,
1092 1343 1291 1420 supplicium
1317 1345 1564 1421 sempiternum.
1589 1347 1678 1408 Dicit
1702 1348 1863 1423 ergolob:

245 1443 324 1520 quia
342 1443 414 1519 ipse
430 1442 548 1504 sorti0r
561 1442 812 1519 superveniens,
828 1441 946 1505 iortem
961 1442 1040 1503 alli·
1092 1441 1172 1512 Quis
1183 1439 1471 1503 revelabitiaciem
1483 1441 1667 1504 indumenti
1679 1445 1862 1518 ejustidest,

245 1540 347 1616 gavit,
362 1540 396 1601 at
408 1541 519 1616 portas
533 1538 656 1601 inserui
671 1539 845 1616 conuegic
1093 1538 1167 1614 quis
1181 1537 1416 1609 considerabit,
1431 1538 1509 1615 quid
1522 1538 1582 1600 sub
1596 1539 1683 1601 facie
1698 1540 1863 1602 indumenti

286 1634 348 1707 Qui
363 1635 463 1696 etiam
481 1634 644 1696 exultavit
659 1638 695 1697 ut
708 1636 815 1711 gigas,
829 1651 903 1696 cum
921 1633 955 1695 in
968 1633 1039 1695 sor-
1092 1636 1165 1710 ejus
1186 1633 1302 1705 lateat,
1320 1635 1405 1696 idest
1422 1635 1484 1695 sub
1501 1635 1560 1696 illa
1579 1637 1760 1714 voluptate,
1781 1653 1862 1714 quam

244 1732 386 1794 titudine
401 1734 608 1809 sualanuam
623 1734 716 1808 regni
729 1733 873 1794 coelestis
885 1731 1036 1808 aperuit3
1054 1761 1058 1768 ·
1094 1729 1189 1790 nobis
1209 1731 1385 1807 praetendit
1408 1731 1578 1793 diabolusi
1592 1736 1727 1809 Detege,
1749 1735 1780 1795 et
1791 1734 1862 1806 vide,

246 1829 333 1889 unde
346 1828 451 1890 isaias
467 1826 530 1906 (63,
548 1827 580 1907 1}
598 1850 605 1887 :
620 1845 638 1888 a
654 1829 733 1900 Quis
752 1831 803 1891 est
825 1830 891 1890 iste
909 1819 1037 1889 tormo-

245 1941 303 1986 sus
328 1926 363 1985 in
386 1926 471 1987 stola
487 1941 558 1996 sua,
578 1924 736 2001 gradiens
764 1927 799 1985 in
828 1925 1038 1987 multitudine

245 2022 380 2084 uirtuIIs
392 2020 440 2100 (1)
452 2024 539 2083 suaet
549 2039 567 2082 s
578 2023 735 2099 Sequitur
750 2045 757 2083 :
774 2023 844 2084 Nec
858 2023 978 2099 estqui
1002 2037 1038 2082 se

246 2117 427 2179 abscondat
441 2133 461 2179 a
474 2118 584 2179 calore
608 2121 695 2194 ejus;
711 2133 770 2195 per
779 2119 865 2195 quod
886 2119 1039 2193 signatur

247 2214 391 2292 Spiritus
405 2215 518 2275 Sancti
531 2215 646 2276 missio
659 2215 711 2276 sel
726 2215 790 2276 hoc
804 2216 956 2291 signatur
969 2230 1041 2276 cor·

245 2312 353 2388 reptio
370 2332 377 2371 :
393 2311 549 2387 quoniam
562 2312 705 2388 Spiritus
716 2314 857 2374 Sanctus
871 2316 1039 2374 mandam

245 2408 371 2485 maaet
382 2411 423 2469 de
435 2409 584 2483 peccato,
599 2411 792 2484 dejectam,
805 2411 839 2472 et
850 2410 1039 2482 dejesttlia

246 2503 358 2583 (ioan.
375 2507 423 2577 16,
444 2504 489 2583 8).
506 2507 642 2581 Arguat,
658 2508 806 2582 inquam,
824 2506 982 2567 mundum
998 2506 1040 2566 de

245 2600 381 2674 peccato
402 2599 487 2675 qu'od
512 2598 622 2670 babet,
637 2599 678 2660 de
697 2600 829 2675 justitia
852 2615 951 2677 quam
972 2615 1039 2661 non

246 2692 355 2765 babet,
372 2693 412 2755 de
422 2694 550 2771 jndicio
566 2695 652 2772 quod
667 2711 735 2756 non
751 2695 857 2757 timet.

491 2961 631 3023 SERMO
651 2962 802 3022 XXXIII.

248 3102 289 3158 De
316 3100 419 3173 triplici
446 3108 564 3172 peccato
592 3099 766 3175 plangendo.
792 3103 833 3159 De
858 3102 1040 3174 corruptione

300 3189 458 3262 peccatoris
476 3204 527 3263 per
546 3190 666 3247 aliorum
685 3190 792 3248 malum
811 3190 985 3263 exemplum.

248 3325 379 3387 Delicta
408 3327 485 3400 aaa
511 3325 690 3401 caecamur
708 3328 751 3387 ab
785 3325 923 3388 occultis
951 3329 1040 3386 mets

286 3424 416 3483 manda
429 3435 497 3494 me,
516 3424 662 3483 Domine
675 3438 686 3481 .·
696 3422 730 3482 et
744 3423 786 3482 ab
800 3425 922 3485 alterata
932 3436 1039 3497 parce

1093 1827 1171 1904 quid
1188 1827 1289 1889 lateat
1303 1828 1363 1888 sub
1383 1829 1559 1905 superficie
1578 1829 1802 1892 delectationis
1814 1846 1865 1891 er·

1092 1924 1236 1996 terioris,
1248 1940 1314 2002 qua
1326 1925 1462 1987 indutus
1478 1928 1528 1988 est
1541 1929 1698 2000 tentator,
1715 1929 1803 2003 quasi
1815 1928 1861 1987 in-

1093 2019 1266 2095 dument03
1281 2036 1342 2082 nec
1353 2021 1400 2081 ibi
1413 2024 1560 2098 reperies
1576 2023 1641 2083 nisi
1657 2025 1863 2099 peccatum,el

1094 2117 1220 2192 peccati
1242 2117 1421 2195 sequelam,
1437 2121 1598 2180 aeteruum
1615 2119 1744 2182 scilicet
1762 2120 1862 2196 flagel-

1093 2213 1173 2273 lum.
1191 2214 1267 2275 Noli
1287 2229 1367 2289 ergo
1384 2214 1490 2275 solum
1508 2215 1691 2296 consistere
1705 2216 1740 2277 in
1760 2232 1863 2293 super-

1093 2310 1180 2382 ficie,
1196 2310 1253 2371 sed
1268 2311 1299 2371 si
1312 2326 1377 2388 qua
1400 2310 1506 2373 latent
1522 2315 1637 2389 pejora
1651 2317 1742 2390 puta.
1758 2312 1861 2390 sequi-

1094 2407 1148 2467 tur
1163 2423 1171 2466 :
1187 2424 1207 2467 c
1221 2409 1260 2469 Et
1274 2408 1309 2467 in
1322 2407 1430 2469 medio
1445 2408 1514 2469 oris
1529 2412 1601 2485 ejus
1612 2411 1687 2486 quis
1697 2409 1864 2470 intrabitls

1094 2505 1160 2564 Per
1188 2518 1226 2564 os
1260 2503 1479 2579 intelligimus
1516 2505 1708 2566 suasionem
1744 2503 1862 2566 diaboli.

1094 2601 1224 2661 Intrare
1239 2615 1318 2676 ergo
1341 2601 1377 2661 in
1392 2600 1641 2680 0001011011,οἤ
1656 2603 1862 2670 considerare,

993 2753 995 2758 .
1094 2700 1127 2757 et
1150 2699 1326 2773 penetrare
1348 2697 1455 2775 ipsius
1478 2699 1709 2771 tentationem,
1729 2697 1863 2760 conside-

1093 2792 1199 2855 rando
1209 2795 1339 2857 scilicet
1350 2795 1494 2856 medinm
1510 2796 1578 2856 oris
1590 2795 1677 2874 ejus,
1691 2796 1781 2866 illud,
1793 2793 1864 2872 quod

1094 2891 1129 2951 in
1154 2891 1262 2952 medio
1283 2891 1511 2968 persuasionis
1528 2895 1600 2970 ejus
1624 2893 1801 2954 involutum
1814 2892 1863 2961 ost,

1095 2988 1217 3049 inferni
1231 2989 1360 3052 scilicet
1374 2991 1584 3066 supplicium.
1595 2991 1691 3052 Certe
1705 2991 1798 3067 pauci
1808 2989 1862 3049 bo-

1094 3085 1148 3147 die
1169 3085 1400 3162 considerant3
1424 3089 1457 3149 et
1477 3087 1552 3149 ideo
1575 3087 1698 3150 dicitur
1714 3110 1722 3148 ι
1736 3087 1823 3161 Quis3
1836 3087 1866 3145 ut

1094 3183 1168 3262 quis
1183 3184 1227 3245 sit
1248 3186 1325 3245 nota
1338 3184 1528 3262 paucitatis.
1545 3187 1582 3245 ln
1596 3185 1713 3246 eodem
1735 3184 1866 3261 sequitur

1095 3280 1159 3359 (41,
1177 3280 1227 3360 11)
1240 3302 1248 3341 ε
1264 3283 1346 3343 (Βο
1359 3280 1497 3343 naribus
1511 3285 1585 3358 ejus
1598 3281 1748 3358 procedit
1760 3280 1864 3349 fumus,

1094 3377 1180 3439 sicut
1201 3378 1276 3438 ollae
1300 3393 1470 3439 succensae
1492 3394 1587 3456 aquae
1608 3376 1656 3457 (3)
1680 3378 1866 3439 faventis.»

1094 3477 1159 3535 Per
1180 3490 1291 3548 nares,
1315 3475 1402 3537 sicut
1422 3475 1531 3547 scitis,
1559 3476 1737 3552 spiramus,
1765 3476 1796 3536 et
1819 3486 1867 3549 per

285 3531 388 3581 ww
410 3517 479 3580 Μ’
502 3515 607 3597 (psal'
630 3515 830 3595 18'13'14')
1094 3585 1194 3632 nares
1214 3572 1473 3646 suggestionem,
1487 3573 1520 3633 et
1536 3573 1788 3649 inspirationem
1806 3569 1867 3630 dia·
1923 3632 1924 3635 ,

285 3668 365 3729 'Iria
379 3666 544 3729 habentur
563 3666 599 3727 in
622 3667 687 3729 boc
707 3667 792 3728 loco.
807 3666 964 3744 Deplorat
992 3667 1039 3727 si·
1093 3666 1160 3728 boli
1189 3667 1421 3742 intelligimus,
1447 3684 1521 3745 quaa
1545 3669 1758 3745 comparatur
1779 3666 1864 3735 iuno,

247 3755 389 3842 quidem¹
412 3764 533 3826 mantis
568 3764 770 3840 caliginem,
800 3766 887 3826 sicut
923 3763 1036 3825 dicit:
1093 3763 1172 3840 quia
1205 3766 1354 3825 excaecat
1375 3764 1490 3826 oculos
1523 3765 1655 3826 mentis.
1686 3769 1752 3826 Per
1782 3763 1865 3825 ollam

247 3862 378 3923 Delicta
389 3865 466 3934 auis
486 3862 659 3938 intelllgi&
676 3861 871 3922 Interiorem
882 3861 1038 3922 vitiorum
1093 3875 1185 3920 mens
1200 3859 1345 3921 bominis
1360 3862 1495 3922 terrena
1510 3862 1732 3937 significatur,
1748 3876 1814 3938 qua
1831 3855 1865 3918 ab

247 3957 497 4032 scaturiginem,
512 3957 558 4017 ibi
576 3978 584 4017 ε
600 3960 649 4019 Ab
661 3960 897 4021 omatttsraeis
907 3961 1039 4019 masada
1093 3956 1245 4017 interiori
1267 3958 1471 4033 scaturigine
1491 3958 1651 4020 vitiorum
1663 3972 1826 4027 succensa,
1840 3956 1866 4015 et

245 4068 313 4122 ete,
337 4053 497 4125 Domine;
520 4054 726 4116 Exteriorem
747 4054 828 4117 mali
846 4054 1040 4132 persuasio·
1093 4053 1134 4114 ab
1167 4054 1345 4115 exterioris
1379 4055 1460 4115 mali
1495 4057 1717 4132 persuasione
1740 4055 1864 4119 femena

246 4166 334 4222 nem,
351 4150 398 4210 ibi
413 4171 421 4210 ε
436 4152 483 4212 at
494 4151 536 4212 ab
549 4154 671 4212 mteals
681 4165 787 4225 parce
801 4166 904 4213 servo
919 4151 987 4212 tao.
1000 4152 1040 4212 at
1094 4150 1188 4226 quasi
1201 4148 1268 4209 olla
1283 4164 1325 4209 ex
1340 4164 1377 4210 se
1387 4150 1508 4212 emittit
1522 4151 1683 4227 quosdam
1693 4151 1803 4227 globus
1813 4161 1867 4207 na

245 4264 307 4309 nos
321 4264 396 4309 cum
412 4246 590 4309 Psalmista
603 4248 746 4324 primum
757 4248 965 4325 deploremus
978 4247 1040 4307 de·
1093 4248 1200 4307 lorum
1226 4249 1592 4321 operumaxcaecantes
1610 4249 1726 4309 cemos
1745 4244 1865 4313 mentis;

245 4344 335 4417 licta,
361 4345 417 4422 qui
444 4359 518 4404 curn
546 4344 742 4406 deberemus
772 4345 927 4422 jndicere
949 4344 1039 4404 inter
1093 4342 1180 4403 unde
1194 4341 1372 4404 Psalmista
1385 4343 1507 4406 clamat
1523 4364 1530 4403 :
1544 4345 1677 4405 Delicta
1690 4347 1765 4419 00ίο
1779 4340 1866 4404 anta·

245 4440 346 4512 diem,
370 4443 403 4501 et
428 4439 526 4512 diem,
554 4441 641 4503 idest
671 4441 760 4502 inter
787 4455 889 4501 unum
914 4439 1037 4505 bonum
1092 4441 1188 4514 ltpiti

245 4552 340 4611 opus,
356 4538 389 4596 et
400 4535 502 4597 aliurn
517 4537 640 4598 bonurn
653 4552 747 4614 opus,
760 4539 793 4598 et
805 4537 853 4599 ita
868 4537 957 4598 inter
971 4535 1038 4596 duo
1135 4536 1291 4613 Sequitur
1311 4557 1319 4596 ι
1343 4538 1392 4597 Ab
1415 4539 1535 4599 aetatis
1558 4542 1647 4600 meis
1668 4541 1793 4599 manda
1811 4547 1865 4602 aaa

243 4630 332 4692 bona
346 4647 459 4708 opera,
475 4635 508 4694 et
521 4637 682 4709 praeterea
696 4634 805 4711 ipsum
818 4632 904 4694 diem
919 4633 1040 4709 dijudi·
1093 4634 1242 4704 Domine,
1259 4632 1301 4693 ab
1315 4633 1469 4694 interiori
1482 4635 1667 4696 tentatione
1686 4635 1801 4695 munda
1812 4644 1865 4694 me,

244 4744 324 4789 care
339 4726 546 4801 deberemus,
560 4729 647 4792 idest
671 4731 938 4792 circumstantias
958 4730 1037 4791 boni
1094 4731 1232 4791 Domine
1250 4750 1257 4789 :
1274 4730 1319 4789 et
1333 4732 1375 4790 ab
1395 4733 1536 4802 alienia
1550 4730 1638 4792 idest
1652 4731 1694 4792 ab
1708 4725 1865 4792 exurioris

242 4825 354 4901 operis
381 4826 611 4901 considerare,
634 4826 696 4889 Job
723 4826 854 4888 dicente
883 4826 927 4904 (9,
955 4826 1035 4906 28):
1093 4826 1172 4887 mali
1199 4825 1417 4902 persuasione
1440 4840 1547 4900 parce
1571 4842 1677 4889 servo
1699 4829 1766 4889 tao.
1788 4821 1865 4885 uado

248 4925 399 4984 Verebar
414 4937 520 4996 opera
533 4939 612 4986 mea
627 4941 638 4983 .·
652 4924 688 4983 in
709 4924 836 4984 tantam
859 4924 1037 4998 caliginem
1092 4923 1251 4985 Micbaeas
1265 4922 1310 5001 (7,
1325 4920 1360 5000 2)
1377 4943 1385 4982 :
1402 4924 1527 4984 Omnes
1539 4925 1752 4985 insidiaretur
1762 4926 1865 4984 aaa·

242 5035 357 5079 sumus
376 5018 531 5092 demersi,
548 5020 634 5098 quod
649 5021 708 5081 vix
731 5019 819 5080 inter
842 5021 983 5092 noctem,
1005 5022 1039 5082 et
1091 5023 1232 5096 guinem
1246 5016 1308 5097 (4),
1325 5021 1358 5080 et
1372 5021 1430 5079 eir
1450 5020 1602 5091 frat-rem
1612 5036 1716 5081 suam
1731 5018 1863 5081 senaar

242 5114 1036 5192 diem‚idestinterbonu1n,etmalumjudioare
1092 5120 1137 5178 aa
1157 5117 1318 5177 mortens
1339 5114 1499 5176 Diabolus
1521 5117 1610 5177 euim
1631 5119 1728 5193 quasi
1747 5115 1865 5176 venator

244 5226 431 5286 possumus,
446 5215 483 5273 ut
505 5213 625 5273 merito
650 5227 725 5272 cum
740 5213 918 5273 Psalmista
942 5212 1037 5274 dica·
1092 5212 1193 5274 babet
1225 5227 1327 5273 canes
1356 5212 1550 5285 venaticos,
1580 5213 1711 5276 scilicet
1732 5210 1861 5273 homines

243 5321 316 5366 mus
330 5323 337 5361 :
352 5309 482 5369 Delicta
505 5313 582 5381 qais
600 5309 777 5385 intelligit?
792 5309 1039 5373 Cuiconsonat
1092 5309 1268 5385 pessimos,
1283 5308 1369 5369 alios
1383 5309 1481 5369 malis
1492 5310 1656 5387 exemplis
1668 5318 1862 5382 corrumpen-

243 5401 326 5461 illud
340 5402 401 5464 lob
418 5401 482 5481 (41,
498 5402 544 5482 4).
559 5407 641 5471 Quis
654 5407 821 5469 revelabit
834 5409 958 5480 faciem
977 5410 1037 5468 tu·
1091 5406 1142 5466 tes
1158 5427 1165 5465 ε
1180 5420 1263 5482 quos
1285 5404 1375 5466 enim
1398 5404 1552 5467 diabolus
1578 5407 1651 5469 sola
1674 5401 1861 5484 suggestione

280 5530 321 5596 (1)
340 5531 421 5600 Valp.
438 5529 618 5590 fortitudinis.

251 5603 255 5611 ’
282 5598 324 5671 (⁹2)
340 5600 423 5669 Villa.
439 5600 575 5658 medium.
1127 5534 1168 5605 (3)
1187 5535 1268 5604 Villa.
1285 5540 1380 5605 alque.

1129 5606 1168 5678 (1)
1187 5605 1269 5677 l'utp.
1286 5604 1438 5677 sangiune.
