3950 6200
149 275 183 334 73
761 270 991 332 EP18TOLAE.
1014 270 1091 330 ΜΒ.
1115 270 1155 328 Χ.
1730 263 1771 322 74

145 431 278 492 nostrum
286 429 435 491 fideliter
443 427 672 507 exsequentes,
682 430 814 505 cognita
825 445 925 506 super
978 429 1063 490 tium
1083 425 1183 488 nimis
1204 425 1338 487 difficile
1357 424 1521 492 videatur,
1541 421 1715 484 remissuri
1729 420 1771 482 ad

142 530 197 590 hoc
208 527 404 603 diligentius
419 527 568 599 veritate,
583 526 671 587 dicta
687 527 850 588 electione
865 541 925 603 per
978 541 1040 586 nos
1067 524 1148 584 illud
1182 522 1387 603 sufficienter
1420 522 1628 590 instructum,
1661 519 1773 595 praefi-

143 625 327 686 sententiam
361 624 569 695 confirmata,
601 624 751 684 eumdem
780 623 922 700 presby·
978 622 1087 696 gendo
1120 621 1268 697 partibus
1300 619 1479 681 terminum
1519 618 1769 693 competentem,

141 726 234 784 terum
252 721 295 782 ab
313 721 433 782 eadem
451 721 591 783 ecclesia
616 723 849 792 removerunt3
866 720 923 780 sed
979 734 1044 794 quo
1060 718 1216 779 sacerdos
1231 719 1302 793 ipse
1321 731 1439 792 perse,
1456 731 1496 775 ac
1512 714 1693 791 capitulum
1712 728 1773 789 per

141 819 309 879 memorato
336 818 484 879 Roberto
511 834 548 879 se
578 817 619 877 ad
646 834 708 878 nos
737 817 923 894 appellasse
978 817 1230 891 procuratorem
1251 814 1405 874 idoneum
1426 812 1640 889 compareant
1658 826 1772 875 coram

140 914 333 977 mendaciter
347 916 530 983 asserente,
547 929 586 974 ac
601 914 722 976 dilecto
742 913 811 973 lilio
827 912 924 974 tratri
979 911 1076 972 nobis
1095 912 1232 987 Justam
1261 909 1359 969 dante
1390 909 1540 978 Domino,
1572 907 1771 969 sententiam

141 1014 163 1071 Ι.
183 1012 354 1087 capellano
380 1014 413 1073 et
433 1011 679 1088 poenitentiario
694 1012 819 1082 nostro,
844 1012 924 1071 tunc
978 1009 1172 1085 recepturae.
1187 1006 1277 1078 Quod
1291 1006 1319 1065 si
1335 1006 1505 1080 contingat
1519 1019 1579 1079 per
1590 1020 1649 1065 ros
1662 1002 1772 1064 termi-

139 1108 328 1184 apostolicae
369 1108 464 1169 Sedis
497 1108 619 1183 legato,
653 1123 673 1168 a
700 1107 796 1168 nobis
821 1122 922 1167 causa
978 1106 1053 1165 nari
1080 1105 1260 1180 negotium,
1290 1104 1323 1164 01
1348 1104 1462 1162 contra
1487 1100 1702 1168 sacerdotem,
1735 1100 1771 1160 ut

140 1206 314 1277 commissa,
332 1204 423 1265 idem
436 1204 549 1266 habito
565 1204 763 1281 prudentum
775 1204 923 1265 virorum
979 1203 1138 1274 creditur,
1165 1200 1363 1261 sententiam
1386 1198 1601 1275 promulgari,
1626 1196 1770 1273 capitulo

140 1301 278 1373 oonsilio,
302 1302 370 1363 rite
391 1302 639 1378 pronuntiatum
662 1301 764 1362 luisse
785 1316 805 1360 a
827 1300 924 1361 dictis
979 1299 1127 1374 ejusdem
1148 1297 1300 1359 ecclesiae
1326 1296 1410 1357 detis
1438 1294 1635 1357 auctoritate
1655 1294 1770 1355 nostra

137 1398 290 1475 judicibus
298 1399 477 1476 judicavit,
494 1399 528 1459 et
541 1402 699 1475 perpetuo
713 1397 846 1458 silentio
860 1397 925 1457 im·
979 1395 1149 1457 licentiam
1162 1394 1319 1469 eligendi.
1331 1392 1380 1454 Ad
1391 1393 1462 1453 haec
1472 1392 1625 1453 volumus
1637 1393 1669 1452 et
1680 1406 1772 1452 man·

139 1496 234 1572 posito
259 1496 442 1568 sacerdoti,
466 1495 606 1557 alterum
632 1496 822 1556 consecrari
847 1494 925 1556 iecit
979 1494 1106 1564 damus,
1124 1494 1160 1554 ut
1176 1507 1228 1561 ea,
1244 1507 1318 1567 qnae
1335 1490 1487 1551 debonis
1506 1488 1689 1550 Laonensis
1709 1503 1769 1549 ec-

139 1594 168 1653 iu
196 1594 390 1669 episcopum
422 1593 466 1653 ad
492 1594 669 1654 ecclesiam
695 1592 921 1653 memoratam
979 1590 1090 1652 olesiae
1113 1588 1311 1650 inveneritis
1332 1602 1352 1648 a
1372 1587 1510 1663 praelato
1526 1585 1668 1647 Roberto
1686 1584 1772 1645 alie-

140 1690 274 1768 cumque
282 1692 358 1767 jam
373 1690 479 1752 dictus
490 1689 658 1759 sacerdos,
670 1690 708 1749 ut
719 1703 924 1765 quocumque
979 1689 1058 1748 nata
1076 1689 1112 1747 iu
1127 1686 1274 1762 ejusdem
1288 1684 1440 1746 ecclesiae
1460 1683 1700 1760 praejudicium,
1717 1680 1771 1742 rel

139 1787 223 1847 modo
236 1787 397 1847 effectum
413 1787 524 1862 posset
542 1786 703 1861 impedire
713 1785 865 1862 justitiae,
882 1784 922 1844 ad
979 1786 1149 1854 distracta,
1164 1784 1205 1844 ad
1221 1787 1277 1860 jus
1297 1785 1331 1844 01
1346 1781 1581 1859 proprietatem
1596 1781 1702 1857 ipsius
1717 1780 1771 1841 le·

138 1883 354 1946 uenerabilem
370 1882 506 1945 fratrem
521 1883 709 1944 nostrum...
724 1881 925 1943 Bathonien·
979 1883 1094 1959 gitime
1114 1881 1290 1951 revocetis,
1307 1880 1427 1941 dilecto
1443 1879 1512 1941 tilio
1529 1882 1553 1938 l.
1574 1878 1686 1939 abbati
1700 1893 1773 1937 mo-

138 1982 407 2058 semepisoopum
420 1982 454 2041 et
467 1980 612 2056 collegas
630 1996 709 2041 suos
730 1979 924 2056 quasdama
980 1979 1118 2041 nestorii
1143 1979 1339 2039 Sanctorum
1362 1976 1594 2051 Apostolorum
1621 1975 1712 2036 Petri
1740 1975 1774 2036 et

137 2076 221 2138 nohis
234 2078 369 2139 litteras
384 2077 574 2149 obtinuerit,
596 2078 629 2138 et
648 2077 761 2153 postea
777 2075 924 2154 reliquus
979 2076 1075 2138 Pauli
1090 2077 1131 2138 de
1146 2076 1278 2151 Forgio,
1295 2075 1352 2151 qui
1367 2090 1426 2150 pro
1443 2074 1530 2135 tacto
1549 2075 1697 2149 ejusdem
1712 2087 1771 2132 ec-

137 2175 173 2234 01
196 2177 346 2236 nostram
376 2176 587 2250 praesentiam
614 2175 821 2244 accessisset,
849 2189 922 2245 nos,
979 2175 1090 2236 clesiae
1106 2173 1147 2234 ad
1168 2173 1285 2233 Sedem
1307 2172 1533 2247 apostolicam
1553 2168 1773 2246 personaliter

137 2272 288 2333 reuocatis
304 2272 477 2349 praedictis
492 2270 626 2340 litteris,
643 2271 863 2347 peremptorie
875 2270 926 2330 ci·
978 2270 1153 2338 laborarit,
1169 2269 1314 2346 injustis
1327 2269 1360 2329 et
1372 2268 1551 2328 moderatis
1564 2266 1719 2342 expensis
1733 2265 1774 2325 de

138 2370 265 2430 ierimus
287 2369 418 2430 dictum
440 2367 620 2430 Robertum
642 2370 754 2429 nostro
770 2382 806 2428 se
825 2383 925 2428 cons·
978 2368 1074 2429 bonis
1092 2367 1196 2443 ipsius
1214 2365 1364 2427 ecclesiae
1380 2364 1536 2425 satisfieri
1554 2362 1772 2423 nihilominus

138 2466 234 2541 pectui
257 2465 489 2543 personaliter
513 2465 792 2541 praesentandum,
823 2465 924 2525 certis
978 2465 1151 2531 iacientes,
1168 2462 1430 2523 contradictores
1449 2476 1509 2536 per
1526 2475 1701 2520 censuram
1717 2475 1774 2520 ec·

138 2578 224 2639 super
237 2564 301 2624 hoc
318 2561 555 2623 executoribus
571 2562 748 2637 deputatis,
763 2562 831 2637 qni,
850 2562 925 2621 exi·
979 2561 1212 2627 clesiasticarn,
1229 2559 1453 2635 appellatione
1468 2559 1605 2629 remota,
1622 2572 1774 2632 compes-

136 2660 220 2733 gente
233 2660 348 2735 ipsius
361 2658 580 2728 contumacia,
598 2657 742 2718 ludibrio
757 2657 922 2727 habentis
979 2659 1094 2730 cendo,
1121 2659 1223 2717 nullis
1253 2656 1373 2718 litteris
1397 2655 1616 2720 obstantibus.
1642 2658 1718 2725 eto,
1744 2654 1773 2714 si

137 2755 167 2812 ut
180 2752 314 2823 dicitur,
336 2751 529 2813 citationem
549 2750 749 2828 hujusmodi,
766 2752 800 2812 01
813 2755 923 2826 Apos—
979 2774 1052 2834 quae
1085 2754 1302 2832 apparuerint
1329 2769 1349 2814 a
1380 2751 1556 2828 saepedicto
1583 2752 1725 2813 Roberto
1754 2767 1774 2811 a

137 2848 231 2910 tolicae
247 2849 351 2911 Sedis
366 2848 565 2910 auctoritate
578 2850 612 2910 et
623 2849 749 2916 nostra,
765 2848 801 2908 in
815 2848 925 2923 ipsum
980 2854 1064 2916 sede
1089 2852 1279 2929 Apostolica
1304 2850 1499 2926 impetratae.
1534 2849 1625 2922 Quod
1654 2849 1774 2909 sinon

136 2945 485 3008 excommunicationis
492 2945 691 3006 sententiam
703 2945 922 3021 protulerunt.
979 2967 1104 3022 omnes,
1122 2951 1184 3011 etc.
1201 2952 1320 3010 Datum
1335 2948 1502 3018 Laterani,
1516 2949 1576 3008 vll
1593 2947 1668 3007 idus
1680 2947 1771 3017 maii,

138 3043 319 3121 0110111186
350 3039 566 3119 pertinaciter
593 3042 773 3112 sustinens,
804 3057 866 3103 1100
889 3041 924 3102 in
979 3049 1192 3128 pontificatus
1206 3046 1311 3108 nostri
1327 3059 1415 3106 anno
1430 3044 1570 3107 docimo.

138 3141 265 3203 termino
287 3140 358 3202 sibi
376 3139 526 3218 praetixo,
546 3156 609 3201 nec
627 3142 702 3217 post
720 3140 826 3212 illum,
847 3140 926 3201 licet
1329 3193 1336 3206 .

138 3252 330 3313 perannum
342 3240 377 3299 et
394 3237 539 3314 amplius
553 3238 764 3314 exspectatus
780 3253 800 3298 a
816 3236 923 3307 nobis,
1333 3299 1344 3321 ⁷
1403 3298 1451 3324 7,

137 3350 188 3410 per
199 3352 233 3398 se
246 3336 307 3399 rel
325 3350 385 3412 per
399 3335 543 3411 aliquem
556 3334 654 3395 'nobis
668 3350 705 3396 se
722 3336 925 3411 praesentare
1282 3295 1473 3384 CXXXVI

137 3435 265 3506 amarit,
297 3432 429 3508 ΓΘΗ(1110
454 3431 540 3507 apud
563 3430 680 3492 sedem
701 3431 925 3508 Apostolicam
1099 3453 1152 3510 Ad
1166 3452 1358 3510 Hernicum
1372 3461 1490 3522 repom
1505 3449 1648 3521 Ariolica.

137 3528 205 3591 dum
218 3530 264 3592 ibi
281 3545 354 3590 non
369 3528 442 3589 sine
460 3527 731 3590 incommoditate
750 3528 926 3605 multiplici

140 3627 335 3703 expectaret,
349 3626 462 3687 carnis
474 3625 619 3686 debitum
633 3624 721 3687 intra
731 3627 926 3702 praedictum

139 3724 311 3786 terminum
340 3723 545 3785 exsolvente.
579 3724 648 3784 Nos
674 3725 785 3785 autem
814 3723 928 3801 provi-

140 3819 242 3884 dentes
257 3821 413 3883 eumdem
429 3819 659 3897 presbyterum
681 3822 816 3897 propter
836 3821 926 3881 dila-
981 3813 1053 3885 Regi
1065 3811 1187 3883 buglis,
1202 3816 1233 3866 ut
1244 3807 1459 3880 archiepiscopo
1469 3806 1639 3865 cassellensi
1649 3812 1678 3863 et
1689 3805 1773 3862 hirni-
1797 3859 1799 3866 ,

138 3919 311 3993 pidationis
323 3918 455 3988 vitium,
479 3917 519 3978 de
541 3933 605 3994 quo
627 3932 694 3979 non
717 3917 929 3979 mediocriter
1017 3899 1121 3997 cicensi
1139 3907 1168 3996 el
1186 3898 1319 3995 0101191181
1335 3896 1478 3969 eliissi⁰llis
1491 3898 1519 3953 5⁰
1540 3895 1657 3969 [¹³80110
1675 3894 1775 3951 10111131

138 4015 180 4075 est
191 4016 338 4085 notatus,
356 4013 588 4085 amovendum,
600 4014 764 4089 pendente
779 4014 925 4089 negotio,
1017 3988 1186 4044 ¹⁴³⁰¹¹¹e¹¹⁸¹⁸
1200 3989 1323 4041 mm·

138 4111 475 4173 abadministratione
487 4111 684 4172 laoniensis
696 4110 859 4178 ecclesiae,
873 4110 927 4171 cui
1023 4110 1189 4172 Honorius
1198 4111 1385 4186 episcopus,
1397 4124 1513 4169 servus
1522 4123 1693 4168 serrorum
1702 4107 1774 4178 Dei,

139 4209 289 4286 anquam
309 4208 459 4268 intrusus
477 4207 639 4269 incubare
663 4209 869 4284 proponitur,
895 4210 928 4268 et
982 4208 1157 4269 carissimo
1172 4209 1207 4267 in
1223 4207 1353 4268 Christo
1369 4206 1474 4266 lilio...
1496 4204 1567 4280 regi
1582 4204 1712 4279 angliae
1733 4203 1778 4262 il-

1278 3580 1294 3635 7
1313 3577 1380 3634 maii
1400 3575 1478 3634 1116.

1097 3694 1224 3757 [Theman
1238 3693 1304 3744 1100.
1318 3693 1494 3748 Hiberuorum,
1507 3690 1583 3749 210,
1598 3688 1650 3752 ul]

138 4305 261 4368 inusus
276 4305 416 4367 illicitos
435 4320 631 4366 consumere
650 4304 736 4366 bona
756 4308 840 4381 eJus,
858 4303 929 4365 fra·
982 4305 1091 4376 lustri,
1122 4305 1263 4365 salutem
1298 4305 1331 4365 01
1361 4301 1585 4378 Apostolicam
1619 4300 1778 4362 benedic-

138 4402 279 4466 ternitati
293 4404 414 4465 restrae
428 4417 488 4478 per
497 4402 687 4479 apostolica
700 4403 825 4479 scripta
838 4418 929 4463 mau-
982 4403 1118 4464 tionem.

141 4498 257 4573 damus,
286 4501 451 4577 quatenus
477 4515 553 4559 eum
576 4498 618 4560 ab
640 4499 928 4560 administratione
1023 4499 1106 4571 Quia
1137 4497 1302 4574 judicium
1337 4497 1469 4557 tenetur
1495 4494 1638 4572 diligere
1670 4496 1781 4558 honor

140 4597 236 4674 ipsius
261 4597 415 4660 ecclesiae
439 4600 642 4667 amoventes,
679 4596 813 4657 interim
837 4595 929 4656 fideli
983 4597 1083 4670 regis,
1101 4595 1194 4657 decet
1208 4594 1468 4669 magnitudinem
1480 4595 1572 4654 tuam
1587 4594 1778 4669 101010]οε-

140 4711 292 4770 personae,
311 4694 440 4771 potenti
461 4709 500 4754 ac
518 4693 646 4755 idoneae
661 4693 927 4754 administratio-
982 4694 1101 4762 titiam,
1130 4694 1167 4753 ut
1195 4692 1231 4752 in
1251 4691 1415 4768 judicium
1444 4692 1668 4752 convertatur.
1696 4692 1777 4751 Cum

139 4806 205 4854 nem
228 4792 423 4869 huiusmodi
455 4789 680 4852 committatis.
706 4790 832 4852 Deinde
855 4790 927 4866 ipso
983 4789 1086 4864 igitur
1097 4788 1157 4849 sub
1173 4790 1264 4849 certa
1277 4785 1383 4847 torma
1396 4787 1581 4847 scribamus
1596 4785 1777 4848 uenerabi-

140 4887 175 4947 ad
189 4893 335 4951 uestram
350 4888 564 4964 praesentiam
578 4871 772 4959 convocato,
791 4887 820 4946 si
833 4903 928 4947 com·
981 4886 1069 4947 libus
1085 4884 1245 4945 iratribus
1260 4884 1421 4946 nostris...
1438 4883 1689 4958 archiepiscopo
1702 4884 1778 4944 Cas·

139 4986 291 5060 paruerit,
306 4985 453 5047 audiatis
467 4984 649 5059 negotium,
665 4985 698 5045 et
714 4984 743 5043 si
756 4983 928 5045 commode
983 4983 1119 5044 sellensi
1129 4984 1198 5045 01...
1215 4981 1425 5042 Limirioensi
1437 4984 1505 5042 et...
1523 4979 1677 5041 Clonensl
1689 4979 1778 5055 epis·

140 5085 206 5147 deri
229 5087 365 5164 poterit,
391 5084 614 5162 appellatione
638 5085 833 5162 postposita,
861 5085 927 5145 fine
983 5082 1076 5157 copis
1097 5095 1197 5156 super
1216 5095 1267 5149 eo,
1284 5078 1370 5154 quod
1386 5078 1550 5139 Robertus
1569 5079 1710 5136 Trarers
1725 5076 1780 5136 in-

140 5187 291 5246 canonico
313 5183 513 5253 terminetis,
539 5182 713 5248 iacientes,
741 5184 817 5254 etc,
844 5197 926 5258 pro·
982 5181 1096 5240 trusus
1120 5177 1242 5238 dicitur
1262 5177 1298 5236 in
1322 5175 1500 5236 laoniensi
1520 5173 1673 5245 ecclesia,
1695 5174 1779 5235 etei

142 5284 256 5344 cessuri
278 5280 500 5342 nihilominus
519 5280 635 5340 contra
657 5279 808 5339 eumdem
827 5295 926 5356 pres·
984 5292 1045 5352 per
1066 5274 1260 5340 violentiam
1282 5272 1464 5333 incubare:
1487 5270 1707 5331 serenitatem
1723 5287 1779 5331 re-

138 5375 291 5454 brterum,
312 5378 473 5455 quantum
495 5377 630 5453 dejure
651 5376 813 5454 poteritis,
838 5377 866 5435 si
891 5391 927 5437 se
983 5373 1072 5448 giam
1097 5370 1254 5447 rogamus
1276 5370 1310 5430 01
1332 5369 1505 5430 hortamur
1528 5368 1666 5440 attente,
1691 5385 1778 5445 qua-

140 5475 369 5538 contumaciter
383 5473 583 5545 absentarit;
600 5473 674 5533 etsi
690 5472 924 5549 comparuerit,
985 5471 1081 5531 tenus
1117 5484 1177 5545 pro
1213 5469 1326 5529 nostra
1362 5465 1560 5535 reverentia,
1590 5481 1721 5527 necnon
1747 5467 1780 5526 et

138 5569 304 5635 dummodo
332 5586 430 5650 posse
453 5586 515 5647 per
539 5587 598 5632 ros
624 5569 798 5632 terminari
823 5586 927 5646 nego-
983 5582 1097 5630 amore
1116 5565 1254 5644 justitiae
1275 5577 1334 5640 per
1354 5565 1388 5625 te
1409 5578 1449 5624 ac
1471 5563 1584 5626 lideles
1603 5564 1677 5625 tuos
1688 5563 1781 5641 judi·
