3950 6200
260 192 336 255 lael
680 196 715 255 S.
736 193 913 257 ANTONII
937 196 1126 257 PADUANI
1148 198 1288 260 OPERA
1309 195 1458 261 omnib
1825 196 1893 261 1252

256 355 409 419 vertitur.
419 357 489 416 Hoc
501 370 603 432 supra
615 354 802 431 expositum
815 355 876 416 est.
889 356 963 416 Non
974 371 1050 417 cou-
1106 359 1170 418 Per
1191 361 1303 419 omnia
1326 374 1429 434 regna
1453 359 1638 421 daemonnm
1654 353 1895 451 dispergentur,

256 454 408 524 vertitur,
419 454 555 530 eoquod
567 453 602 513 in
613 453 941 529 gladiosnolratrem
952 469 1049 514 sunm
1104 471 1177 530 quae
1191 457 1285 531 prius
1300 456 1505 528 nescierunt,
1519 457 1574 532 qui
1589 458 1625 517 in
1638 472 1708 517 uno
1723 458 1897 533 persistere

252 552 476 630 persequitur.
493 552 631 613 Haecest
645 566 735 621 caro,
747 567 822 628 quae
836 566 967 627 semper
978 566 1051 611 mo-
1104 552 1284 615 noluerunt
1300 571 1307 613 :
1322 553 1363 614 de
1376 570 1441 614 uno
1457 554 1546 613 enim
1569 554 1652 614 vitio
1672 555 1709 614 in
1724 554 1820 615 aliud
1835 556 1898 615 rui-

250 649 344 712 tibus
358 649 440 721 suis,
457 653 615 725 tanquam
629 648 740 722 gladio
757 649 967 724 persequitur
980 647 1051 724 spi·
1103 652 1169 711 tur.
1197 652 1237 712 lit
1259 652 1350 712 terra
1374 652 1495 712 mentis
1518 666 1634 712 eorum
1660 650 1847 723 desolatur,
1867 658 1898 713 et

255 746 499 808 mturntratrem
510 766 517 806 ε
528 747 1048 817 etviolatrntsericordiumejus,
1104 747 1296 808 destituitur
1318 748 1473 823 agratia,
1497 764 1537 808 eo
1557 748 1643 825 quod
1659 764 1728 809 non
1743 749 1790 809 sit
1803 751 1894 810 tran-

253 844 340 905 idest
363 843 629 905 misericordiam
657 844 692 903 in
716 843 945 903 crudelitatem
968 857 1050 902 con-
1104 845 1206 916 siens,
1222 847 1255 906 et
1267 848 1452 917 revertens,
1466 846 1660 922 quiscilicet
1674 848 1802 907 terram
1817 864 1898 923 pre-

253 943 366 1014 vertil,
393 942 470 1001 dum
498 940 649 1002 racundo
673 939 959 1009 delectationibus,
985 936 1049 998 sihi
1104 946 1230 1003 sentem
1257 943 1423 1004 currendo
1448 946 1614 1016 trauseat,
1646 947 1683 1005 ut
1707 943 1750 1005 ad
1777 946 1895 1005 terram

253 1040 374 1116 parcit
390 1041 498 1100 Furor
509 1040 620 1098 eutem
635 1038 708 1110 iste,
718 1038 751 1099 et
762 1037 949 1112 indignatio
963 1036 1051 1112 prio·
1105 1040 1348 1116 promissionis,
1372 1042 1496 1102 terram
1520 1041 1720 1115 nativitatis,
1740 1041 1785 1101 ad
1806 1046 1897 1103 aeter·

254 1152 327 1198 rum
342 1135 766 1211 motuumduratusquein
780 1132 1047 1194 tlnemlrominis.
1104 1151 1182 1198 nam
1225 1137 1383 1198 videlicet
1423 1136 1664 1199 beatitudinem
1697 1141 1894 1199 revertatur.

256 1233 399 1295 Undede
414 1234 556 1310 quodam
569 1233 703 1307 legitur,
719 1232 806 1309 quod
819 1232 896 1291 dum
911 1232 1001 1291 esset
1016 1230 1049 1290 in
1105 1234 1186 1295 item
1209 1233 1250 1295 de
1279 1234 1345 1295 bac
1367 1234 1594 1311 dispersione,
1619 1235 1727 1296 Exodi
1750 1236 1799 1313 (5,
1826 1234 1893 1312 12):

253 1333 403 1393 extremo
419 1330 535 1391 mortis
558 1331 719 1406 periculo,
734 1331 767 1391 et
778 1329 900 1389 mulier
918 1327 1049 1388 adeum
1103 1348 1122 1389 s
1141 1333 1320 1407 Dispersus
1335 1334 1386 1393 est
1400 1332 1543 1408 populus
1558 1348 1618 1408 per
1628 1348 1764 1393 omnem
1777 1337 1891 1395 terram

253 1429 463 1501 amessissel,
481 1426 566 1488 dixit
582 1449 591 1487 ι
605 1431 704 1497 lude,
720 1428 795 1487 tolle
808 1431 956 1499 puteant,
968 1428 1049 1498 quia
1103 1428 1240 1504 AEgypti
1265 1428 1307 1489 ad
1331 1429 1536 1504 colligendas
1563 1430 1688 1505 paleas.
1706 1448 1726 1489 ›
1752 1430 1892 1506 Populus

251 1528 462 1588 adducvivtt
483 1528 652 1600 metentem
667 1522 727 1601 (l).
756 1524 810 1583 Sic
830 1524 920 1583 Esau
945 1520 1049 1583 Jacob
1104 1525 1267 1585 malorum
1290 1529 1464 1598 adpulsos
1484 1526 1815 1602 temporaliumigne
1829 1543 1894 1588 cre-

252 1623 474 1699 parsequitur.
490 1624 564 1698 lpse
574 1624 687 1682 tamen
702 1619 823 1691 evadit,
840 1620 913 1679 siin
929 1617 1048 1679 baculo
1102 1621 1241 1683 mandas
1257 1622 1470 1698 dispergitur,
1484 1638 1551 1683 non
1565 1622 1606 1683 ad
1616 1639 1724 1698 grana
1739 1626 1894 1699 spiritua-

251 1720 432 1783 Jordanem
446 1721 607 1781 transeat.
631 1720 686 1779 Sic
700 1718 824 1794 legitur
843 1716 971 1777 dixisse
984 1719 1047 1778 Ja-
1101 1718 1194 1786 lium,
1207 1719 1326 1796 quibus
1341 1721 1466 1781 aeterna
1488 1736 1616 1781 merces
1637 1721 1791 1781 debetur.
1821 1724 1891 1782 ltem

252 1817 313 1879 eob
330 1816 425 1896 (tien.
446 1820 497 1887 32,
512 1816 565 1896 111)
578 1838 585 1877 :
599 1834 618 1875 s
633 1819 669 1877 ln
684 1815 803 1876 herulo
815 1830 890 1875 meo
904 1813 1047 1875 transivi
1102 1818 1135 1877 in
1152 1818 1272 1878 Genesi
1289 1815 1354 1895 (11,
1371 1819 1392 1877 2
1410 1817 1451 1877 ad
1467 1816 1501 1896 8)
1516 1839 1523 1877 :
1539 1818 1682 1878 Profecti
1705 1818 1747 1879 de
1765 1819 1891 1878 Oriente

251 1915 431 1978 Jordanem
446 1916 565 1977 istum:
583 1917 617 1975 et
630 1928 718 1974 nunc
731 1928 807 1974 cum
828 1910 957 1972 duabus
969 1912 1046 1972 tur·
1101 1916 1264 1975 venerunt
1286 1915 1321 1975 in
1345 1929 1497 1989 campum
1525 1916 1687 1986 sennaar,
1708 1915 1892 1975 aedificave-

251 2013 315 2075 mis
330 2012 544 2089 regredior.»
558 2013 619 2084 Qui
632 2011 720 2072 enim
735 2025 814 2071 vere
825 2009 969 2069 luctator
983 2010 1044 2078 est,

136 2148 140 2154 ,
250 2114 288 2172 tn
301 2110 534 2173 boculocrucis
544 2111 742 2178 dordonam,
755 2106 976 2168 idestfluxum
987 2105 1047 2165 de-

250 2207 406 2269 liciarum
416 2208 550 2280 transit,
561 2208 595 2268 et
607 2207 656 2266 sic
670 2220 749 2266 cum
758 2207 888 2265 duam
903 2205 1045 2269 turritis,

250 2305 380 2368 scilicet
393 2308 522 2377 activae,
550 2306 584 2365 et
608 2301 874 2378 contemplativa
887 2299 1045 2377 operibus

248 2403 393 2480 patriam
408 2403 554 2465 festivat.

287 2503 375 2576 Spes
383 2505 458 2573 qus
471 2506 510 2562 iu
522 2502 669 2561 Domino
679 2502 750 2560 Deo
763 2501 884 2572 ipsius,
896 2500 956 2570 qut
963 2497 1044 2570 fecit

247 2603 380 2670 coelum,
403 2600 438 2659 et
461 2599 607 2659 terram.
623 2599 661 2657 ln
676 2595 746 2657 alio
759 2594 893 2657 Psalmo
907 2592 971 2672 (39,
987 2590 1044 2668 bl:

246 2697 410 2766 «Beatus,
423 2698 519 2771 cujus
534 2696 715 2755 estnomen
726 2691 859 2753 Domini
868 2707 943 2767 spes
956 2692 1041 2765 ejus,

247 2794 298 2852 est
323 2807 390 2853 non
414 2791 562 2866 respexit
587 2791 622 2850 in
645 2790 821 2860 vanitates,
838 2790 873 2849 et
891 2787 1042 2848 insanias

247 2888 361 2959 falsas,
378 2886 497 2948 »idest
522 2900 587 2947 non
616 2886 766 2961 respexit
792 2900 848 2945 res
871 2899 992 2954 vanas,
1010 2885 1043 2945 et

244 2985 364 3059 falsas3
381 2985 466 3062 quod
481 2983 590 3045 iacere
601 2984 651 3044 est
659 2983 820 3043 insanire.
835 2981 930 3042 Unde
943 2980 1043 3041 lsaiae

246 3079 311 3162 (24,
327 3081 381 3162 6):
399 3080 623 3144 «Maledictio
644 3079 776 3142 vorabit
795 3080 936 3152 terram,
953 3092 1042 3154 prae-

244 3180 493 3253 varicaverunt,
504 3179 558 3240 vel
570 3178 793 3255 peccaverunt
808 3175 855 3254 (2)
871 3176 1040 3237 habitato-

244 3292 300 3339 res
316 3280 404 3354 ejus;
421 3279 454 3338 et
467 3277 700 3353 relinquentur
721 3275 875 3336 homines
896 3273 1039 3350 pauci»

244 3376 363 3451 etpost
384 3389 491 3451 pauca
507 3373 618 3450 (isaiae
641 3374 691 3442 24,
710 3370 762 3450 11)
781 3373 973 3432 :sDeserta
989 3371 1040 3431 est

243 3473 351 3534 omnis
373 3472 501 3542 laetitia,
516 3470 717 3531 translatum
731 3471 784 3529 est
794 3468 954 3543 gaudium
968 3468 1039 3530 ter·

243 3584 327 3630 rae.»
338 3571 422 3630 licre
437 3570 559 3645 quanta
574 3569 624 3629 est
636 3566 780 3632 insania,
793 3566 831 3627 ut
842 3565 965 3628 relicto>
974 3580 1040 3626 eoe-

241 3665 319 3729 lesti
333 3666 467 3741 gaudio,
482 3665 626 3726 terrenis
640 3663 804 3725 inhaereat
815 3663 913 3723 bomo
926 3684 935 3735 ;
950 3662 1037 3739 quod

242 3764 296 3824 est
309 3763 424 3824 mortis
439 3761 583 3824 occasio.
772 3743 786 3758 ⁵

461 3939 601 4001 sunno
621 3905 816 3999 csuuxnr.

241 4112 388 4182 Quomodo
404 4115 479 4171 Deus
491 4110 612 4169 edificat
625 4111 793 4177 ierusalem,
807 4108 881 4167 idest
896 4110 1034 4177 animem,

426 4199 476 4258 sed
496 4207 645 4273 peccatum
664 4197 848 4273 dispergitur.

240 4373 432 4442 AEdtrtcons
474 4369 670 4431 Jerusalem
712 4371 881 4429 Dominus
910 4384 921 4426 :
963 4370 1036 4428 dis-

278 4471 457 4540 persiones
491 4469 633 4528 Israelis
663 4465 893 4540 congregabit.
922 4462 1033 4542 (Psal.

281 4561 412 4641 1112.)

279 4733 327 4794 De
349 4731 414 4792 hac
440 4728 659 4806 dispersione,
688 4728 859 4790 Zachariae
883 4728 927 4806 (2,
956 4726 1031 4806 ll):

240 4829 421 4906 ‹Dispersi
446 4842 502 4888 eos
522 4841 582 4904 per
596 4826 707 4887 omnia
722 4840 838 4901 regna,
864 4841 937 4902 quae
953 4840 1034 4885 nes·

239 4927 389 4990 cierunt:
402 4926 435 4988 et
445 4926 536 4987 terra
548 4923 696 4985 desolata
708 4923 759 4984 est
768 4922 810 4983 ab
820 4923 881 4993 eis,
893 4938 933 4983 eo
946 4922 1032 4999 quod

239 5039 306 5085 non
318 5025 407 5084 esset
417 5022 597 5092 transiens,
609 5022 643 5081 et
657 5023 830 5081 revertens
845 5041 852 5080 :
868 5021 901 5081 et
911 5035 1034 5096 posue·

238 5123 317 5184 runt
337 5121 462 5183 terram
485 5118 740 5181 desiderabilem
761 5118 795 5177 in
819 5117 1032 5179 desertum.»

274 5422 315 5486 n)
330 5419 359 5477 s.
371 5420 471 5491 erog,
485 5418 532 5474 ns.
549 5419 587 5475 vv
598 5385 762 5544 ntat.‚'003.
780 5418 822 5473 rr.
896 5374 900 5382 ¹

273 5492 314 5560 (1)
331 5491 411 5548 vers.
423 5505 468 5561 gr.
486 5488 561 5545 Lxx
579 5495 608 5544 et
622 5486 713 5558 arab.;
756 5485 814 5561 ulg.
832 5504 838 5544 ι
855 5485 1027 5559 peccabunt.

1100 2014 1179 2071 runt
1192 2011 1322 2078 turrim,
1334 2013 1367 2073 et
1379 2014 1494 2086 postea
1506 2011 1635 2071 contusi
1650 2014 1740 2081 sunt,
1754 2016 1788 2071 et
1799 2012 1890 2071 divisi

1100 2108 1134 2169 in
1155 2107 1330 2168 universas
1345 2109 1463 2170 terras.
1489 2110 1640 2169 sennaar
1656 2108 1891 2184 interpretatur

1100 2205 1198 2266 soetor
1212 2221 1339 2277 eorum,
1353 2206 1408 2266 vel
1420 2205 1575 2266 excussio
1590 2206 1752 2265 dentium·
1773 2208 1808 2265 ln
1819 2206 1891 2267 deu·

1100 2303 1186 2363 tibus
1202 2303 1354 2377 signatur
1368 2303 1536 2374 discretio,
1556 2303 1588 2362 in
1601 2303 1687 2363 turri
1703 2303 1817 2363 elatio.
1832 2303 1889 2374 Qui

1098 2416 1190 2475 ergo,
1216 2401 1332 2462 relicto
1358 2416 1438 2461 vero
1464 2402 1610 2470 Oriente,
1638 2400 1725 2461 idest
1750 2400 1887 2469 Christo,

1098 2497 1265 2559 aedillcaut
1282 2497 1317 2557 iu
1339 2498 1412 2558 loco
1427 2496 1557 2558 ioetoris
1583 2498 1703 2558 turrim
1724 2497 1886 2564 elationis,

1098 2594 1142 2655 ab
1154 2610 1194 2656 eo
1204 2594 1418 2656 excutiuntur
1432 2594 1546 2655 dentes
1560 2594 1787 2665 discretionis,
1800 2596 1832 2656 et
1843 2595 1887 2655 ita

1097 2694 1207 2753 mente
1218 2691 1476 2762 contunduntur,
1491 2694 1602 2751 utnon
1616 2691 1806 2766 intelligant
1813 2691 1884 2767 quid

1097 2789 1318 2865 appetendum
1340 2789 1394 2860 sit,
1419 2787 1497 2864 quid
1519 2788 1727 2862 fugiendum,
1749 2789 1806 2849 sed
1822 2788 1886 2849 cir·

1097 2901 1318 2963 cumquaque,
1342 2900 1550 2962 quocumque
1574 2885 1711 2945 duxerit
1736 2886 1884 2961 impetus,

1096 2983 1343 3059 disperguntur.
1355 2985 1608 3058 congregantur
1620 2982 1810 3058 hujusmodi
1822 2982 1885 3042 dis·

1095 3081 1278 3159 persiones,
1301 3095 1376 3142 cum
1396 3094 1554 3141 reversus
1566 3078 1608 3141 ad
1623 3082 1769 3142 mentem
1784 3079 1883 3141 dicit:

1098 3184 1205 3241 Unam
1227 3180 1314 3254 petii
1328 3195 1350 3240 a
1363 3182 1522 3248 Domino,
1545 3182 1634 3239 banc
1646 3180 1884 3251 requirerent

1094 3278 1280 3338 inhabitem
1293 3280 1329 3336 in
1338 3279 1439 3337 domo
1450 3279 1590 3336 Domini
1604 3278 1763 3337 omreibus
1775 3278 1885 3337 debus

1093 3376 1175 3435 eitae
1183 3389 1272 3435 mere
1286 3373 1389 3451 (Psal.
1404 3375 1456 3446 26,
1469 3372 1515 3449 1).

1132 3471 1333 3533 AEdillcatur
1347 3472 1458 3532 autem
1471 3470 1660 3532 Jerusalem
1675 3471 1712 3530 in
1726 3487 1788 3531 sex
1807 3484 1884 3546 por-

1092 3568 1147 3639 tis,
1165 3569 1202 3629 ut
1222 3567 1363 3629 babetur
1382 3567 1494 3628 lisdrae
1508 3566 1557 3645 (3)
1571 3587 1579 3626 :
1592 3567 1641 3627 sic
1653 3571 1688 3629 et
1702 3566 1886 3643 spiritualis

1091 3665 1287 3727 ierusalem.
1301 3665 1413 3725 Prima
1426 3665 1477 3725 esi
1490 3667 1586 3741 porta
1598 3666 1724 3740 gregis.
1741 3668 1820 3725 llaec
1836 3665 1885 3724 est

1092 3762 1294 3833 innocentia,
1320 3777 1418 3839 quam
1442 3761 1610 3823 aediiicant
1634 3761 1699 3829 illi,
1729 3762 1885 3838 quisunt

969 3866 973 3872 ’
1090 3874 1173 3934 grex
1195 3861 1393 3930 tonsarum,
1410 3859 1466 3936 qui
1482 3874 1543 3919 sua
1568 3858 1740 3934 deponunt
1754 3858 1885 3926 vellera,

1090 3959 1126 4018 ut
1149 3957 1226 4018 inde
1247 3957 1333 4019 alios
1353 3956 1508 4018 vestiant
1539 3955 1692 4016 Secunda
1712 3957 1765 4017 est
1782 3955 1883 4029 portu

1088 4058 1246 4128 pervum
1263 4056 1343 4115 Haeo
1356 4055 1407 4115 est
1420 4053 1593 4130 patientia,
1604 4068 1679 4129 quae
1694 4054 1737 4113 sd
1754 4053 1881 4114 modum

1090 4152 1190 4227 piscis
1214 4152 1249 4211 in
1273 4150 1429 4213 fluctibus
1448 4150 1692 4227 persecutionis
1712 4153 1883 4226 mergitur,

1090 4248 1147 4308 sed
1163 4263 1230 4309 nou
1242 4248 1462 4323 immergitur,
1475 4249 1527 4309 vel
1543 4248 1794 4322 submergitur:
1809 4251 1883 4309 tuu-

1090 4344 1189 4416 ditur‚
1211 4344 1268 4405 sed
1288 4359 1355 4404 non
1368 4344 1575 4420 impingitur.
1589 4344 1704 4405 Tertia
1723 4347 1775 4405 est
1785 4346 1884 4419 porta

1089 4442 1199 4502 vetus.
1212 4443 1291 4501 Haec
1303 4443 1356 4502 est
1370 4440 1504 4512 caritas,
1521 4440 1563 4501 de
1575 4455 1640 4517 qua
1652 4440 1883 4503 dicitJosnues

1090 4535 1145 4616 (li,
1169 4540 1197 4608 1,
1218 4537 1492 4614 5):Muudutum
1513 4553 1642 4599 leovum
1669 4553 1742 4599 non
1775 4539 1883 4599 aribo

1088 4638 1193 4706 vobis,
1220 4638 1281 4696 sed
1303 4637 1640 4708 qnodlrabzctmusub
1653 4636 1768 4696 initio.
1791 4633 1884 4694 Circa

1089 4732 1175 4793 hane
1190 4732 1318 4807 portam
1330 4731 1498 4794 aedillcant
1509 4730 1677 4802 aurifices,
1692 4731 1727 4792 et
1740 4732 1884 4809 pigmen·

1087 4830 1178 4901 tarii‚
1208 4830 1286 4906 quia
1310 4831 1343 4890 et
1368 4829 1403 4889 in
1425 4845 1462 4889 se
1483 4829 1632 4905 pretiosa
1657 4831 1726 4900 est3
1748 4827 1832 4906 quod
1847 4826 1882 4885 in

1088 4941 1170 4988 auro
1185 4949 1192 4986 :
1207 4929 1240 4988 et
1251 4926 1328 4987 aliis
1343 4926 1525 4998 odorifera3
1543 4926 1630 5001 quod
1646 4925 1834 5001 disignatur
1848 4923 1882 4983 in

1087 5026 1265 5100 pigmento.
1281 5027 1404 5096 Quarta
1422 5027 1473 5085 est
1485 5026 1590 5097 porra
1602 5028 1713 5095 11111111,
1734 5023 1880 5098 sineque

1086 5124 1215 5182 caetera
1230 5136 1295 5183 non
1308 5123 1446 5186 veniunt
1454 5123 1488 5182 in
1498 5120 1697 5195 aedilicium
1713 5120 1877 5198 quoniam.

1121 5427 1162 5499 (3)
1174 5429 1199 5485 ll
1215 5426 1312 5485 Esdrae
1326 5426 1358 5494 3,
1371 5426 1395 5481 l.
