3950 6200
119 338 166 414 ru
591 303 710 405 'rans
732 343 935 407 secunus.
950 376 992 392 -
1006 347 1201 412 uacuum.

120 498 286 585 1111111616
300 502 408 579 tuerit,
425 503 482 565 alii
493 500 689 565 fratresnon
706 503 874 567 dimittant

119 623 186 677 eum,
203 604 263 664 nisi
287 602 506 663 constituatur
527 616 613 660 unus
637 599 678 661 de
700 598 871 675 fratribus,

118 704 156 765 vel
168 702 278 780 plures,
304 698 332 759 si
352 714 487 759 necesse
511 696 621 769 fuerit,
648 698 704 775 qui
723 698 873 761 serviant

117 802 139 862 ei
154 799 227 860 sicut
239 797 360 859 vellent
379 795 441 857 sihi
459 796 588 857 serviri.
602 796 666 857 Sed
680 796 715 856 in
726 796 872 858 maxima

116 895 286 958 necessitate
301 894 438 971 possunt
456 893 565 969 ipsum
585 892 750 954 dimittere
770 892 872 954 alicui

115 1007 249 1071 personae,
265 1006 338 1069 quae
350 989 468 1051 debeat
488 1005 557 1051 suae
570 988 761 1052 satisfacere
772 990 871 1052 infir-

114 1089 208 1151 mitati.
222 1088 260 1148 Et
272 1102 353 1164 rogo
376 1085 513 1148 fratrem
528 1086 705 1159 infirmum,
722 1088 759 1149 ut
779 1086 871 1148 refe-

113 1189 151 1247 rat
160 1185 194 1246 de
203 1184 352 1246 omnibus
366 1184 493 1260 gratias
509 1184 677 1259 Creatori;
692 1186 725 1245 et
740 1185 871 1261 qualem

112 1283 235 1343 vulteum
248 1281 417 1352 Dominus„
442 1279 543 1342 talem
558 1295 594 1342 se
611 1296 683 1342 esse
694 1280 869 1354 desideret,

112 1381 163 1440 sive
190 1393 317 1450 sanum,
346 1378 417 1439 sive
444 1377 626 1452 infirmum;
654 1377 733 1454 quia
758 1393 871 1440 omnes

111 1492 173 1555 quos
185 1478 263 1536 Deus
278 1474 438 1538 advitam
452 1474 688 1552 praeordinavit
701 1478 870 1547 aeternam,

110 1573 287 1649 flagellorum
316 1574 416 1651 atque
451 1573 681 1634 infirmitatum
715 1572 870 1644 stimulis,

111 1673 136 1732 et
146 1671 391 1747 compunctionis
406 1671 526 1747 spiritu
541 1670 658 1741 erudit,
675 1670 761 1731 sicut
784 1670 872 1731 dici-

61 1792 63 1833 r
109 1768 189 1829 turin
201 1767 398 1845 apocalypsi
414 1789 421 1827 ι
438 1771 511 1845 Epo
525 1782 608 1841 quos
625 1781 715 1839 orno,
735 1771 873 1844 corrtpo

60 1868 62 1917 i
108 1865 133 1926 ct
147 1864 271 1941 costtpo.
301 1865 337 1925 Si
365 1865 475 1926 autem
488 1862 685 1936 turbabitur,
702 1864 772 1926 sive
786 1864 874 1925 iras-

59 1986 60 1989 *
107 1962 295 2023 celmcontra
308 1964 427 2033 Deum,
444 1961 515 2022 sive
532 1963 646 2023 contra
661 1960 803 2034 fratres;
820 1962 872 2023 vel

106 2058 128 2117 si
146 2057 218 2120 forte
251 2058 398 2120 sollicite
426 2058 643 2135 postulaverit
677 2058 870 2132 medianas,

107 2156 183 2216 nimis
196 2154 391 2217 desiderans
406 2155 549 2216 liberare
568 2171 702 2217 carnem
715 2157 780 2217 cito
796 2172 871 2217 mo-

106 2252 228 2326 rituram,
247 2269 321 2330 quae
350 2252 402 2314 est
422 2253 541 2313 animae
556 2252 710 2329 inimica3
740 2269 760 2314 a
784 2254 872 2316 malo

105 2349 151 2409 sibi
167 2351 279 2423 evenit,
297 2351 332 2412 et
347 2350 494 2411 carnalis
516 2352 577 2422 est,
598 2351 631 2412 et
650 2366 717 2412 non
740 2351 873 2413 videtur

105 2447 212 2508 essedo
234 2446 411 2521 fratribus,
435 2447 511 2525 quia
530 2446 605 2525 plus
622 2446 730 2525 diligit
752 2464 871 2527 corpus

104 2545 348 2624 mananimam.

371 2692 508 2754 CAPUT
523 2693 581 2753 XI.

102 2812 173 2876 Qvod
187 2814 319 2888 tratres
338 2829 410 2876 non
422 2814 663 2888 blasphement,
680 2815 871 2876 6666161111-

210 2910 296 2973 tant
305 2929 317 2983 ;
331 2915 396 2972 sed
415 2910 559 2988 turpant
573 2914 731 2973 tvtvtcem.
824 2932 826 2937 >

46 3080 47 3095 .
128 3033 161 3094 et
177 3050 288 3096 omnes
303 3034 429 3097 fratres
441 3037 582 3097 caveant
605 3034 671 3095 sibi
686 3035 720 3096 ut
732 3050 797 3096 non
809 3050 870 3096 ca-

98 3128 277 3195 lumnientur
290 3133 451 3211 aliquem,
464 3149 525 3195 nec
534 3132 735 3196 contendant
746 3133 869 3207 verbis

98 3226 290 3293 sedstudeant
297 3231 446 3293 retinere
459 3231 640 3304 silentium,
650 3229 872 3309 quandocum-

98 3339 146 3398 que
162 3327 207 3386 eis
238 3328 404 3389 Dominus
429 3328 571 3404 gratiam
603 3327 773 3403 largietur.
802 3329 872 3391 Nec

96 3418 205 3497 litigent
219 3425 308 3486 inter
333 3440 381 3498 se,
406 3440 468 3486 nec
488 3442 562 3488 cum
577 3425 653 3486 aliis
671 3426 747 3487 :sed
764 3427 870 3503 primo

96 3523 190 3580 curent
201 3521 378 3583 humiliter
388 3522 759 3599 responderedicentes:
775 3523 871 3584 Servi

94 3611 207 3677 inutiles
218 3636 348 3679 sumus.
366 3619 406 3680 Et
420 3635 485 3679 non
500 3618 699 3691 irascantur,
711 3621 788 3696 quia
804 3636 872 3682 om·

94 3710 144 3782 uls,
154 3715 205 3790 qui
213 3715 376 3778 irascitur
391 3715 486 3777 fratri
498 3733 570 3788 suo,
587 3717 701 3789 racha,
716 3732 792 3778 reus
807 3718 871 3778 erit

94 3808 233 3881 gehennae
246 3812 351 3888 ignis.
365 3811 404 3874 Et
415 3812 557 3888 diligant
569 3829 604 3875 se
617 3814 772 3884 invicem,
786 3815 872 3876 sicut

94 3904 231 3969 Dominus
246 3909 331 3971 dicit
349 3930 357 3969 :
372 3912 447 3971 Hoc
465 3910 517 3971 est
533 3913 872 3986 preceprommeom

94 4001 124 4060 vt
134 4005 274 4082 utttpotts
289 4010 451 4078 inuicem,
468 4008 556 4069 sicut
568 4010 674 4069 ddecet
685 4023 746 4070 vos
760 4007 869 4086 (toan.

93 4111 139 4170 nv,
162 4101 220 4181 12).
232 4106 273 4165 ut
292 4103 473 4166 ostendant
487 4120 529 4165 ex
544 4104 699 4182 operibus
721 4103 873 4167 dilectlo-

96 4208 278 4276 numquam
294 4200 417 4262 dehent
438 4202 480 4261 ad
507 4201 661 4263 invicem.
686 4199 772 4265 sicut
793 4203 873 4265 dicit

94 4295 869 4377 apostolus:n'onorrrpovnmverooootunpoa‚

95 4394 142 4452 sed
151 4406 248 4468 opere
258 4396 292 4457 et
309 4395 458 4457 veritate
475 4393 598 4473 (toan,
613 4411 662 4468 111,
681 4395 746 4475 18).
762 4397 873 4458 Nemi-

95 4500 155 4548 nem
167 4489 408 4568 blasphement,
426 4507 487 4553 uec
504 4496 722 4560 murmurent,
737 4511 797 4555 nec
808 4493 870 4556 de-

95 4583 211 4649 trahant
222 4590 322 4662 aliis;
339 4590 417 4667 quia
438 4589 597 4667 scriptum
613 4591 682 4652 est:
698 4593 872 4654 86611110-

94 4695 143 4743 nes
172 4687 205 4745 et
240 4687 458 4749 detractores
500 4688 582 4748 suist
621 4691 692 4749 Deo
735 4692 872 4752 odibiles

95 4771 872 4863 (terli,nvin‚15,etaom.,1,2a).utsinemo

93 4872 164 4938 desti
187 4895 314 4952 omnes,
336 4883 560 4943 monstrantes
582 4883 870 4945 mansuetudinem

94 4971 244 5037 adomnes
259 4977 433 5052 bomines;
459 4994 520 5039 nec
539 4977 702 5054 judicent,
713 4995 870 5041 naccon-

94 5065 240 5134 demnent.
256 5076 309 5146 nt,
325 5075 413 5136 sicut
427 5074 508 5137 dicit
521 5076 691 5148 Dominus,
709 5092 776 5137 non
792 5093 873 5137 con-

94 5163 221 5230 siderent
249 5170 386 5232 minima
416 5174 551 5248 peccata
575 5172 736 5246 aliorum,
771 5173 871 5235 immo

94 5264 250 5337 magissua
261 5269 445 5344 recogitent
459 5268 495 5329 in
506 5269 730 5331 amaritudine
750 5270 871 5332 animae

95 5371 162 5422 sua.
181 5364 220 5423 Et
244 5365 446 5427 contendant
468 5364 595 5427 intrare
615 5382 675 5442 per
696 5369 870 5442 angustam

95 5455 218 5529 portam,
234 5460 291 5536 qui
307 5459 387 5522 dicit
399 5459 573 5521 Dominus:
585 5464 742 5538 Angusto
755 5465 870 5538 porto,

96 5548 872 5636 erar-etaetaestooaeooouaovirometpoeee

95 5650 228 5724 rurvtput
238 5655 421 5715 invertunt
434 5669 520 5716 eum.
535 5653 747 5735 (hlatth.,v11‚
756 5657 820 5737 11.)

1660 353 1720 414 274

1205 511 1343 573 CAPUT
1363 508 1435 573 XII.

966 642 1017 702 Dc
1026 646 1115 704 mmo
1129 646 1218 716 etsta
1235 645 1270 706 et
1282 645 1480 719 frequentia
1493 647 1680 707 mulierum

1246 743 1398 803 vitanda.

967 871 1087 932 Omnes
1108 871 1239 945 fratres,
1267 873 1465 951 ubicumque
1485 875 1572 947 sunt,
1591 875 1644 936 vel
1658 892 1720 938 va·

927 967 1020 1040 dunt,
1035 973 1175 1030 caveant
1189 969 1252 1031 sibi
1268 986 1288 1031 a
1303 971 1391 1034 malo
1410 972 1496 1040 visu,
1512 974 1546 1034 et
1560 971 1720 1049 frequen·

926 1064 974 1125 tia
990 1065 1178 1127 mulierum.
1193 1068 1353 1129 Etnullus
1368 1084 1443 1130 oum
1459 1068 1508 1129 eis
1524 1070 1720 1131 consilietur

927 1162 1028 1224 solus.
1047 1164 1208 1226 Sacerdos
1223 1165 1361 1227 honeste
1389 1166 1544 1242 loquatur
1567 1183 1642 1228 cum
1657 1167 1718 1240 eis,

926 1256 1035 1320 dando
1063 1261 1310 1337 poenitentiam,
1338 1262 1391 1325 vel
1426 1261 1516 1323 aliud
1546 1263 1720 1340 spirituale

927 1355 1114 1416 consilium.
1128 1360 1167 1419 Et
1181 1358 1272 1419 nulla
1285 1360 1417 1436 penitus
1427 1360 1548 1422 mulier
1556 1360 1597 1421 ab
1607 1358 1719 1437 aliquo
1772 1350 1774 1357 ⁴

926 1452 1030 1515 fratre
1042 1455 1223 1531 recipiatur
1233 1455 1274 1517 ad
1288 1455 1525 1532 obedientiam
1541 1456 1598 1518 sed
1612 1457 1720 1518 dando

927 1549 991 1611 sihi
1001 1551 1178 1612 consilium
1193 1554 1379 1630 spirituale,
1396 1553 1452 1615 ubi
1471 1553 1626 1625 voluerit,
1643 1552 1721 1630 agat

927 1648 1167 1724 poeniteutiam.
1193 1652 1233 1712 Et
1260 1652 1400 1712 multum
1422 1666 1538 1714 omnes
1561 1666 1623 1712 nos
1643 1665 1722 1712 cus·

926 1743 1104 1817 todiamuS,
1120 1748 1153 1808 et
1163 1748 1274 1807 omnia
1294 1747 1440 1809 membra
1458 1748 1572 1809 nostra
1599 1748 1720 1808 tenea-

927 1856 1012 1913 mus,
1027 1843 1104 1919 quia
1117 1842 1197 1905 dicit
1205 1844 1364 1905 Dominus
1379 1862 1386 1900 :
1402 1847 1583 1918 omnesque
1594 1843 1721 1905 viderit

926 1943 1108 2001 mutierem
1139 1944 1183 2001 ad
1208 1946 1512 2017 concupiscendum
1534 1956 1623 2013 eom,
1641 1943 1722 2013 jum

926 2038 1114 2099 merebam
1127 2038 1180 2101 est
1191 2054 1270 2100 cum
1284 2052 1326 2101 eo
1341 2043 1379 2101 tn
1390 2042 1491 2102 corde
1505 2053 1580 2102 stro.
1595 2037 1716 2118 (matt,

926 2144 966 2213 V,
982 2142 1049 2223 28).

1199 2272 1336 2335 CAPUT
1350 2274 1438 2334 XIII.

1017 2405 1346 2478 Depraesumpttone
1364 2405 1616 2479 forntcattonts,

967 2551 1001 2613 Si
1019 2552 1091 2629 quis
1100 2551 1250 2624 fratrum,
1264 2553 1395 2616 diaholo
1408 2553 1599 2629 instigante,
1611 2551 1720 2614 forni-

926 2653 1070 2723 caretur,
1087 2649 1248 2722 habitum,
1266 2667 1362 2729 quem
1376 2667 1419 2712 ex
1437 2667 1498 2713 sua
1513 2649 1719 2729 turpitudine

926 2747 1050 2818 amisit,
1061 2748 1177 2809 extoto
1190 2747 1344 2825 deponat,
1357 2750 1390 2810 et
1399 2765 1419 2809 a
1428 2750 1542 2810 nostra
1556 2746 1720 2823 religione

926 2843 1058 2922 penitus
1078 2844 1275 2922 expellatur,
1299 2848 1333 2907 et
1355 2847 1471 2923 postea
1491 2834 1719 2923 poenitentiam

926 2941 1029 3005 faciat
1043 2943 1083 3003 de
1098 2942 1255 3023 peccatis.

1198 3143 1335 3203 CAPUT
1354 3143 1441 3204 XIV.

926 3285 1098 3351 Ortomodo
1108 3285 1241 3358 tratres
1253 3285 1396 3347 debeant
1407 3287 1461 3346 ire
1465 3297 1532 3359 per
1541 3284 1719 3344 murreum.

967 3434 1104 3505 Quando
1119 3433 1371 3496 fratresvadunt
1385 3449 1445 3511 per
1453 3432 1621 3504 mundum,
1634 3431 1719 3494 nihil

925 3535 1058 3609 portent
1070 3547 1130 3608 per
1144 3532 1314 3603 viam,nec
1325 3529 1505 3603 sacculum,
1516 3546 1577 3591 nec
1591 3545 1716 3607 peram,

926 3645 988 3691 nec
1002 3645 1134 3706 panem,
1151 3644 1211 3690 neo
1233 3628 1419 3704 pecuniam,
1439 3644 1499 3689 nec
1514 3627 1653 3703 virgam.
1681 3627 1720 3689 nt

926 3727 960 3786 in
974 3742 1215 3803 quamcumque
1230 3726 1363 3787 domum
1377 3726 1589 3797 intraverint,
1607 3723 1720 3786 dicant

893 3893 894 3898 ἵ
926 3824 1069 3901 primum
1082 3826 1170 3885 :Pax
1182 3823 1260 3885 huic
1271 3823 1393 3885 domui.
1405 3826 1443 3886 Et
1453 3823 1487 3884 in
1501 3821 1720 3885 eademdomo

926 3924 1111 3993 manentes,
1130 3922 1231 3984 edant
1259 3923 1292 3983 et
1310 3921 1423 3983 bibant
1440 3938 1513 3999 quae
1535 3918 1621 3998 apud
1644 3920 1720 3981 illos

927 4021 1015 4082 sunt.
1041 4021 1115 4080 Non
1144 4018 1424 4092 resistant’malo,
1441 4019 1498 4081 sed
1521 4017 1548 4078 si
1573 4018 1647 4095 quis
1662 4033 1720 4079 eos

928 4116 1144 4180 inmanillam
1166 4117 1380 4195 percusserit,
1395 4116 1565 4194 praebeant
1584 4116 1615 4177 ei
1641 4116 1722 4178 alte·

926 4229 1014 4288 ram;
1039 4214 1073 4276 et
1100 4216 1156 4292 qui
1178 4214 1326 4275 auferret
1347 4215 1396 4274 eis
1420 4212 1662 4283 vestimentum,
1687 4212 1721 4273 et

926 4311 1086 4383 tunicam,
1104 4328 1170 4372 non
1192 4310 1400 4388 prohibeant.
1432 4311 1528 4371 Omni
1544 4308 1666 4385 petenti
1682 4324 1719 4370 se

926 4407 1091 4482 tribuant;
1107 4409 1163 4470 sed
1178 4409 1207 4469 si
1221 4409 1295 4487 quis
1309 4406 1457 4469 auferret
1469 4424 1542 4486 quae
1558 4421 1618 4467 sua
1629 4405 1718 4475 sunt,

927 4521 994 4566 non
1011 4506 1173 4582 repetant.

1213 4702 1349 4765 CAPUT
1362 4704 1432 4763 XV.

967 4844 1060 4909 Quod
1069 4844 1202 4916 tratres
1214 4859 1283 4907 uon
1298 4847 1438 4908 teneant
1452 4847 1606 4919 bestiam,
1620 4861 1682 4908 nec

1239 4943 1400 5017 equitem.

967 5073 1109 5149 InJungo
1144 5075 1296 5136 omnibus
1334 5074 1493 5137 fratribus
1533 5075 1626 5147 mele,
1652 5076 1720 5135 tam

927 5169 1059 5231 clericis
1071 5187 1169 5249 quam
1181 5171 1287 5244 laiciS,
1305 5173 1460 5234 euntibus
1475 5187 1534 5249 per
1548 5170 1718 5244 mundum,

927 5266 1005 5329 licet
1018 5269 1225 5330 morantibus
1244 5270 1279 5328 in
1303 5267 1396 5341 locta,
1414 5270 1499 5347 quod
1516 5269 1721 5331 nullomodo

927 5364 1013 5441 apud
1043 5382 1090 5436 se,
1108 5382 1169 5427 nec
1197 5366 1283 5442 apud
1310 5365 1425 5436 alium,
1440 5368 1473 5427 et
1488 5366 1599 5443 aliquo
1624 5367 1721 5429 modo

926 5461 1067 5523 bestiam
1094 5462 1240 5539 aliquam
1273 5462 1428 5524 habeant.
1450 5465 1519 5524 Nec
1548 5464 1597 5525 ets
1622 5464 1723 5526 liceat

927 5559 1091 5637 equitare,
1110 5560 1175 5619 nisi
1202 5560 1396 5623 infirmitate
1412 5562 1465 5623 vel
1481 5576 1600 5638 magna
1612 5578 1724 5623 neces·

927 5657 1025 5719 sitate
1041 5660 1214 5732 cogantur.
