3950 6200
114 355 165 417 103

108 511 346 582 ramvestram,
360 512 397 572 et
417 508 569 571 homines
583 508 619 569 in
642 509 789 571 vestrum
808 524 897 584 pree-

107 610 255 688 jndicium
298 605 668 679 excommunicationis,
708 606 741 667 et
786 606 894 670 inter-

111 707 182 769 dicti
199 705 311 766 terunt
341 705 536 776 sententiae,
561 704 598 764 ut
623 704 672 765 sic
704 703 821 765 saltem
843 703 897 764 in·
952 721 958 726 ·

112 803 223 864 directe
257 816 436 862 censuram
473 799 734 863 ecclesiasticam
772 800 896 863 invoa

112 901 194 977 ipsos
218 899 411 971 exerceant,
440 914 540 976 quam
568 897 693 960 directe
716 899 894 975 nequeunt,

114 1011 150 1057 eo
185 995 268 1074 quod
307 995 548 1057 monasterium
584 995 730 1057 vestrum
759 1011 897 1073 exemp-

113 1091 203 1154 tionis
221 1089 369 1168 gaudere
386 1091 508 1154 dicitur
522 1091 709 1170 privilegio,
727 1107 895 1154 exercere.

113 1190 175 1250 llos
184 1189 283 1264 igitur
292 1189 326 1250 et
343 1204 459 1250 eorum
474 1189 663 1266 buJ'usmodi
675 1187 811 1250 obviare
825 1204 898 1250 ma-

114 1285 197 1357 litiis,
219 1283 251 1346 et
276 1285 426 1362 ejusdem
442 1284 648 1353 monasterii,
670 1285 756 1362 quod
770 1284 810 1347 ad
834 1285 896 1346 Se-

115 1382 181 1443 dem
201 1381 424 1459 apostolicam
448 1381 638 1443 immediate
658 1381 780 1444 dicitur
794 1381 899 1462 perti-

115 1494 195 1550 nere,
222 1478 497 1540 indemnitatibus
520 1479 556 1539 in
580 1480 748 1556 posterum
770 1493 898 1556 praeca-

116 1572 355 1645 vererolentes,
372 1575 570 1636 auctoritate
591 1575 805 1652 praesentium
827 1575 898 1637 dis·

117 1671 232 1733 uictine
246 1667 448 1742 inhibemus,
475 1671 606 1748 nequis
628 1673 745 1734 contra
767 1669 897 1734 indulta

117 1765 197 1829 robis
209 1782 228 1828 a
239 1765 523 1843 sedeaposlolica
536 1767 712 1845 prlvllegla
723 1768 764 1830 de
776 1770 896 1830 caetero

118 1863 238 1940 propter
259 1863 324 1925 hoc
347 1864 432 1926 tales
460 1861 682 1945 [sententias]
712 1863 746 1925 ln
772 1867 897 1927 terram

119 1961 258 2032 vestram,
272 1976 333 2022 sen
349 1958 540 2042 [homines]‚
552 1961 625 2023 sine
635 1962 790 2024 mandato
803 1963 897 2024 Sedis

118 2056 300 2133 apostolice
316 2057 455 2134 speciali
469 2055 570 2138 [ferre
583 2055 788 2140 praesumat}
805 2060 897 2122 Nulli

119 2169 197 2229 ergo,
211 2155 285 2227 etc,
309 2156 433 2217 nostrae
452 2154 674 2229 inhibitionis,
692 2157 754 2219 etc.
773 2157 897 2236 Siquis

121 2251 225 2322 autem,
247 2251 310 2312 etc.
337 2252 456 2313 Datum
476 2253 644 2323 Laterani,
663 2255 725 2316 vn
745 2253 819 2316 ldus
842 2254 896 2316 te-

123 2344 244 2421 imarii,
257 2363 347 2410 anno
356 2349 543 2411 undecimo.

444 2647 554 2739 LXII

203 2819 253 2880 Aa
263 2821 304 2879 Α.
318 2818 547 2894 propositam
561 2819 793 2881 Oroateascm.
813 2821 823 2838 ¹

362 2952 634 3015 brionnensi.
673 2931 676 2940 ’

268 3076 735 3147 [ido.cocup.e1n..n‚aos.]

126 3200 291 3260 omum
320 3204 396 3259 later
424 3205 611 3276 praepositam
640 3204 838 3274 medensem,
870 3213 900 3263 et

149 3287 488 3436 {aossarirffigpucinma
503 3306 535 3349 se
549 3291 774 3364 denominatum,
786 3291 898 3351 conlec-

154 3502 322 3576 Honorius,
353 3503 430 3575 etc,
461 3504 500 3565 ll.
527 3506 705 3584 praeposito
731 3506 897 3569 orodien-

125 3595 156 3671 si,
166 3597 225 3661 etc

152 3695 223 3755 cum
235 3711 341 3773 nuper
355 3696 399 3759 ad
414 3697 533 3760 &dem
545 3699 772 3775 apostolicam
784 3714 901 3762 acces-

123 3789 294 3864 sisses,orta
303 3793 393 3855 inter
402 3796 435 3855 te
449 3808 488 3855 ao
499 3794 656 3859 dilectum
664 3796 769 3857 tilium
778 3799 797 3859 J
800 3797 901 3859 ohan·

123 3899 182 3947 nem
195 3889 374 3967 t'apucium
387 3889 626 3952 subdiaconum
642 3894 675 3954 et
689 3893 899 3969 capellanum

123 3984 261 4057 nmmum,
276 4000 379 4062 super
389 3986 610 4063 prepositura
631 3988 823 4051 orodiensis
838 4004 898 4051 ec-

123 4077 215 4143 clesie
228 4083 425 4160 quaestione,
441 4083 598 4147 dilectum
619 4084 725 4147 lilium
748 4088 899 4149 nostmm'

122 4174 277 4258 Pisum),
290 4181 325 4240 8.
335 4181 470 4256 oeerpll
482 4180 524 4242 ad
535 4182 654 4242 velum
667 4186 811 4244 Aureum
826 4183 900 4245 dla-

121 4286 221 4335 eonum
234 4276 453 4349 cardinalem,
470 4278 621 4354 partibus
636 4276 786 4341 dedimus
796 4281 897 4341 audl-

120 4368 217 4443 torem,
237 4387 351 4434 coram
372 4388 437 4451 quo
456 4389 557 4451 super
570 4376 790 4453 praepositura
812 4390 900 4455 praa-

119 4463 183 4539 uta,
188 4467 308 4533 luisset
315 4469 512 4547 aliquandiu
521 4471 741 4549 disceptatum
749 4496 758 4549 3
767 4475 899 4537 tandem

116 4559 190 4629 ister
198 4581 272 4638 sos,
284 4566 451 4631 cardinali
460 4567 628 4633 mediante
643 4571 794 4647 praelato,
809 4573 898 4634 ami-

115 4659 421 4740 cabilisconpositio
429 4665 632 4738 intercessit,
644 4683 758 4747 qiman,
767 4669 901 4747 utape-

116 4756 219 4820 etolico
239 4758 456 4835 dignaremur
482 4762 667 4825 munimine
692 4764 865 4834 roborare,
879 4783 901 4828 a

115 4847 198 4913 mels
211 4851 384 4915 humiliter
397 4855 602 4930 postulastis.
624 4859 693 4922 Nos
708 4859 814 4936 laima
832 4861 899 4922 tuis

116 4940 228 5011 levetis
237 4948 396 5024 precibus
402 4950 566 5024 amaneu,
578 4952 617 5015 in
628 4954 900 5030 compositionem

113 5038 304 5116 iusticiam,
322 5044 409 5109 siout
422 5047 497 5111 siue
507 5049 673 5125 pravitate
686 5050 775 5113 lacta
788 5053 851 5123 est,
867 5054 901 5114 et

116 5133 301 5218 mnusque
313 5142 566 5220 partereoepta,
583 5147 902 5224 auctoritateapos·
993 5184 997 5191 ·

117 5230 205 5299 enea
235 5236 483 5312 confirmamus,
514 5243 549 5304 et
575 5243 750 5318 praesentis
785 5244 901 5321 scripti

119 5330 290 5400 illnowo
300 5336 556 5399 coramunimus.
574 5339 667 5401 Nulli
682 5354 761 5416 ergo
776 5342 902 5405 nostrae

123 5425 384 5501 emanationis,
407 5434 470 5497 eto.
509 5433 547 5497 Si
580 5435 656 5513 quis
686 5437 899 5510 automata

122 5515 225 5677 &tum
237 5525 411 5598 Laterani,
422 5528 451 5589 ll
466 5527 543 5593 idus
557 5528 730 5604 amnena
745 5547 833 5597 anno
842 5548 904 5597 uu·

187 5633 246 5680 me.

251 5789 370 5833 ramos.
383 5791 454 5837 mas
468 5782 502 5838 V.

723 347 950 411 brisacam.
975 347 1053 412 LIB.
1077 350 1132 410 XI.

1282 509 1412 604 LXIII

1082 662 1136 722 Ad
1149 662 1344 734 episcopum
1364 625 1612 721 marisiensem.

1214 791 1247 847 la
1257 788 1390 847 februarii
1406 789 1484 847 1227.

982 902 1101 968 messae,
1109 903 1154 955 tib.
1165 901 1209 963 xl,
1217 903 1293 969 epist.
1304 904 1360 955 boa.
1368 904 1426 955 iiss.
1442 905 1477 956 La
1484 905 1561 955 Parte
1573 902 1607 956 du
1619 903 1715 971 rhun]

952 1029 1031 1087 Facit
1044 1030 1071 1086 ei
1086 1037 1254 1103 potestatem
1267 1030 1388 1087 clericos
1395 1030 1534 1101 quosdam
1542 1029 1675 1088 diaecesis
1686 1045 1748 1088 suae

985 1118 1034 1190 oui
1068 1118 1099 1175 in
1129 1117 1454 1176 excommunicationem
1480 1117 1568 1175 variis
1587 1117 1624 1175 de
1651 1117 1748 1176 causis

986 1203 1164 1263 incurrerant
1174 1205 1351 1264 absolvendi.

991 1332 1171 1404 Honorius,
1187 1331 1263 1404 ete,
1278 1331 1466 1394 venerabili
1492 1330 1625 1393 fratri...
1656 1332 1748 1410 epis·

952 1443 1034 1504 copo
1048 1428 1242 1501 Morinensi,
1258 1429 1410 1501 salutem,
1425 1430 1487 1490 etc.

991 1527 1040 1586 Ex
1055 1526 1215 1606 partetua
1225 1525 1286 1587 luit
1299 1526 1503 1603 propositum
1517 1526 1748 1598 coramnobis,

952 1620 1037 1698 quod
1051 1621 1203 1682 nonnulli
1218 1621 1278 1683 tibi
1297 1620 1420 1683 subditi
1436 1621 1628 1691 saeculares,
1646 1624 1681 1684 et
1693 1637 1750 1684 re·

951 1718 1086 1794 gulares
1105 1718 1220 1780 clerici
1243 1719 1310 1780 tuae
1336 1719 1490 1781 dioeeesis
1515 1735 1577 1797 pro
1601 1719 1750 1782 violenta

951 1829 1110 1880 manuum
1132 1812 1311 1894 injectione
1335 1816 1370 1876 in
1385 1832 1546 1892 personas
1560 1815 1747 1894 religiosas,

952 1913 984 1974 et
999 1911 1138 1973 clericos
1149 1912 1327 1974 saeculares
1342 1911 1380 1972 in
1392 1928 1552 1974 canonem
1561 1912 1751 1975 inciderunt

952 2008 1125 2082 sententiae
1139 2008 1370 2085 promulgate,
1387 2024 1427 2071 ac
1452 2008 1537 2071 alias
1560 2024 1619 2086 pro
1631 2009 1751 2072 incen-

952 2104 1029 2174 diis,
1045 2107 1078 2167 et
1091 2106 1220 2182 rapinis
1235 2106 1307 2183 ipso
1323 2106 1411 2168 lacto
1431 2107 1752 2169 excommunicatio-

952 2202 1006 2262 nis
1019 2203 1216 2266 sententiam
1229 2204 1454 2265 incurrerunt
1469 2205 1609 2276 Quidam
1619 2219 1753 2284 queque

952 2299 1186 2376 praedictorum
1200 2300 1405 2376 regularium
1431 2301 1613 2364 simoniace
1627 2301 1662 2362 in
1678 2302 1749 2362 suis

952 2396 1104 2460 ecclesiis
1120 2398 1200 2458 sunt
1209 2396 1346 2476 recepti,
1363 2397 1497 2474 quidam
1508 2413 1588 2459 vero
1602 2397 1751 2462 celebra·

953 2492 1355 2560 seruntexcommunicati
1364 2494 1749 2574 divinareliquiautem,

952 2589 1174 2653 absolutionis
1188 2591 1350 2653 beneficio
1364 2607 1431 2652 non
1446 2590 1592 2664 obtento,
1606 2607 1651 2653 ex
1664 2591 1750 2652 sim-

953 2688 1104 2766 plicitate
1125 2703 1165 2772 ao
1183 2688 1374 2765 ignorantia
1396 2704 1511 2751 sacros
1531 2691 1751 2766 susceperunt

953 2785 1100 2858 ordines,
1116 2790 1151 2847 et
1170 2786 1403 2848 ministrarunt
1426 2787 1526 2848 etiam
1546 2787 1582 2848 in
1609 2786 1749 2849 eisdem.

954 2882 1048 2968 Unde
1070 2882 1167 2945 nobis
1191 2882 1362 2945 humiliter
1381 2884 1589 2964 supplicasti,
1614 2885 1651 2946 ut
1675 2900 1754 2946 cum

953 2981 1083 3068 metuas
1099 2980 1139 3042 ad
1154 2983 1304 3044 noemam
1319 2982 1531 3058 presentiam
1547 2983 1679 3046 mittere
1693 2998 1753 3044 re·

953 3076 1100 3153 gulares,
1112 3093 1155 3140 ue
1169 3078 1373 3155 vagarentur
1383 3078 1560 3151 veniendo,
1572 3080 1606 3141 et
1616 3079 1748 3151 salutis,

953 3177 1049 3253 cujus
1064 3190 1166 3237 causa
1179 3176 1754 3246 venirent,incurrerentdetrimen-

953 3273 1034 3344 tum,
1060 3273 1094 3334 et
1119 3272 1270 3355 praedicti
1297 3272 1477 3335 seaculares
1505 3272 1688 3346 debilitate,
1718 3276 1754 3335 et

954 3369 1150 3446 paupertate
1161 3369 1291 3453 grauati
1307 3371 1348 3431 ad
1367 3386 1428 3431 nos
1442 3371 1558 3434 venire
1582 3386 1649 3431 non
1668 3384 1751 3449 pos-

953 3465 1033 3538 sint,
1063 3466 1231 3542 provideri
1258 3481 1359 3542 super
1383 3466 1447 3528 boe
1473 3466 1621 3543 ipsorum
1650 3468 1753 3528 saluti

954 3562 1215 3625 misericorditer
1242 3562 1467 3639 dignaremur.
1496 3564 1580 3635 Quia
1602 3580 1683 3626 sero
1711 3565 1752 3626 de

953 3662 1021 3721 tue
1035 3659 1255 3722 fraternitatis
1264 3658 1439 3737 prudentia
1449 3660 1579 3736 plenam
1595 3660 1752 3723 fiduciam

953 3756 1152 3829 obtinemus,
1165 3757 1424 3845 parapostolica
1436 3756 1498 3821 tibi
1517 3758 1641 3835 scripta
1656 3774 1752 3819 man-

954 3854 1082 3926 damus,
1097 3855 1261 3932 quatenus
1275 3852 1339 3933 hae
1359 3854 1433 3915 vice
1454 3856 1750 3918 excommunicatis

953 3950 1091 4023 eisdem,
1105 3951 1171 4011 nlsi
1183 3967 1248 4027 pro·
1258 3944 1399 4023 difficili,
1420 3952 1454 4013 et
1466 3953 1595 4013 enormi
1610 3968 1751 4015 excessu

953 4047 995 4108 ad
1018 4047 1136 4109 sedem
1151 4048 1373 4124 apostolicam
1390 4048 1458 4110 sint
1476 4048 1638 4121 mittendi,
1651 4052 1750 4127 Juxta

953 4143 1094 4209 formam
1117 4144 1274 4207 Ecclesia
1302 4144 1508 4209 beneficium·
1528 4145 1750 4209 absolutionis

952 4240 1136 4317 impendas,
1153 4243 1186 4303 st
1204 4236 1292 4303 iacto
1318 4242 1359 4304 de
1379 4242 1583 4310 simoniacis,
1608 4242 1694 4319 quod
1715 4244 1750 4304 in

952 4337 1123 4414 generalis
1142 4338 1380 4400 constitutione
1396 4338 1535 4401 concilii
1549 4340 1748 4409 continetur,

954 4434 1055 4511 super
1068 4432 1144 4495 aliis
1157 4433 1262 4496 facias
1277 4451 1352 4496 oum
1366 4434 1547 4512 predictis,
1571 4437 1657 4514 quod
1674 4437 1752 4499 ani·

954 4530 1083 4593 marum
1121 4546 1258 4592 suarum
1287 4528 1388 4593 saluti
1424 4531 1550 4594 videris
1578 4534 1748 4613 expedire.

954 4628 1073 4689 Datum
1088 4620 1255 4698 Laterani,
1272 4626 1331 4689 XV
1346 4627 1507 4692 kalendas
1522 4632 1645 4705 martii,
1662 4647 1750 4694 anno

954 4724 1140 4786 undecimo.

1290 4865 1415 4954 LXIV
1461 4864 1464 4869 ’

1070 5006 1122 5069 Aa
1146 5008 1378 5081 Fstdarioum,
1400 5010 1637 5072 Romanorum

1221 5106 1481 5179 imperatorem.

1215 5226 1248 5285 il
1264 5223 1401 5287 iebrmrii
1414 5227 1493 5285 itit.

1068 5338 1642 5433 iflwumomsuasups,u,rn.]

957 5454 1031 5511 Eum
1049 5452 1179 5511 bortstm
1190 5451 1227 5510 ad
1245 5451 1430 5510 sebrandum
1450 5451 1577 5511 bannum
1595 5456 1754 5532 imperiale,

1099 5538 1615 5614 ammaimsllassillasubteotsluit

1003 5655 1672 5733 Houor·iusepisoopus·,servusserrorum
1684 5664 1754 5736 Del,

1537 5794 1552 5849 7
