3950 6200
124 270 174 334 133
675 269 999 331 Paotueomurtn.
1021 300 1062 314 -
1081 270 1190 331 vlla,

1692 270 1750 331 tal

151 429 192 490 Bo
204 441 335 504 quoque
345 430 510 506 tempore,
536 443 601 505 quo
615 428 848 491 revertebatur
860 428 901 490 de
955 444 1034 490 num
1044 428 1128 489 illud
1138 429 1299 505 optatum,
1313 430 1347 490 et
1356 428 1468 490 statim
1481 428 1590 490 omnis
1603 427 1662 490 illa
1674 430 1752 490 ten·-

122 527 196 588 ultra
208 527 455 595 mare‚socium
466 526 592 587 hahens
603 525 740 588 tratrem
751 529 902 588 Leonar-
954 526 1037 588 tatio
1053 526 1230 602 effugatur.
1249 528 1410 587 Servatur
1434 527 1557 597 littera,
1574 527 1608 587 et
1626 541 1701 587 cum
1716 527 1750 586 in

120 625 182 686 dum
194 623 232 683 de
242 622 393 696 assisio,
409 618 547 699 contigit
569 639 645 684 eum
659 623 845 699 fatigatum,
870 625 902 684 et
955 623 1125 701 posterum
1136 623 1288 685 miranda
1302 623 1461 696 effecerit,
1473 625 1634 685 virtutum
1649 626 1752 685 Fran-

118 721 808 798 lassumparumperasellumconscendere.
823 721 903 781 sub·
956 721 1037 782 cisci
1051 721 1278 782 testimonium
1294 720 1368 782 luit.

44 844 46 889 3
117 834 242 896 sequens
257 818 377 879 autem
390 818 510 890 socius,
523 819 640 895 etipse
655 834 722 879 non
737 819 902 879 modicum
996 820 1114 881 Frater
1128 818 1263 895 quidam
1287 820 1370 884 erat,
1384 821 1544 894 quantum
1557 833 1577 877 a
1592 817 1673 878 ioris
1690 818 1746 878 vi-

44 950 46 953 ·
116 917 219 984 lesem,
232 915 462 992 coepitdicere
476 916 564 977 intra
577 931 624 987 se,
637 916 819 976 humanum
834 915 901 976 ali·
956 914 1106 987 debatur,
1137 915 1316 977 sanctitate
1342 914 1536 991 praeclarus,
1562 930 1747 976 conversa-

44 1046 45 1051 *
115 1014 179 1092 quid
190 1027 329 1090 passus:
342 1015 420 1074 Non
431 1013 471 1074 de
486 1013 560 1090 pari
573 1012 732 1075 ludebant
746 1013 903 1090 parentes
958 1013 1047 1075 tione
1064 1013 1220 1088 insignis,
1237 1015 1348 1074 tamen
1360 1011 1535 1073 admodum
1551 1012 1744 1089 singularis.

44 1106 45 1109 ’
114 1115 184 1187 ejus,
199 1111 233 1172 et
254 1111 338 1171 mei.
355 1113 405 1171 En
419 1112 492 1188 ipse
505 1111 642 1187 equitat,
659 1112 692 1172 et
706 1125 768 1185 ego
785 1110 905 1187 pedes·
957 1110 1054 1171 Omni
1079 1112 1228 1186 tempore
1252 1109 1396 1172 orationi
1415 1124 1550 1182 vacare,
1575 1112 1668 1171 tanta
1681 1110 1752 1170 dis-

44 1212 45 1215 ’
113 1212 155 1271 ter
173 1209 307 1269 asinum
335 1210 411 1285 ejus
426 1208 521 1269 duco.
544 1209 614 1270 Hoc
639 1207 699 1267 illo
723 1208 900 1284 cogitante,
955 1207 1111 1268 trictioue
1122 1207 1291 1269 silentium
1302 1206 1509 1277 observabat,
1520 1207 1605 1284 quod
1614 1223 1751 1269 consue·

115 1304 499 1384 protinusdescenditde
513 1304 608 1366 asino
633 1304 688 1367 vir
710 1310 846 1367 sanctus
871 1307 904 1367 et
956 1306 1052 1366 verat
1077 1321 1144 1366 non
1168 1304 1296 1377 verbis,
1329 1304 1387 1365 sed
1417 1304 1552 1365 nutibus
1585 1305 1748 1367 confiteri.

115 1403 275 1474 aitzNon,
297 1401 420 1473 irater,
434 1402 592 1477 convenit
610 1404 648 1464 ut
661 1417 723 1478 ego
744 1402 902 1479 equitem,
956 1400 1085 1462 Accidit
1106 1404 1218 1462 autem
1241 1404 1394 1463 sanctum
1419 1402 1546 1477 patrem
1574 1400 1689 1463 venire
1708 1401 1751 1463 ad

113 1499 261 1563 tuvenias
272 1500 394 1576 pedes,
402 1500 482 1576 quia
491 1499 637 1561 nobilior
646 1500 679 1561 et
691 1499 858 1576 potentior
866 1500 903 1560 in

956 1498 1066 1560 locum
1080 1498 1195 1561 videre
1210 1498 1358 1569 tratrem,
1382 1501 1414 1559 et
1430 1498 1470 1559 de
1485 1498 1557 1574 ipso
1584 1514 1659 1559 cum
1674 1499 1751 1560 aliis

114 1597 221 1658 mutilo
233 1597 273 1658 tu
286 1612 347 1657 me
367 1597 472 1658 fuisti.
501 1596 679 1673 Obstupuit
689 1596 781 1657 illico
797 1596 904 1658 trater
957 1595 1115 1657 iratribus
1131 1596 1254 1659 babere
1284 1612 1482 1657 sermonem.
1511 1597 1752 1658 commendan-

116 1693 267 1757 etmbore
282 1694 452 1766 suffusus,
466 1694 709 1770 deprehensum
731 1709 767 1755 se
781 1709 902 1769 recog-

44 1814 45 1817 *
115 1807 250 1862 amoene,
265 1792 421 1870 procidIt
438 1792 480 1853 ad
494 1792 595 1869 pedes
611 1791 730 1868 ipsius,
744 1793 777 1852 et
791 1791 903 1868 lacry-

44 1900 46 1973 ξ
115 1890 166 1951 nis
185 1889 368 1966 irrigatus,
392 1889 516 1950 nudum
537 1888 693 1966 exposuit
707 1888 900 1965 cogitatum,

113 1987 299 2065 reniumque
317 1987 483 2064 poposcit

145 2086 257 2149 nater
283 2085 427 2162 quidam
447 2086 516 2145 Deo
539 2082 690 2151 devotus,
715 2083 748 2144 et
776 2082 903 2144 famulo

116 2181 238 2254 christi,
265 2181 440 2259 frequenti
464 2180 666 2257 cogitatione
687 2179 845 2243 versabat
866 2180 902 2241 in

117 2281 248 2354 pectore,
264 2294 418 2357 superna
433 2278 504 2341 sore
517 2278 627 2353 gratia
640 2277 788 2354 dignum,
806 2293 903 2355 quem

116 2377 300 2440 ureauctus
310 2375 474 2439 familiari
483 2375 901 2451 complectereturaffectm

116 2489 198 2549 mem
211 2490 301 2537 vero
322 2474 700 2550 tauquamextraneum
718 2474 901 2550 reputaret,

117 2572 198 2633 extra
221 2586 408 2633 numerum
433 2570 615 2632 electorum
636 2570 857 2647 reputandum
884 2586 903 2632 a

118 2668 185 2729 lieo.
216 2671 306 2730 Cum
334 2668 439 2744 igitur
468 2667 678 2742 cogitationis
713 2667 904 2744 hujusmodi

120 2765 255 2828 crebnvvs
282 2766 425 2827 vexatus
449 2764 605 2840 impulsu,
630 2765 697 2826 viri
719 2766 778 2826 Dei
800 2765 903 2826 iami-

44 2906 46 2941 ,
120 2859 290 2926 iuvimtem
310 2862 526 2924 vehementer
547 2863 687 2938 optaret,
710 2877 772 2924 nec
792 2865 904 2924 tamen

120 2959 216 3022 cordis
228 2961 288 3023 sui
300 2961 467 3024 secretum
485 2959 651 3021 revelaret
663 2959 784 3033 alicui;
801 2960 905 3023 advo-

44 3042 46 3097 *
123 3069 292 3121 causeum
319 3055 362 3118 ad
388 3070 440 3128 se,
468 3054 611 3118 dulciter
632 3057 729 3132 pater
756 3056 831 3133 pius
855 3058 904 3120 sic

44 3163 46 3186 ¹
121 3153 273 3218 edocatus
286 3155 357 3216 est:
369 3153 471 3214 Nulla
484 3160 518 3215 te
530 3152 641 3215 turbet
653 3154 823 3229 cogitatio,
838 3154 902 3217 tili:

122 3254 267 3326 quoniam
284 3255 321 3314 ta
335 3250 546 3311 carissimum
561 3249 687 3311 babens
707 3250 795 3313 inter
816 3268 906 3329 prae-

123 3347 206 3424 cipue
219 3349 304 3412 milti
319 3363 429 3420 caros,
448 3346 591 3410 libenter
609 3348 669 3410 tibi
686 3361 806 3410 munus
822 3365 904 3413 meae

44 3509 46 3530 Ι
124 3441 349 3509 taniliaritatis
365 3445 399 3506 et
412 3443 600 3508 dilectionis
614 3445 780 3522 impendo,
795 3447 904 3509 Mira·

44 3533 46 3580 *
124 3542 169 3604 tus
179 3543 300 3605 exinde
314 3542 430 3613 trater,
446 3541 619 3619 tactusque
632 3543 783 3605 devotior
796 3560 840 3606 ex
851 3545 906 3607 de-

44 3655 46 3732 i
124 3641 200 3714 veto,
214 3656 283 3702 non
296 3640 406 3703 solum
420 3641 457 3701 in
471 3655 618 3701 amorem
635 3641 741 3703 crevit
759 3641 905 3704 bominis

44 3735 46 3778 t
126 3738 230 3810 moed,
251 3751 369 3800 verum
391 3738 503 3808 edam,
534 3750 593 3814 per
620 3737 764 3814 spiritus
792 3741 905 3803 Sancti

127 3834 228 3906 nate
248 3833 494 3907 manusuetus
514 3835 566 3897 est
584 3834 766 3914 majoribus
783 3852 904 3898 cumu-

158 4029 231 4090 cum
257 4029 360 4092 etiam
382 4029 419 4089 in
442 4029 552 4090 monte
580 4030 729 4092 maneret
751 4031 904 4094 alvernae

129 4123 197 4186 talla
214 4125 378 4198 reclusus,
401 4141 487 4187 unus
509 4141 528 4186 e
550 4126 651 4186 sociis
670 4139 790 4203 magno
810 4130 903 4191 desi-

128 4218 203 4284 derio
213 4222 370 4301 cupiebat
380 4221 505 4284 bebere
515 4222 556 4283 de
569 4222 680 4285 verbis
693 4225 825 4286 Domini
839 4227 905 4288 ali·

44 4323 46 4344 ²
129 4320 199 4393 quod
212 4321 386 4397 seriptum,
404 4327 505 4380 manu
520 4319 624 4397 ipsius
639 4319 784 4384 breviter
797 4339 905 4385 anuo

44 4427 46 4456 !
129 4415 386 4479 aequamen
404 4417 505 4489 euim,
526 4433 592 4494 qua
612 4417 808 4492 vexabatur,
823 4423 903 4482 ten-

129 4513 269 4576 tationem
291 4515 504 4583 nonnarum,
528 4513 586 4575 sed
608 4515 756 4591 spiritus,
779 4532 820 4578 ex
841 4518 904 4580 boc

130 4610 267 4675 mactet
291 4610 448 4682 evadere,
477 4610 532 4673 vel
560 4613 649 4673 certe
677 4611 783 4674 levius
802 4613 901 4676 terre.

130 4704 900 4785 lelidesideriolanguensanxiabaturinterius‚

132 4803 196 4877 quia
206 4805 406 4867 verecundia
418 4805 526 4867 victus
540 4806 722 4867 reverendo
734 4808 820 4883 patri
833 4825 902 4870 rem

132 4901 257 4974 paudere
282 4918 350 4964 non
374 4902 528 4965 audehat.
552 4902 615 4964 sed
638 4903 692 4964 cui
712 4904 811 4967 homo
836 4921 902 4968 non

44 5051 46 5082 ;
132 4995 211 5071 dixit,
230 5000 374 5077 Spiritus
398 4999 571 5062 revelavit.
602 5002 732 5062 Portari
760 5015 903 5079 namque

957 1692 1045 1755 tibus
1071 1694 1183 1754 autem
1209 1692 1374 1764 omnibus,
1403 1696 1436 1754 et
1460 1693 1751 1768 magnificantibus

956 1790 1063 1859 illum,
1086 1790 1259 1867 respondit
1279 1790 1332 1851 vir
1352 1790 1412 1851 Dei
1441 1812 1448 1851 :
1473 1791 1590 1862 Sinite,
1616 1791 1750 1863 iratres,

956 1904 999 1949 ne
1014 1887 1097 1948 mibi
1112 1888 1147 1949 in
1168 1903 1209 1949 eo
1232 1887 1395 1951 diabolica
1420 1887 1576 1963 figmenta
1597 1888 1750 1950 laudetis.

957 1986 1288 2055 inveritatesciatis‚
1313 1985 1399 2062 quod
1426 1985 1590 2046 diabolica
1610 1986 1750 2049 tentatio

957 2084 1064 2154 estet
1078 2083 1228 2159 deceptio
1255 2082 1478 2144 naudulenta.
1506 2085 1594 2144 Dure
1611 2099 1755 2161 accepea

957 2183 1037 2242 runt
1056 2181 1120 2242 hoc
1140 2180 1273 2251 tratres,
1288 2181 1446 2257 tanquam
1470 2180 1676 2268 impossibile
1694 2184 1752 2258 ju·
1865 2225 1869 2249 1,

958 2276 1129 2347 dicantes,
1159 2276 1245 2354 quod
1289 2278 1337 2338 tot
1369 2276 1582 2353 perfectiouis
1617 2278 1751 2339 indiciis

957 2374 1085 2436 fraudis
1099 2390 1137 2436 se
1151 2376 1336 2436 commenta
1352 2372 1532 2435 fuscarent.
1544 2377 1667 2435 Verum
1682 2391 1750 2437 non

958 2472 1032 2549 post
1057 2471 1178 2534 multos
1203 2470 1274 2532 dies
1305 2486 1345 2532 eo
1379 2470 1577 2546 religionem
1601 2487 1748 2546 egresse,

957 2569 1129 2630 evidenter
1149 2568 1305 2644 apparuit
1319 2569 1442 2644 quanta
1463 2568 1647 2630 luculentia
1660 2571 1751 2630 inte-

957 2666 1059 2727 rioris
1073 2666 1240 2727 contuitus
1255 2665 1308 2727 vir
1322 2666 1382 2726 Dei
1396 2664 1507 2726 cordis
1522 2669 1595 2743 ejus
1619 2669 1747 2729 secreta

958 2764 1138 2841 perspexit.
1156 2765 1336 2825 Multorum
1354 2779 1483 2841 quoque
1505 2780 1565 2840 per
1579 2764 1666 2826 bunc
1679 2782 1753 2827 mo-

957 2862 1047 2933 dum,
1067 2862 1124 2939 qni
1146 2863 1236 2923 stare
1255 2860 1466 2932 videbantur,
1480 2863 1625 2931 ruinam,
1648 2864 1752 2926 sedet

958 2959 1104 3035 plurium
1146 2974 1381 3034 perversorum
1417 2961 1669 3021 conversionem
1709 2961 1751 3023 ad

958 3056 1125 3118 Christum
1149 3054 1311 3117 immobili
1340 3055 1482 3118 veritate
1507 3058 1746 3133 praenuntians,
1876 3066 1882 3077 ⁴

958 3153 1243 3231 appropinquasse
1257 3152 1433 3215 videbatur
1461 3153 1502 3213 ad
1516 3156 1651 3215 aeternae
1664 3154 1748 3217 lucis

959 3250 1130 3327 speculum
1159 3249 1467 3326 contemplandum,
1497 3253 1593 3327 coJus
1622 3252 1751 3328 fulgore

958 3347 1105 3410 mirabili
1119 3346 1273 3409 absentia
1289 3347 1520 3422 corporaliter,
1547 3350 1705 3424 tanquam
1721 3350 1752 3410 si

959 3446 1071 3507 essent
1092 3445 1283 3521 praesentia,
1300 3444 1421 3506 mentis
1435 3446 1508 3520 ejus
1523 3445 1681 3508 cernebat
1692 3445 1753 3508 ob-

960 3544 1060 3605 tutus
1090 3541 1238 3614 Quodam
1263 3555 1407 3618 namque
1429 3543 1579 3619 tempore
1603 3542 1751 3604 vicarius

959 3657 1039 3701 suus
1060 3638 1194 3701 tenebat
1209 3638 1390 3715 capitulum
1404 3655 1412 3712 ;
1436 3639 1508 3716 ipse
1524 3640 1651 3701 veroin
1666 3641 1752 3703 cella

959 3738 1251 3815 orans,sequester
1260 3737 1333 3798 erat
1343 3738 1377 3798 et
1386 3736 1514 3797 medius
1527 3737 1616 3799 inter
1626 3737 1747 3802 iratres

958 3837 993 3898 et
1003 3839 1118 3897 Deum.
1132 3836 1214 3896 Cum
1223 3833 1327 3910 igitur
1337 3850 1422 3898 unus
1433 3849 1476 3896 ex
1489 3834 1570 3911 ipsis
1579 3835 1750 3899 detensio-

958 3933 1012 3994 nis
1025 3933 1167 4011 quodam
1185 3933 1358 3994 contectus
1387 3932 1523 4008 palliolo
1537 3948 1605 3994 non
1625 3949 1661 3996 se
1672 3934 1751 3995 sub-

959 4030 1052 4092 deret
1072 4029 1270 4106 disciplina,
1289 4028 1405 4090 videns
1426 4029 1489 4090 hoc
1503 4046 1557 4090 vir
1569 4032 1705 4093 sanctus
1717 4033 1750 4092 in

958 4127 1090 4204 spiritu,
1117 4126 1251 4188 vocavit
1271 4126 1447 4201 quemdam
1466 4126 1507 4187 de
1531 4126 1701 4200 iratribus,
1718 4132 1751 4192 et

958 4224 1044 4286 dixit
1064 4223 1198 4286 adeum
1214 4243 1222 4283 :
1238 4221 1325 4293 Vidi,
1342 4221 1456 4295 irater,
1470 4222 1637 4284 diabolum
1650 4240 1752 4302 super

957 4322 1049 4382 illius
1072 4320 1185 4383 fratris
1214 4319 1435 4382 inobedientis
1458 4319 1605 4392 dorsum,
1627 4322 1750 4384 collum
1872 4353 1877 4358 -

957 4421 1030 4495 eJus
1050 4419 1215 4480 tenentem
1242 4417 1414 4479 astrictum
1429 4439 1436 4477 ε
1451 4417 1507 4494 qui
1533 4418 1593 4479 tali
1617 4434 1750 4483 sessore

958 4515 1125 4586 subactus,
1143 4513 1339 4577 obedientiae
1353 4513 1458 4576 iraeno
1478 4515 1600 4591 spreto,
1614 4517 1751 4580 instinc

957 4616 1011 4674 tus
1025 4615 1098 4687 ejus
1113 4611 1314 4689 sequebatur
1335 4610 1494 4673 habenas.
1509 4614 1548 4674 nt
1559 4628 1635 4675 cum
1646 4630 1749 4692 roga·

957 4725 1028 4770 rem
1043 4712 1147 4770 Deum
1162 4723 1223 4785 pro
1237 4707 1351 4781 fratre,
1368 4708 1477 4771 subito
1492 4708 1622 4772 daemon
1634 4711 1750 4774 contu·

957 4805 1194 4868 sueabscessit.
1210 4805 1302 4868 Vade
1324 4806 1438 4882 igitur,
1452 4809 1486 4869 et
1512 4807 1565 4869 dic
1586 4805 1694 4880 tratri,
1713 4814 1749 4871 ut

957 4903 1154 4966 obedientie
1178 4905 1303 4966 sanctae
1318 4906 1400 4980 jugo
1415 4904 1537 4966 collum
1562 4905 1635 4965 sine
1654 4920 1747 4967 mora

957 5000 1138 5063 submittat.
1153 5001 1299 5066 Monitus
1312 5001 1617 5077 perinternuntium
1630 5000 1744 5074 irater,

44 5141 46 5194 ἰ
132 5091 182 5153 sibi
191 5097 322 5172 tussita
341 5096 445 5158 tratre
459 5096 617 5173 praedicto
632 5097 853 5161 atramentum
870 5102 904 5163 et
956 5099 1133 5174 statimque
1141 5112 1322 5159 conversus
1336 5097 1378 5158 ad
1394 5100 1509 5165 Deum,
1522 5096 1563 5158 ad
1578 5096 1678 5172 pedes
1694 5099 1748 5159 vi·

44 5201 46 5258 f
132 5189 273 5266 ebanem,
302 5194 484 5271 laudesque
512 5195 643 5255 Domini
664 5197 762 5272 juxta
789 5197 902 5259 fratris
956 5196 1039 5257 carii
1051 5195 1222 5257 humiliter
1235 5209 1271 5256 se
1286 5194 1435 5270 projecit.

44 5277 46 5314 ²
133 5282 310 5353 desiderium
326 5292 570 5368 propriamanu
582 5292 726 5369 scripsit,
741 5294 774 5355 et
787 5295 902 5357 ultimo

995 5293 1069 5355 Alio
1080 5307 1209 5370 quoque
1222 5293 1370 5366 tempore
1384 5288 1612 5364 configitdues
1627 5288 1747 5356 tratres

44 5373 46 5400 '
134 5381 374 5450 benedictionem
396 5388 512 5465 ipsius,
532 5389 648 5451 dicens
668 5410 677 5449 ε
697 5391 818 5468 Accipe
841 5391 903 5453 tibi
956 5389 997 5451 ad
1017 5389 1243 5452 eremitorium
1264 5386 1384 5450 draecii
1404 5386 1445 5448 de
1464 5387 1600 5448 remotis
1618 5389 1745 5463 venire,

135 5480 297 5546 mavimam
315 5484 426 5557 istam,
445 5486 478 5546 et
492 5499 596 5563 usque
614 5486 655 5547 ad
677 5487 765 5548 diem
784 5489 901 5551 mortis
955 5489 993 5549 ut
1014 5488 1124 5549 virum
1145 5485 1204 5547 Dei
1224 5485 1408 5556 cernerent,
1432 5485 1466 5546 et
1483 5482 1746 5550 benedictionem

134 5577 187 5638 tue
199 5583 360 5644 custodias
374 5582 562 5658 diligenter.
578 5585 712 5660 Accepit
725 5582 827 5647 trater
842 5586 908 5648 do-·
956 5585 1059 5646 multo
1083 5582 1302 5646 desideratam
1323 5583 1393 5657 jam
1412 5582 1560 5657 tempore
1591 5587 1746 5661 reporta„
