3950 6200
106 261 155 323 345
340 246 447 309 PARS
472 245 652 318 QUARTA.
667 244 924 306 -OFFICIUM
951 244 1171 307 PASSIONIS
1197 246 1430 309 DOMINIGAE·
1645 251 1706 315 9411

131 418 164 479 lit
181 413 290 476 lactum
309 411 357 472 est
377 423 436 470 eor
456 422 565 469 meum
587 407 756 482 tamquam
778 420 856 467 cera
911 404 1052 467 Domino
1066 405 1207 482 gloriam
1231 406 1266 470 et
1290 407 1478 471 honorem:
1499 406 1617 473 afferte
1637 413 1706 474 Do-

103 517 268 592 liquescens,
282 508 314 569 in
328 505 436 567 medio
450 504 577 567 ventris
592 502 669 564 mei.
910 503 1002 565 mino
1014 503 1156 580 gloriam
1171 505 1298 567 nomini
1311 507 1395 583 ejus.
1408 504 1559 584 (Ibidem,
1573 508 1705 589 7618.)

130 608 381 680 emittamquam
394 603 478 664 testa
495 602 713 662 virtusmea:
736 599 770 660 et
790 598 857 659 lin·
949 601 1069 663 Tollite
1088 618 1228 679 corpora
1250 605 1373 676 vestra,
1399 606 1432 665 et
1454 603 1600 682 bajulate
1622 623 1705 669 cru-

102 724 149 785 gua
161 719 224 766 mea
244 702 381 763 adhaesit
401 699 552 762 faucibus
578 698 673 760 meis.
688 695 792 777 (Psal.
802 697 853 769 21,
910 714 981 760 cem
996 701 1086 775 eJus:
1100 700 1134 760 et
1147 700 1324 776 sequimini
1337 701 1487 779 usquein
1502 702 1602 765 finem
1612 720 1706 768 sanc·

103 802 192 880 1117.)
909 796 1041 858 tissima
1055 799 1222 874 praecepta
1237 800 1320 875 ejus.
1338 795 1447 877 (Luc,
1464 801 1512 873 14,
1526 800 1593 880 27.)

128 898 321 963 lltdederunt
344 897 380 958 in
404 911 516 958 escam
540 909 647 955 meam
670 892 743 954 iel:
765 892 856 954 etin
951 893 1416 972 commoveaturaleoieejus
1431 897 1702 975 universatema3

101 1001 212 1062 sitinea
225 997 478 1074 potaveruntme
490 993 597 1054 aceto.
614 990 718 1070 (Psal.
728 989 854 1069 68,22.)
910 990 1012 1052 dicite
1025 990 1062 1050 in
1076 992 1230 1067 gentibus
1247 1014 1255 1053 ε
1272 993 1356 1066 Quia
1368 994 1528 1057 Dominus
1538 996 1705 1072 regnavit.

126 1100 157 1158 Et
173 1097 204 1155 in
223 1093 388 1171 pulverem
411 1091 528 1154 mortis
550 1089 759 1150 deduxerunt
782 1103 854 1149 me:
911 1086 1081 1166 (Psal.95,
1100 1086 1165 1168 10.)

99 1198 121 1257 61
133 1193 221 1273 (Psal.
239 1194 288 1263 21,
310 1190 373 1270 16),
393 1204 493 1266 super
514 1187 662 1259 dolorem
681 1186 855 1248 vulnerum
950 1185 1064 1248 Gloria
1081 1187 1184 1258 Patri,
1203 1189 1266 1249 eto·

99 1306 216 1352 meorum
227 1287 436 1350 addiderunt.
454 1284 558 1364 (Psal.
574 1286 625 1357 68,
639 1282 706 1364 27.)
948 1284 1028 1345 Aret.
1053 1286 1174 1346 Sancta
1188 1285 1296 1346 Maria
1310 1286 1424 1362 Virgo,
1438 1302 1506 1349 non
1519 1287 1641 1350 esttibi
1654 1287 1706 1359 si·‚

125 1392 179 1464 Ego
195 1386 331 1449 dormiri
344 1387 377 1447 et
390 1383 562 1446 resurrexi
579 1403 586 1442 ε
603 1384 637 1445 61
648 1383 748 1445 Pater
759 1396 854 1445 meus
910 1381 999 1443 milis
1013 1384 1093 1463 nata
1108 1382 1143 1443 in
1159 1384 1293 1455 mundo,
1307 1384 1370 1446 etc.

98 1485 292 1548 unctissimas
307 1500 382 1545 cum
392 1481 501 1560 gloria
514 1480 660 1558 suscepit
670 1496 733 1541 me.
748 1475 853 1559 (Psal.
950 1479 1065 1541 Gloria
1078 1481 1182 1554 Patri,
1196 1482 1260 1543 etc.

97 1583 166 1662 11.)
948 1581 1109 1640 Robrica.
1126 1578 1406 1658 Quandocumque
1421 1581 1622 1645 terminetur
1634 1580 1706 1646 oru-

125 1683 205 1743 Pater
227 1681 352 1753 sancte,
375 1678 514 1741 tenuisti
533 1693 667 1740 manum
682 1675 854 1738 dexteram
909 1674 1010 1749 cium,
1027 1675 1183 1738 dicuntur
1198 1677 1372 1754 sequentia
1384 1678 1510 1741 verbex

96 1795 186 1852 neam,
200 1779 277 1840 etin
291 1777 536 1839 voluntatetua
559 1774 806 1845 deduxistime,
822 1773 856 1835 et
948 1773 1189 1836 Benedicamus
1213 1775 1353 1838 Domino
1377 1778 1445 1838 Deo
1459 1777 1536 1838 vivo
1558 1779 1592 1840 et
1602 1793 1707 1852 vero3

96 1893 150 1938 cun
160 1876 257 1954 gloria
269 1874 483 1952 assumpsisti
497 1889 560 1943 me.
577 1872 682 1952 (Psal.
697 1874 748 1946 72,
762 1869 828 1951 21.)
909 1871 1083 1933 laudemus
1097 1888 1172 1933 eum
1182 1894 1190 1947 3
1201 1872 1353 1949 gloriam,
1364 1873 1535 1947 honorem,
1546 1873 1708 1939 henedic-

122 1975 190 2047 Quid
207 1974 292 2035 enim
305 1973 391 2035 mihi
406 1973 504 2036 estin
522 1972 606 2034 ooelo
623 1994 631 2032 ε
648 1974 682 2034 61
695 1986 715 2033 a
729 1972 762 2033 te
774 1970 854 2049 quid
908 1968 1047 2044 tionem,
1061 1970 1095 2032 et
1107 1971 1219 2034 omnia
1238 1970 1325 2033 bona
1346 1972 1533 2035 referamus
1554 1973 1586 2035 ei
1606 1988 1701 2035 sem·

95 2072 162 2135 volui
174 2088 267 2151 super
280 2073 431 2135 terram?
444 2069 597 2152 (Ibidem,
612 2068 680 2149 25.)
909 2083 979 2144 per.
996 2071 1112 2142 Amen,
1125 2083 1233 2163 amen.
1246 2069 1331 2142 Fiat,
1346 2068 1414 2131 ilat.

121 2172 228 2245 Videte,
247 2170 371 2243 ridete,
396 2170 553 2247 quoniam
577 2184 638 2245 ego
661 2183 735 2231 sum
755 2169 853 2238 Deus,
947 2168 1108 2228 Robrica.
1130 2169 1159 2228 A
1182 2167 1403 2243 completorio
1427 2164 1557 2230 sabbati
1579 2168 1703 2243 sancti,

95 2268 153 2330 dicit
174 2268 354 2330 Dominus:
380 2266 553 2329 exaltabor
576 2267 611 2327 in
636 2264 806 2343 gentibus,
822 2264 856 2326 et
909 2277 1014 2339 usque
1027 2262 1231 2326 edoctavam
1246 2264 1459 2327 Pentecostes
1469 2264 1705 2339 inclusivedi·

95 2366 399 2428 maltaborinterra.
415 2364 583 2444 (Psatt5,
599 2362 664 2441 11.)
909 2359 997 2422 citur
1007 2359 1152 2423 oldcium
1165 2363 1202 2422 ut
1218 2361 1379 2439 sequitur.

120 2464 295 2527 Benedictus
311 2462 474 2524 Dominus
487 2465 574 2523 Deus
595 2460 699 2523 Israel
724 2460 780 2538 qui
794 2475 853 2522 re·
949 2458 1050 2520 Pater
1057 2459 1182 2530 noster,
1189 2459 1306 2531 etc.,et
1313 2459 1465 2532 Sanctus,
1476 2460 1700 2535 Sanctusetc.

94 2561 169 2624 lenit
179 2563 304 2623 animas
330 2576 502 2623 servorum
515 2575 652 2621 suorum
667 2558 708 2620 de
719 2558 853 2635 proprio
908 2555 948 2617 ut
958 2570 1079 2631 supro.

95 2660 269 2721 sanctissimo
293 2659 461 2735 sanguine
485 2673 546 2719 suo
568 2674 575 2714 ι
596 2658 629 2719 61
650 2671 717 2718 non
743 2656 854 2718 delin·
1096 2690 1151 2751 AD
1172 2691 1515 2754 COMPLETORIUM·

94 2758 282 2832 quentomnes
292 2757 354 2835 qui
365 2756 544 2833 sperantin
556 2752 776 2833 eo.(Psal.33,
786 2752 853 2832 23.)
1267 2814 1273 2828 ,
1344 2815 1351 2828 ,

119 2855 150 2915 m
160 2855 273 2916 scimus
299 2855 462 2933 quoniam
475 2853 568 2914 venit
584 2873 592 2913 ε
609 2851 767 2929 quoniam
789 2866 854 2914 ve·
948 2813 1028 2874 Ant·
1053 2814 1175 2876 sama
1190 2815 1298 2876 Mam
1313 2816 1424 2892 ΜΟ·

93 2951 142 3012 niet
150 2953 303 3028 justitiam
314 2950 480 3028 judicare.
499 2948 603 3028 (Psal.
618 2950 670 3021 95,
689 2947 754 3027 13.)
1218 2942 1392 3002 Psalmus.

119 3049 212 3112 Gloria
228 3049 335 3124 Patri,
351 3050 416 3111 etc.
948 3061 1036 3123 Deus
1050 3061 1085 3123 in
1100 3061 1303 3140 adjutorium
1327 3078 1436 3128 meum
1451 3064 1587 3130 intende
1602 3087 1610 3129 ε
1634 3070 1705 3132 Do-

118 3151 181 3210 Alll·
203 3152 327 3212 Sancta
342 3145 578 3224 100ΐὶ010ΐέ0,
595 3162 662 3208 non
676 3147 728 3209 001
741 3143 856 3209 1101οἱ·
908 3158 998 3221 mine
1013 3159 1055 3220 ad
1069 3160 1293 3236 adjuvandum
1306 3177 1358 3223 me
1373 3162 1504 3225 festina.
1519 3164 1623 3244 (Psal.
1634 3164 1704 3246 69.)

48 3271 49 3274 ¹
90 3244 157 3305 nilis
169 3247 238 3308 nata
250 3247 286 3306 in
299 3244 438 3316 mundo,
456 3243 518 3305 etc.
949 3255 1200 3319 contundantur
1223 3259 1256 3321 et
1274 3261 1493 3322 revereantur
1508 3282 1515 3321 ε
1532 3262 1589 3341 qui
1604 3279 1701 3341 quae-

117 3343 212 3406 Gloria
226 3343 334 3416 Patri,
348 3345 412 3404 etc.
909 3353 1143 3416 runtanimam
1156 3370 1274 3418 meam.

947 3451 1149 3515 Avertantur
1162 3454 1357 3526 retrorsum,
1368 3453 1400 3518 et
1413 3454 1631 3521 erubescant:
1645 3458 1703 3538 qui

299 3532 360 3594 Al)
380 3529 609 3591 VESPERAS·
909 3549 1120 3612 voluntmihi
1131 3550 1231 3611 mala.

115 3666 180 3727 pm,
202 3665 329 3727 Sancta
339 3662 446 3724 Maria
460 3662 575 3738 pil-go·
948 3647 1151 3709 Avertantur
1173 3646 1286 3710 statim
1305 3647 1551 3726 erubescentes,
1573 3653 1631 3731 qui
1645 3652 1702 3717 di-

909 3745 990 3806 cunt
1004 3745 1097 3817 mihi,
1114 3746 1215 3821 Euge,
1229 3760 1324 3822 euge.

97 3907 103 3914 .
949 3841 1116 3915 Exultent,
1147 3841 1181 3904 61
1205 3843 1360 3906 laetentnr
1386 3844 1422 3906 in
1449 3845 1483 3912 te
1508 3862 1622 3910 omues
1647 3849 1704 3928 qui

115 3929 218 3992 Omnes
232 3931 353 4008 gentes
368 3929 514 4006 plaudite
524 3927 677 3990 manibus
692 3927 856 4005 ajubilate
909 3940 1063 4016 quaerunt
1075 3941 1109 4003 te
1125 3961 1133 4001 :
1149 3940 1183 4004 et
1207 3940 1322 4003 dicant
1343 3956 1485 4021 semper,
1510 3945 1707 4023 Magnifice.

88 4023 138 4086 000
149 4026 179 4087 in
189 4044 269 4090 voce
284 4026 516 4090 exultationis·
533 4023 637 4105 (Psah
651 4028 701 4098 46,
716 4024 764 4105 2)
909 4038 964 4100 tur
977 4037 1149 4112 Dominus,
1165 4039 1222 4116 qui
1243 4037 1387 4115 diligunt
1400 4040 1548 4104 salutare
1561 4045 1664 4105 tuum,

115 4124 259 4194 Quoniam
286 4124 451 4188 Dominus
465 4124 642 4196 excelsus,
663 4122 824 4185 terribilis
845 4144 853 4184 t
948 4138 1018 4212 Ego
1040 4150 1121 4197 vero
1144 4150 1268 4212 egenus
1294 4137 1328 4199 et
1354 4152 1483 4214 pauper
1505 4154 1578 4202 sum
1593 4162 1601 4201 ς
1617 4143 1705 4204 Deus

88 4216 391 4300 llexmagnussuper
403 4221 676 4283 omnemterram.
690 4219 854 4301 (Ibid.,3.)
909 4232 1031 4311 adjuva
1043 4248 1107 4294 me,

115 4318 186 4388 Quia
211 4318 447 4382 sanctissimus
467 4321 568 4380 Pater
592 4317 633 4379 00
656 4318 757 4391 00010,
783 4320 856 4381 Rex
948 4330 1089 4407 AdJutor
1114 4345 1208 4391 meus
1230 4331 1264 4392 et
1288 4325 1452 4395 liberator
1475 4348 1570 4394 meus
1594 4348 1630 4395 es
1644 4335 1705 4398 tu:

87 4414 262 4480 nosterante
284 4416 411 4479 saecula
426 4432 434 4477 :
451 4415 541 4478 misit
564 4415 719 4478 dilectum
735 4416 856 4477 Filium
910 4428 1049 4490 pomino
1062 4427 1266 4489 nomoreris.

88 4523 163 4573 suun
185 4514 225 4576 do
243 4516 327 4586 alto,
347 4516 381 4576 61
404 4515 559 4591 operatus
586 4514 637 4576 est
659 4513 800 4575 salutem
821 4513 856 4575 in
950 4525 1064 4587 Gloria
1077 4524 1182 4596 patri,
1199 4526 1262 4586 etc,

88 4607 174 4671 medio
186 4613 295 4675 terrae.
314 4610 417 4690 (Psal.
432 4613 483 4683 73,
501 4608 567 4690 12.)
951 4622 1030 4684 Ant.
1044 4621 1165 4696 Sancta
1180 4620 1288 4682 Maria
1304 4620 1418 4699 VirgO,
1435 4639 1501 4686 non
1516 4626 1568 4688 est
1580 4623 1641 4689 tihi
1653 4626 1706 4688 si-

117 4707 272 4771 Laetentur
286 4709 376 4783 omli,
396 4710 430 4772 et
443 4707 569 4770 exultet
582 4708 685 4781 terra,
706 4725 856 4771 commo·
911 4718 1001 4782 milis
1016 4718 1140 4781 natain
1153 4718 1286 4791 mundo,
1303 4719 1337 4781 et
1358 4762 1366 4780 .

87 4805 183 4866 realur
202 4823 295 4869 mare
308 4808 342 4869 61
362 4806 534 4884 plenitudo
549 4808 621 4883 ejus
638 4827 646 4868 z
666 4805 859 4882 gaudebunt
952 4816 1066 4879 Gloria
1081 4816 1186 4889 Patri,
1203 4817 1266 4879 ete.

88 4902 185 4978 campi,
200 4906 234 4965 et
245 4905 360 4966 omnia
375 4919 448 4984 quae
465 4903 499 4965 in
514 4903 564 4964 eis
578 4906 669 4966 sunt.
684 4902 789 4984 (Psal.
804 4904 855 4977 95,

89 4995 230 5081 116112.)
1139 5006 1195 5067 ΑΙ)
1224 5005 1480 5067 MATUTINDM

118 5096 241 5161 cantate
257 5100 291 5161 ei
306 5100 470 5162 canticum
485 5116 626 5163 novum:
643 5099 773 5162 cantate
788 5099 858 5160 Do·
1056 5116 1230 5166 oomnrcn
1257 5115 1560 5164 nnsunnsomoms.

89 5189 162 5254 nino
174 5197 280 5257 omnis
294 5198 396 5258 terra.
414 5194 564 5275 (Ibidem,
575 5196 620 5276 1.)

120 5292 270 5360 Quoniam
293 5310 433 5370 magnus
447 5296 617 5368 Dominus,
633 5294 666 5356 et
679 5292 860 5355 laudabilis

90 5383 197 5450 uinis:
222 5391 385 5452 terribilis
412 5394 464 5454 est
490 5407 590 5470 super
618 5406 734 5453 omnes
761 5393 857 5452 Deos.
1223 5369 1397 5428 psalm·

91 5479 221 5560 (niden,
233 5486 281 5566 1.)
954 5493 1093 5552 cantate
1114 5489 1254 5551 Domino
1280 5489 1445 5550 canticum
1470 5506 1591 5554 norum
1607 5512 1614 5553 ε
1629 5494 1708 5570 quia

123 5580 234 5645 ider-te
254 5585 395 5647 Domino
421 5586 537 5663 patriae
561 5587 720 5663 gentium,
741 5584 860 5649 afferte
914 5587 1070 5650 mirabile
1085 5586 1173 5650 lecit.
1190 5583 1294 5664 (Psal.
1310 5586 1361 5660 97,
1377 5582 1420 5664 1).

368 3800 541 3858 Psalmus.

952 5236 1033 5298 Aret.
1051 5236 1172 5298 Sancta
1185 5233 1292 5295 Maria
1303 5234 1417 5309 Virgo.
