3950 6200
89 321 92 325 ’
155 322 234 385 1265

153 481 301 545 tationis.
324 481 436 557 Tange
457 480 619 543 decimam
643 482 812 553 chordam,
829 482 866 543 ut
879 497 950 542 rem

153 578 359 657 proximitui
375 593 440 639 non
453 580 691 656 concupiscas3
706 580 739 640 et
753 576 949 640 eliminabi-

152 677 208 737 tur
221 676 327 737 bestia
341 674 544 751 cupiditatis.

192 773 347 835 Laudato
370 787 449 834 eum
464 776 501 833 m
520 773 655 834 cithara
673 775 832 849 tanquam
848 787 951 848 spon·

153 887 244 946 sum;
274 869 350 930 ideo
371 869 460 931 enim
479 872 636 946 tanquam
660 885 803 948 sponsus
827 869 861 929 in
886 883 950 927 nu·

152 967 232 1044 ptiis
247 967 330 1040 suis,
353 965 511 1028 videlicet
532 967 567 1027 in
594 983 704 1035 cruce,
715 966 773 1028 ubi
788 966 828 1027 de
844 966 949 1027 latere

153 1081 214 1126 suo
230 1079 387 1141 sponsam
409 1063 567 1140 produxit
578 1063 773 1136 Ecclesiam,
790 1062 948 1124 sonuitin

152 1164 187 1223 in
201 1162 332 1223 cithara
353 1164 482 1238 septem
497 1161 708 1236 chordarum,
723 1177 798 1222 cum
818 1160 948 1222 tantum

153 1260 278 1336 septem
292 1259 430 1335 protulit
443 1257 558 1320 verba.
575 1261 613 1319 In
630 1259 738 1335 prima
751 1256 875 1319 chorda
891 1272 948 1317 so-

152 1358 212 1418 nat
239 1356 298 1417 Dei
318 1355 465 1428 bonitas,
481 1371 555 1416 cum
570 1371 629 1432 pro
651 1355 724 1417 istis
739 1354 796 1432 qui
811 1353 949 1430 peccant

151 1469 213 1530 per
226 1453 449 1529 ignorantiam
464 1468 531 1513 non
544 1468 603 1528 per
617 1452 791 1523 malitiam,
805 1451 949 1512 interce-

152 1551 211 1622 dit,
227 1549 342 1611 dicens
357 1571 365 1609 ε
381 1549 504 1621 Pater,
520 1549 654 1611 dtmttta
676 1552 761 1620 tots,
774 1552 856 1622 quur
868 1561 949 1607 ues-

149 1648 351 1719 etantanto
365 1646 483 1720 factam
496 1644 609 1724 (Lucae
618 1647 669 1713 23,
676 1645 741 1724 34).
757 1642 947 1706 insecundo

151 1745 250 1804 sonat
272 1740 515 1809 misericordia,
540 1741 717 1803 ostendens
746 1739 833 1819 quod
855 1754 947 1800 nan-

151 1855 250 1915 quam
279 1854 355 1899 sera
382 1839 433 1899 est
453 1838 648 1914 paenitentia
673 1859 680 1898 :
709 1853 776 1899 non
800 1835 949 1898 restabat

150 1936 240 1996 enim
260 1935 395 2006 latroni,
425 1934 491 1995 nisi
518 1935 637 1996 unicus
657 1934 840 2010 singultus;
865 1933 946 1995 etin

150 2031 525 2109 eopoenitensaudivita
535 2032 664 2093 Donino
678 2035 948 2094 :Hadtamacum

151 2134 224 2191 aris
250 2133 288 2190 tu
311 2132 483 2206 Paradiso
513 2127 672 2206 (116623,
699 2127 764 2207 43).
793 2131 830 2188 In
847 2128 946 2189 tertia

150 2226 276 2288 chorda
302 2224 466 2302 discipulo
488 2225 702 2302 prosequenti
725 2224 854 2286 eumad
870 2239 947 2285 cru-

150 2339 234 2394 cem,
264 2322 382 2384 Matris
412 2322 501 2383 dedit
527 2322 767 2399 patrocinium3
795 2321 944 2384 dicens:

150 2424 364 2482 Mastarense
385 2420 475 2492 [ttius
490 2419 570 2480 tuus
587 2418 697 2499 (ioan.
713 2421 762 2494 19,
777 2421 817 2479 26
829 2420 862 2480 et
872 2416 944 2496 27);

151 2515 288 2601 protege
312 2532 387 2577 eum
411 2517 448 2577 ut
473 2516 590 2577 mater.
606 2520 694 2578 Ecce
723 2517 840 2578 mater·
865 2516 946 2588 tua,·

150 2615 289 2690 protege
302 2629 387 2685 eam,
403 2614 440 2672 ut
454 2612 543 2672 illius
579 2615 650 2689 eJus
665 2613 700 2673 in
713 2613 803 2674 omni
816 2611 947 2688 prolec-

151 2710 253 2771 tione.
271 2709 467 2786 Huiusmodi
492 2710 731 2785 protectionem
753 2710 825 2785 ipse
845 2708 946 2769 etiam

152 2807 236 2868 situs
260 2807 411 2883 corporis
432 2806 537 2867 beatae
566 2806 714 2882 Virginis
737 2803 944 2882 designabat,

180 2991 220 3061 (ll
231 2992 300 3059 Quoe
311 2990 435 3062 aquiloni
453 2991 646 3063 oppositaetc.
659 2992 780 3048 incaest
790 2991 942 3058 sententia,

151 3061 346 3120 beatissimam
353 3061 500 3134 Virginem
509 3061 588 3133 juxta
597 3066 711 3118 cruceni
718 3062 853 3118 stetisses
864 3060 946 3116 sinis-

151 3135 212 3195 tris.
237 3148 293 3188 uon
318 3145 395 3199 vero,
418 3139 450 3188 ut
477 3133 558 3203 pingi
582 3132 695 3199 soleta
714 3131 830 3189 dextris.
845 3133 945 3201 Neque

151 3205 228 3259 euim
244 3202 393 3275 ignorabat
406 3202 433 3258 S.
446 3202 564 3258 loannis
582 3203 752 3258 Damasceni
774 3201 943 3258 doctrinam.

150 3274 200 3329 lib.
216 3275 254 3330 1v
264 3273 370 3328 dalida
383 3285 447 3344 cap.
465 3272 516 3328 13:
533 3292 543 3320 ι
561 3273 624 3328 Non
648 3272 825 3344 simpliciter,
841 3278 870 3327 et
884 3269 942 3330 lor·

151 3344 223 3400 tuito
234 3341 269 3399 ad
282 3343 421 3399 orientem
440 3341 627 3398 adoremus...
643 3341 771 3399 Christus
793 3341 945 3397 crucifixus

152 3413 188 3471 ad
211 3413 388 3470 occidentem
413 3412 599 3485 respiciebat3
625 3418 654 3468 et
680 3411 888 3470 sicadommus
909 3410 945 3468 ad

532 323 640 384 PARS
661 325 806 385 PRIMA.
820 320 1105 403 -fisxroslrlo
1129 323 1173 385 IN
1196 325 1400 387 SPALMOS.

1721 323 1799 387 1266

1005 498 1078 558 (1666
1101 482 1252 560 aquiloni
1276 482 1428 560 opposita
1443 479 1512 561 (1),
1538 496 1581 542 ex
1609 480 1676 540 alia
1704 482 1799 557 parte

1002 582 1166 642 loannem
1190 580 1350 655 babebat3
1375 579 1462 641 unde
1486 578 1631 640 canticis
1654 576 1698 656 (7,
1727 576 1762 657 4)
1788 599 1797 640 :

1003 680 1119 739 Nasus
1135 678 1214 739 tuus
1225 679 1314 739 sicut
1335 679 1457 748 tumis,
1475 691 1552 750 quac
1565 676 1705 748 respicit
1717 689 1800 735 cou-

1005 775 1062 836 tra
1094 778 1315 837 Damascum.
1341 772 1487 835 Naribus
1522 772 1675 844 sentitur,
1710 770 1801 848 qaod

1003 874 1184 933 remortum
1200 872 1260 933 est.
1276 873 1378 933 Beata
1393 871 1607 947 igiturVirgo
1623 869 1720 946 quasi
1738 884 1799 931 aa·

1002 983 1073 1041 sus,
1094 968 1165 1029 sive
1185 970 1279 1031 naris
1300 970 1361 1041 est,
1378 969 1456 1046 quia
1480 968 1579 1043 longe
1603 966 1705 1027 sentit
1723 965 1798 1026 dia·

1003 1064 1072 1126 boli
1086 1066 1266 1139 versutias,
1283 1081 1319 1126 se
1333 1080 1504 1142 opponens
1518 1079 1579 1140 pro
1593 1063 1663 1124 suis
1675 1064 1798 1124 cautra

1002 1166 1221 1234 Damascum,
1249 1163 1335 1239 quod
1375 1162 1614 1239 interpretatur
1642 1159 1797 1237 poculum

1003 1259 1190 1334 sanguinis,
1221 1259 1308 1322 idest
1337 1263 1453 1320 contra
1493 1258 1662 1320 diabolum
1698 1256 1798 1321 mali-

1002 1371 1104 1431 gnum
1137 1357 1303 1434 spiritum,
1328 1358 1467 1418 mortem
1487 1357 1646 1426 nostram,
1671 1355 1797 1415 66666-

1002 1454 1137 1529 guinem
1159 1454 1337 1515 sitientem.
1361 1456 1398 1514 ln
1431 1454 1550 1531 quarta
1584 1451 1708 1514 chorda
1735 1465 1796 1527 pro

1003 1550 1073 1611 suis
1082 1551 1117 1610 in
1131 1550 1346 1612 tribulatione
1361 1550 1478 1627 positis
1497 1552 1671 1626 paternum
1683 1547 1794 1609 inter·

1002 1646 1105 1723 pellat
1126 1648 1301 1719 auxilium,
1323 1648 1436 1709 dicens
1449 1668 1456 1707 ε
1469 1650 1534 1719 aa,
1551 1650 1625 1718 atu·
1639 1650 1701 1707 bac
1717 1645 1769 1706 est
1784 1660 1795 1704 .·

1002 1746 1094 1806 Deus
1107 1759 1216 1820 maus,
1227 1746 1266 1806 at
1279 1748 1361 1819 quid
1375 1744 1586 1818 dereliquisti
1597 1743 1671 1803 mat
1685 1740 1793 1821 (Matt.

1000 1842 1052 1913 27,
1080 1839 1146 1919 46).
1175 1842 1212 1902 16
1236 1842 1351 1919 quinto
1372 1839 1486 1911 verba,
1513 1839 1608 1916 quasi
1623 1839 1659 1898 in
1679 1828 1796 1915 quinta

1002 1936 1138 2006 chorda,
1155 1937 1195 1999 66
1207 1940 1321 2000 nostra
1340 1938 1447 1999 salute
1461 1953 1557 1997 suum
1573 1934 1717 1997 ostendit
1736 1935 1796 1995 66-

1002 2033 1172 2106 siderium,
1200 2035 1315 2097 dicens
1336 2037 1455 2098 :Sitia
1482 2037 1519 2096 In
1546 2034 1642 2095 sexta
1670 2031 1794 2093 chorda

1002 2145 1098 2190 suum
1113 2129 1153 2191 de
1164 2131 1276 2192 nostra
1292 2131 1469 2208 iniquitate
1481 2128 1709 2191 manifestarit
1719 2144 1794 2204 sup·

1001 2219 1150 2303 plicium,
1159 2228 1341 2302 cumdixit3
1354 2225 1795 2297 Coresummatumestmam

1000 2338 1107 2397 suuper
1125 2328 1276 2386 dotorem
1299 2329 1495 2394 arduarum,
1521 2337 1581 2398 pro
1606 2321 1793 2398 perditione

1001 2420 1192 2496 inpeccatis
1212 2436 1327 2481 eorum
1342 2420 1549 2482 addiderunt
1563 2418 1688 2480 inferre
1703 2432 1794 2478 mor-

1000 2513 1791 2594 tem.inseptimoverbo,quasiseptimachorda,

1000 2613 1182 2675 ineffabilis
1217 2615 1425 2685 dilectionis,
1460 2614 1514 2674 vel
1548 2611 1790 2682 delectationis,

1001 2712 1051 2773 est
1074 2714 1307 2787 argumentum
1333 2712 1478 2783 :Putem
1503 2714 1540 2771 tu
1563 2723 1689 2771 manus
1715 2709 1794 2769 tuas

1000 2811 1198 2870 commendo
1210 2810 1375 2881 spiritum
1390 2823 1517 2869 meum.
1536 2804 1649 2887 (Lucae
1662 2807 1714 2877 23,
1725 2801 1791 2883 46).

1002 2992 1094 3063 ipsum
1129 2992 1315 3074 suspirantes.
1339 3013 1350 3040 ι
1378 2994 1477 3063 ltaque
1503 2991 1527 3046 si
1550 2989 1653 3047 Christi
1678 2988 1792 3045 Domini

1000 3062 1075 3119 cruci
1102 3060 1189 3118 alilin
1208 3075 1346 3119 conversa
1365 3070 1426 3118 arat
1451 3060 1539 3117 lactes
1551 3059 1586 3116 ad
1599 3057 1792 3128 occidentem3

1000 3133 1062 3203 ejus
1076 3131 1191 3189 dextera
1208 3131 1243 3188 ad
1254 3135 1424 3189 Damascum
1439 3139 1468 3187 et
1486 3131 1647 3202 aquilonem
1660 3128 1793 3186 extende·

999 3201 1092 3268 batur,
1104 3202 1175 3258 laeva
1202 3201 1238 3258 ad
1261 3201 1431 3258 meridiem:
1448 3208 1476 3258 et
1486 3203 1535 3259 Vir
1558 3199 1754 3256 abeatissima
1767 3200 1792 3255 si

1000 3274 1173 3328 Damascum
1196 3280 1225 3327 et
1248 3273 1411 3343 aquilonem
1432 3215 1628 3340 contuebatur,
1646 3271 1791 3327 sinistram

1001 3342 1063 3399 Filii
1077 3342 1193 3401 tenebat
1206 3356 1264 3399 uon
1278 3341 1434 3399 dexteram.

607 3973 718 4035 FINIS
740 3974 784 4035 IN
808 3975 1001 4037 PSALMOS
1024 3975 1329 4037 EXPOSITIONIS.
