3950 6200
188 275 227 337 10
811 272 989 335 uoNOth
1010 273 1057 334 111
1078 274 1227 336 OPERA.
1786 283 1830 342 20

185 432 315 496 tionum
342 446 528 504 numerum,
558 445 755 508 aggravare.
778 432 872 493 Nulli
899 447 979 508 ergo
1033 432 1626 509 regemadvestrumetecclesiarum
1640 438 1828 503 vestrarum

186 532 322 593 omnino
333 531 503 591 hominum
518 530 618 590 liceat
629 528 715 591 banc
731 531 887 606 paginam
900 546 981 592 nos·
1034 530 1181 593 savorem
1198 548 1258 608 per
1272 532 1334 593 boc
1350 533 1540 609 specialiter
1553 535 1734 605 inclinetis,
1749 553 1829 611 gra·

186 630 248 691 trae
263 629 471 689 inhibitionis
487 628 679 703 intringere,
695 628 747 689 vel
772 628 802 688 ei
828 644 911 689 ausu
929 631 981 690 te-
1034 630 1166 705 tamque
1196 629 1459 691 vicissitudinem
1486 631 1528 692 ab
1556 647 1596 692 eo
1635 636 1827 708 exspectare

186 727 331 787 meraclo
345 727 522 786 contraire.
540 726 656 802 Siquis
667 727 777 786 autem
792 724 854 786 hoc
870 728 976 787 atten·
1036 727 1168 801 possitis
1190 729 1337 802 ternpore
1359 730 1556 804 opportuno.
1578 729 1741 789 Nolumus
1764 747 1827 791 au-

185 824 257 884 tare
275 825 535 900 praesumpserit,
551 823 813 898 indignationem
828 824 981 899 omnipo-
1034 826 1111 894 tem,
1140 824 1225 899 quod
1252 822 1414 886 exhibitio
1454 824 1682 885 subventionis
1708 827 1828 901 hujus-

188 921 289 981 tentis
305 921 362 980 Dei
377 922 409 981 et
423 919 594 983 beatorum
611 921 701 982 Petri
714 923 746 982 et
761 921 859 981 Pauli
873 926 980 997 Apos—
1034 919 1122 979 modi
1137 920 1290 981 trahatur
1306 920 1347 981 ad
1374 921 1655 998 consequentiam,
1670 922 1722 981 vel
1736 939 1825 998 prae·

185 1019 328 1080 totorum
340 1019 412 1093 ejus
425 1033 461 1076 se
477 1018 607 1078 noverit
620 1018 845 1078 incursurum.
862 1020 980 1078 Datum
1030 1016 1193 1091 judicium
1219 1020 1356 1091 generet
1394 1017 1630 1078 ecclesiasticae
1665 1017 1823 1079 libertati.

187 1118 302 1186 Reate,
332 1116 377 1174 lx
392 1114 553 1175 kalendas
580 1114 752 1188 februarii,
769 1115 979 1192 pontificatus
1034 1114 1152 1173 Datum
1169 1115 1282 1185 Reate,
1300 1116 1329 1174 V
1348 1113 1509 1175 kalendas
1528 1114 1699 1186 februarii,
1714 1114 1826 1191 ponti·

186 1213 294 1273 nostri
304 1228 392 1273 auno
403 1211 542 1273 decimo.
1034 1209 1152 1272 dcatus
1166 1211 1272 1271 nostri
1286 1226 1374 1272 anno
1387 1211 1526 1272 decime.

540 1442 627 1529 XCI
1376 1467 1484 1554 xcii

225 1595 278 1654 Ad
290 1595 575 1666 archiepiscopos,
590 1596 775 1666 episcopos,
791 1592 938 1663 anates,
1073 1617 1126 1676 aa
1148 1619 1354 1690 episcopum,
1374 1619 1541 1677 cerarium
1564 1620 1599 1677 s.
1622 1618 1786 1690 scapnam

246 1694 396 1763 W'Ot'etr
411 1690 444 1752 θί
459 1694 544 1751 0le
553 1691 718 1764 Proelalffl
730 1694 767 1752 Η
767 1692 917 1753 meanto.
1151 1713 1185 1773 et
1199 1716 1479 1774 archidiaconum
1493 1718 1703 1775 lreoemem.

451 1819 618 1912 28'l'flffltttrli
635 1820 713 1877 1²26·
1296 1844 1331 1901 29
1343 1844 1466 1917 januarii
1481 1844 1560 1901 lias.

293 1943 423 2007 qineina,
443 1944 510 1994 ³¹⁰⁰·
529 1943 706 2002 hibernorum,
719 1943 759 2000 25,
775 1957 801 1992 n.
818 1942 870 2007 60·]
1049 1963 1169 2028 megan,
1185 1963 1232 2015 lib.
1243 1965 1276 2023 x,
1299 1966 1374 2030 epist.
1389 1967 1441 2016 165.
1456 1966 1513 2015 llss.
1531 1966 1810 2032 dupondiumet]

185 2069 244 2125 13⁰⁸
255 2065 382 2124 bimatus
394 2078 434 2136 ut,
450 2081 536 2138 quum
553 2082 674 2139 ‘egnum
692 2066 835 2124 ffibssffllffl
850 2065 886 2123 fld
901 2068 976 2123 30¹¹·
1033 2086 1149 2144 blandai
1165 2089 1208 2144 eis
1224 2096 1255 2145 ut
1274 2090 1303 2145 in
1321 2104 1418 2157 causa,
1434 2104 1499 2161 qua
1517 2090 1590 2146 inter
1611 2091 1781 2161 magistrum
1797 2098 1826 2147 et

220 2156 311 2212 mum
325 2170 425 2228 sedem
438 2156 550 2228 Angli&
560 2156 713 2235 P⁰f¹¹⁰³⁸b
725 2154 820 2212 eidem
835 2156 898 2228 fessi
910 2153 977 2211 ⁸⁰¹³·
1069 2177 1181 2233 Fratres
1192 2178 1346 2250 Hospitalis
1358 2179 1510 2236 llormonti
1521 2177 1556 2234 ab
1571 2193 1638 2245 noa,
1650 2182 1680 2235 et
1693 2178 1825 2237 abbatem

220 2246 338 2301 veniant
360 2252 389 2302 et
421 2244 568 2301 collectam
596 2242 702 2301 lactant
730 2244 766 2303 ad
789 2258 979 2316 expensarum
1068 2272 1298 2337 conventumque
1313 2266 1348 2322 dg
1368 2266 1455 2322 pppis
1468 2266 1503 2323 qq
1523 2267 1715 2338 „pesam-qe,
1728 2274 1822 2325 veste.

222 2332 351 2405 etussdeffl
370 2347 458 2390 <melfi
474 2330 676 2404 suptiffllflssdfi·
1067 2350 1159 2417 batur,
1179 2353 1258 2425 juxta
1276 2361 1404 2411 tenorem
1420 2354 1546 2411 mandati
1558 2355 1714 2427 Apostohci
1724 2354 1759 2411 do
1771 2355 1826 2412 troc

226 2469 395 2528 Honorius
405 2469 591 2544 episcopus,
599 2483 716 2528 servus
726 2483 898 2529 servorum
906 2467 977 2538 Dei,
1066 2438 1126 2517 5³⁰¹
1141 2440 1199 2497 (¹³¹³
1214 2439 1359 2499 definitive
1374 2441 1538 2515 Pwoedam·

185 2564 433 2625 venerabilibus
459 2564 618 2625 tratribus
646 2564 918 2640 archiepiscopis,
948 2564 980 2625 et
1072 2568 1238 2627 Honorius
1248 2568 1433 2643 episcopus,
1442 2583 1558 2629 servus
1571 2569 1822 2640 servorumDei,

187 2660 317 2722 dilectis
339 2662 418 2721 tiliis
435 2660 621 2731 abbatibus,
643 2660 821 2737 prioribus,
848 2664 880 2721 et
901 2661 979 2721 aliis
1032 2664 1217 2724 venerabili
1251 2664 1398 2725 tratri...
1424 2665 1595 2741 episcopo,
1626 2667 1659 2725 et
1691 2664 1823 2726 dilectis

186 2758 334 2833 praelatis
355 2774 395 2818 ac
415 2758 600 2819 rectoribus
622 2758 839 2818 ecclesiarum
859 2758 894 2817 in
919 2758 980 2818 lli-
1034 2760 1163 2820 tiliis...
1189 2761 1314 2822 decano
1338 2763 1449 2822 Sancti
1468 2761 1638 2837 Stephani,
1654 2761 1687 2821 et
1708 2761 1825 2822 archi-

185 2854 303 2916 bernia
322 2856 520 2924 constitutis,
538 2855 690 2925 salntem,
707 2856 770 2916 etc.
1033 2857 1173 2918 diacono
1195 2859 1362 2926 Trecensi,
1382 2858 1532 2928 salutem,
1548 2861 1610 2920 etc.

226 2954 301 3013 Non
327 2952 460 3013 laeditur
488 2952 625 3013 libertas
650 2952 888 3022 ecclesiastica,
921 2950 979 3012 sed
1076 2954 1192 3015 Dilecti
1212 2954 1308 3014 tilii...
1326 2956 1494 3029 magister,
1511 2957 1544 3015 et
1565 2954 1685 3015 iratres
1702 2954 1827 3029 Hospim

187 3045 384 3120 detenditur,
402 3047 657 3110 cumdelensori
670 3051 753 3125 ejus,
768 3049 855 3110 statu
867 3063 979 3109 rerum
1032 3049 1110 3111 talis
1150 3052 1327 3112 Mormonti
1369 3068 1429 3112 sua
1465 3049 1559 3112 nobis
1598 3051 1824 3112 insinuatione

187 3146 220 3204 et
233 3145 417 3220 temporum
435 3145 600 3220 exigente,
623 3145 806 3205 subsidium
824 3145 979 3206 liberali·
1033 3149 1271 3220 monstrarunt,
1289 3150 1374 3226 qnod
1399 3165 1475 3209 eum
1500 3149 1727 3224 praedecessor
1748 3164 1824 3208 ma-

185 3241 980 3317 terexhibetur.CumergocarissimoinChristo
1034 3245 1129 3320 gistri
1147 3245 1305 3321 ejusdem,
1320 3246 1354 3307 et
1374 3245 1495 3306 iratres
1519 3245 1583 3321 ipsi
1604 3245 1827 3320 cognitionem

187 3338 256 3398 illio
278 3340 392 3398 nostro
406 3335 592 3416 Htenrico],
609 3339 681 3413 regi
692 3338 874 3413 anglorum
888 3338 981 3398 illus·
1034 3342 1204 3418 cujusdam
1219 3342 1404 3403 ‹ltsfininvae
1416 3343 1600 3412 sententiaa,
1613 3359 1748 3419 qnam...
1764 3340 1828 3402 ab·

186 3435 242 3506 tri,
259 3435 362 3498 multa
382 3435 577 3496 immineant
591 3436 858 3496 necessariarum
878 3449 980 3497 onera
1033 3439 1093 3500 bas
1110 3440 1221 3499 Sancti
1237 3439 1412 3499 Michaelis
1425 3439 1688 3499 Tornodorensis
1700 3439 1733 3500 et
1747 3455 1829 3500 con-

187 3547 422 3609 expensarum,
448 3532 983 3609 etpropterhocsibimandavi-
1030 3536 1160 3614 judices
1184 3536 1236 3595 sui
1266 3536 1408 3611 delegati
1436 3551 1457 3596 a
1482 3536 1579 3596 nobis
1616 3537 1732 3597 contra
1769 3551 1828 3598 eos

187 3646 261 3691 mus
285 3647 305 3691 a
333 3631 423 3693 clero
446 3630 574 3705 angliae
599 3629 784 3689 subsidium
815 3628 978 3701 exbiberi,
1034 3647 1131 3708 pro...
1154 3631 1283 3703 abbate,
1312 3647 1351 3693 ao
1370 3632 1535 3693 conventu
1554 3631 1594 3692 de
1616 3632 1731 3703 Moris,
1748 3632 1825 3691 Cis·

188 3728 441 3788 universitatem
464 3728 610 3787 vestram
639 3725 781 3787 sollicite
809 3726 982 3787 hortamur
1033 3729 1208 3789 terciensis
1234 3728 1373 3796 ordinis,
1404 3729 1623 3804 lingonensis
1657 3729 1820 3800 dioecesis,

188 3840 248 3901 per
273 3824 461 3899 apostolica
492 3823 586 3884 vebis
617 3823 740 3898 scripta
773 3822 978 3894 mandantes,
1034 3842 1135 3902 snper
1149 3826 1188 3885 de
1202 3828 1330 3897 Queren
1346 3827 1379 3886 et
1400 3826 1440 3886 de
1455 3826 1653 3886 Bellisverre
1674 3827 1824 3900 grangiis

186 3923 351 3997 quatenns
366 3936 441 3980 cum
464 3936 605 3995 regnum
619 3919 787 3981 Hiberniae
810 3918 850 3982 ad
873 3920 981 3995 ipsum
1034 3921 1252 4001 protulerunt,
1270 3922 1364 3983 vobis
1389 3923 1465 3982 dum
1480 3924 1527 3992 tu,
1542 3921 1825 3998 iraterepiscope,

183 4019 358 4094 pertinere
380 4019 547 4088 noscatur,
577 4032 616 4077 ac
637 4031 697 4092 per
721 4016 785 4077 hoc
804 4015 910 4076 eidem
927 4016 982 4075 in·
1034 4021 1213 4080 canonicus
1236 4020 1413 4080 Trecensis
1430 4019 1604 4090 existeres,
1620 4019 1827 4080 obtinuerint

188 4116 321 4176 cumbet
346 4115 523 4175 defendere
546 4116 734 4175 vestrarum
764 4114 980 4175 ecclesiarum
1035 4117 1155 4177 asede
1170 4117 1359 4193 apostolica
1375 4116 1522 4192 delegari
1544 4117 1577 4178 et
1596 4116 1696 4177 luerit
1712 4131 1823 4176 corani

185 4212 356 4274 libertates
376 4214 409 4274 et
425 4214 653 4288 jurandaque
672 4211 789 4272 deceat
811 4211 887 4283 sibi,
907 4227 981 4271 cum
1034 4213 1129 4274 vobis
1144 4228 1246 4288 super
1259 4212 1449 4288 hujusmodi
1471 4213 1605 4287 negotio
1623 4228 1683 4289 per
1701 4227 1825 4273 annum

188 4326 369 4386 exposcere
405 4310 536 4370 videtur
572 4310 766 4380 necessitas,
797 4307 983 4368 liberaliter
1035 4309 1224 4385 etamplius
1239 4308 1416 4384 litigatum,
1435 4308 1570 4369 tandem
1596 4324 1656 4383 per
1676 4308 1827 4385 praedicti

189 4405 377 4478 subvenire,
399 4406 584 4477 collectam,
602 4405 751 4482 pensatis
774 4404 981 4478 singularum
1036 4405 1292 4484 praedecessoris
1320 4405 1486 4466 incuriam
1514 4406 1684 4479 negotium
1720 4405 1829 4480 ipsum

190 4503 406 4564 ecclesiarum
419 4502 643 4573 facultatibus,
660 4502 791 4562 iactatis
807 4501 847 4562 ad
863 4515 984 4578 expen·
1036 4504 1124 4564 ultra
1145 4502 1398 4580 quadriennium
1423 4503 1473 4564 est
1491 4501 1675 4576 neglectum
1693 4522 1701 4560 z
1727 4516 1830 4577 quare

190 4616 303 4660 sarum
319 4600 424 4676 ipsius
438 4591 529 4673 regis
541 4615 644 4659 onera
657 4597 894 4674 supportanda,
909 4614 982 4658 cum
1037 4600 1247 4677 postularunt
1260 4616 1280 4659 a
1293 4599 1400 4670 nobis,
1417 4599 1454 4660 ut
1468 4614 1528 4674 per
1541 4598 1737 4658 beneficium
1753 4614 1829 4659 res·

191 4696 333 4758 consilio
360 4696 562 4757 venerabilis
591 4696 705 4755 fratris
731 4697 836 4756 nostri
840 4738 900 4755 .....
928 4711 985 4755 ar·
1037 4698 1203 4759 titutionis
1222 4697 1257 4755 in
1280 4696 1457 4770 integrum,
1472 4696 1500 4754 si
1526 4695 1570 4754 sit
1589 4694 1828 4762 necessarium,

190 4793 395 4870 chlepiscopi
410 4792 622 4853 bublinensis
642 4791 771 4867 aliquos
788 4792 880 4853 viros
894 4795 984 4853 notae
1038 4794 1270 4855 subvenientes
1289 4793 1425 4863 eisdem,
1442 4791 1572 4852 admitti
1586 4806 1644 4850 eos
1658 4790 1700 4849 ad
1715 4807 1832 4866 prose-

191 4891 377 4969 prudentiae
401 4905 440 4951 ac
463 4888 611 4966 probatae
637 4889 714 4949 tidei
737 4889 910 4964 eligentes,
926 4889 984 4965 qui
1038 4892 1204 4969 quendum
1231 4888 1450 4949 memoratum
1474 4887 1656 4961 negotium,
1675 4902 1742 4947 non
1771 4887 1832 4949 ob-

192 4989 366 5066 pecuniam
378 4987 544 5063 recipiant
555 5002 615 5063 pro
630 4985 848 5046 subventione
864 4985 983 5061 hujus·
1038 4989 1145 5049 stante
1175 4986 1257 5048 tanti
1285 4984 1427 5045 decursu
1461 4983 1621 5059 temporis
1653 4984 1833 5045 mandare-

191 5085 281 5148 modi
301 5083 533 5161 colligendam,
558 5099 696 5159 eamque
720 5083 893 5158 assignent
921 5083 984 5159 ipsi
1038 5101 1122 5146 mus.
1153 5083 1295 5158 Ideoque
1327 5080 1538 5151 mandamus,
1563 5081 1736 5156 quatenus,
1768 5081 1831 5142 hoc

193 5183 444 5259 archiepiscopo
469 5182 502 5243 et
519 5180 647 5241 duobus
670 5179 757 5253 aliis,
779 5181 834 5257 qui
859 5181 901 5241 ad
923 5181 987 5242 hoc
1038 5180 1279 5251 nonobstante,
1294 5180 1329 5239 in
1342 5179 1581 5254 negotiojuxta
1601 5177 1722 5253 prioris
1735 5193 1833 5238 man·

193 5280 306 5341 idonei
318 5279 526 5350 videbuntur,
543 5294 603 5355 per
617 5292 675 5338 eos
689 5277 731 5338 ad
746 5294 910 5355 expensas
927 5277 985 5353 ip·
1039 5279 1109 5340 dati
1129 5280 1289 5347 tenorem,
1302 5275 1525 5352 appellatione
1542 5275 1680 5345 remota,
1702 5276 1832 5336 ratione

193 5377 265 5438 sius
279 5378 380 5451 regis,
398 5393 473 5452 quae
485 5374 686 5436 videbuntur
700 5375 732 5435 ei
747 5376 781 5435 et
801 5391 903 5451 regno
925 5390 986 5435 suo
1040 5376 1164 5452 praevia
1178 5375 1376 5449 procedatis.
1394 5372 1485 5444 Quod
1501 5372 1529 5432 si
1542 5387 1609 5432 non
1624 5387 1750 5442 omnes,
1767 5374 1829 5434 etc.

195 5474 302 5550 magis
321 5474 531 5543 necessarioe,
559 5472 824 5544 ministrandam,
849 5471 990 5532 manda·
1041 5473 1159 5535 Datum
1173 5471 1287 5543 Reate,
1298 5472 1373 5531 XIV
1388 5467 1548 5530 kalendas
1559 5467 1730 5541 februarii,
1746 5484 1833 5545 pon·

195 5574 265 5635 tum
280 5572 430 5633 nostrum
446 5571 560 5633 taliter
577 5569 757 5648 impleturi,
774 5569 860 5647 quod
879 5569 988 5647 ipsum
1007 5595 1010 5604 ¹
1040 5569 1189 5633 titicatus
1200 5569 1306 5631 nostri
1322 5583 1410 5630 auno
1425 5565 1565 5628 deamo.
