3950 6200
230 291 288 354 eat
653 291 686 351 S.
708 288 884 354 ANTONII
912 289 1100 356 PADUANI
1130 294 1268 356 OPERA
1298 293 1443 356 OMNIA.
1799 295 1850 357 taz

228 466 288 530 per
308 449 553 529 paenitentiam
576 447 610 511 et
632 450 861 512 dencoabttur
883 450 1025 526 fluctus,
1081 453 1204 525 omnia,
1217 454 1252 515 et
1266 468 1333 514 nox
1344 454 1380 515 in
1393 468 1454 515 suo
1469 467 1569 514 cursu
1580 452 1645 514 iter
1659 449 1795 513 medium
1806 471 1849 531 pe

226 548 314 612 idest
336 546 570 611 inundationes
599 560 777 623 pravorum
808 547 1025 610 consiliorum
1080 551 1214 625 regeret
1234 548 1294 629 (2),
1315 550 1523 628 omnipotens
1547 564 1657 611 sermo
1681 548 1769 623 tuus,
1792 553 1852 612 Dc·

226 644 500 718 desiccabuntur3
536 644 569 704 et
601 644 796 705 mterebttrtt
820 645 1024 720 piscatores,
1081 646 1181 721 mine,
1206 663 1225 708 a
1247 647 1414 723 regalibus
1436 646 1852 726 sedibusvenit›(3).liox

226 743 304 821 quia
316 741 494 804 tristantur
506 740 685 813 daemonee,
707 739 839 819 quando
854 741 1027 804 siccantur
1080 742 1310 821 iniquitatem,
1349 746 1419 807 eive
1445 747 1581 823 peccata
1607 745 1768 820 designat.
1789 746 1852 806 Nox

227 839 365 901 flumina
386 835 605 915 voluptatum.
622 839 801 901 Mttteates
820 843 974 911 tomum,
991 840 1027 901 et
1081 841 1189 903 media
1204 842 1255 904 est
1266 843 1354 905 inter
1368 858 1518 919 vespere,
1534 845 1568 905 et
1587 858 1696 904 mane.
1718 843 1771 903 Sic
1783 858 1852 919 pec·

225 937 462 1013 emporttterttes
475 937 562 998 rete.
590 933 696 996 Piscis
715 936 750 996 in
774 935 873 997 hamo
894 939 1024 1015 eaptus,
1081 942 1201 1011 catum,
1216 940 1286 1001 eive
1301 940 1462 1017 iniquitas
1487 938 1633 1001 medium
1658 939 1765 1001 locum
1778 941 1853 1001 tend

225 1033 350 1114 aliquid
366 1032 476 1103 babet,
493 1048 557 1110 quo
573 1031 753 1109 decipitar3
770 1036 887 1109 captus
906 1035 1024 1106 arete,
1081 1036 1169 1098 inter
1182 1041 1313 1114 Legem,
1335 1053 1408 1116 quae
1424 1052 1484 1116 per
1497 1051 1647 1114 vespere,
1669 1040 1703 1098 et
1721 1039 1854 1113 Evange-

225 1132 317 1194 nulla
337 1131 514 1192 dulcedine
536 1131 693 1193 allicitur.
709 1132 758 1193 lta
779 1134 857 1194 eunt
878 1130 1024 1210 quidam,
1082 1133 1174 1207 lium,
1190 1133 1276 1210 quod
1290 1147 1349 1210 per
1364 1147 1461 1194 mane
1474 1133 1686 1209 intelligitur.
1702 1135 1740 1194 nt
1754 1134 1786 1193 in
1803 1134 1854 1195 hoc

226 1230 282 1308 qui
307 1230 420 1308 aliqua
440 1227 616 1289 dulcedine
634 1230 812 1305 capiuntur
832 1245 852 1290 a
876 1231 1024 1307 peccato;
1082 1233 1169 1291 statu
1185 1230 1293 1291 medlo
1312 1230 1391 1293 iecit
1407 1246 1474 1292 nox
1488 1246 1622 1292 cursum
1636 1246 1744 1301 snum,
1759 1230 1855 1307 inqua

226 1329 283 1391 aed
295 1325 1028 1403 multigratis‚nullatractivaluptatisiliece·
1082 1328 1215 1389 notatur
1235 1327 1438 1390 abundantia
1458 1329 1684 1404 peccatorum,
1702 1342 1760 1404 per
1773 1343 1855 1405 quam

225 1425 297 1498 bra,
312 1424 395 1487 vitio
409 1439 445 1484 se
460 1422 668 1485 submittunt
685 1423 746 1485 Vel
762 1424 812 1484 sio
825 1440 832 1480 ε
845 1439 864 1483 ιι
876 1426 915 1487 Et
929 1438 1028 1485 ares·
1082 1423 1224 1486 silebant
1246 1424 1358 1485 omnia
1383 1440 1403 1485 a
1418 1424 1517 1485 laude
1532 1423 1676 1485 Domini.
1690 1421 1780 1485 Unde
1791 1426 1855 1485 tuac

226 1523 279 1585 cet
297 1535 383 1599 aqua
407 1521 449 1582 de
477 1520 572 1592 mari,
601 1523 665 1582 etc.
682 1537 701 1580 ιι
721 1524 817 1598 Aqua
845 1521 949 1582 maris
976 1523 1028 1583 est
1082 1521 1195 1584 illuxit
1218 1520 1300 1594 dies,
1329 1522 1371 1582 de
1394 1537 1460 1599 qua
1483 1522 1605 1583 dicitur
1619 1519 1675 1582 blo
1692 1542 1700 1581 ε
1719 1522 1855 1583 ileoectt

226 1617 403 1682 multitudo
418 1632 599 1695 pravarum
614 1616 871 1692 cogitationum
888 1618 1024 1690 durius,
1082 1622 1166 1694 dies,
1191 1621 1225 1682 et
1248 1621 1309 1681 itta
1331 1620 1384 1681 est
1406 1633 1490 1682 cecc.
1515 1619 1572 1680 Est
1586 1617 1677 1680 enim
1701 1634 1767 1679 nox
1783 1617 1855 1680 bona

227 1716 406 1778 delectatio
420 1713 627 1792 temporalia,
644 1729 803 1792 quaecum
817 1714 911 1776 arida
926 1714 1028 1776 luerit
1082 1715 1264 1778 obscurans
1287 1716 1375 1777 diem
1398 1717 1533 1786 maium,
1556 1717 1610 1777 cui
1627 1715 1794 1777 maledixit
1804 1713 1855 1777 tob

227 1828 287 1894 per
307 1813 461 1890 gratiam,
483 1813 676 1874 mterebttrtt
703 1811 910 1888 piscaturae,
938 1812 1028 1874 idest
1083 1812 1128 1892 (3,
1142 1816 1163 1875 3
1176 1816 1210 1875 et
1223 1812 1257 1893 5)
1271 1835 1279 1874 ι
1295 1815 1445 1875 «Pereat
1457 1813 1540 1883 dies,
1552 1814 1586 1874 in
1599 1829 1664 1890 qua
1678 1814 1774 1875 natus
1783 1830 1854 1883 sam,

229 1910 365 1982 diaboii,
381 1910 438 1988 qui
454 1911 531 1971 sunt
544 1910 721 1971 mittentes
735 1913 888 1983 tomum,
903 1911 938 1971 et
958 1925 1027 1971 eac·
1082 1914 1116 1975 et
1138 1927 1216 1983 nox,
1241 1911 1360 1988 inqua
1383 1910 1508 1973 dictum
1531 1911 1582 1972 est
1607 1932 1615 1971 ε
1643 1912 1749 1973 Natus
1761 1909 1804 1990 (t)
1815 1911 1857 1972 est

226 2008 418 2087 partientes
439 2009 597 2070 retiola
619 2007 718 2067 hamo
742 2008 895 2078 estesca,
913 2006 1027 2084 inquo
1083 2010 1182 2071 homo
1196 2009 1229 2068 in
1248 2008 1381 2069 mundo.
1405 2008 1590 2070 Obscurent
1614 2024 1690 2070 eum
1714 2007 1855 2082 tenebra,

229 2106 391 2184 deceptio,
409 2104 462 2168 vel
481 2103 660 2166 delectatio
679 2103 850 2177 inanitum
866 2119 926 2181 per
940 2103 1028 2181 quod
1083 2108 1116 2170 et
1128 2106 1245 2167 umbra
1257 2105 1385 2180 martie,
1402 2106 1540 2184 occupet
1555 2122 1631 2166 eum
1646 2103 1766 2181 caiigo,
1781 2107 1809 2166 et
1818 2106 1858 2165 in·

229 2205 392 2280 signatur,
404 2201 491 2280 quod
504 2200 666 2279 quosdam
681 2202 818 2278 capiunt
829 2201 954 2262 diaboli
970 2216 1030 2278 per
1082 2205 1238 2266 volvatur
1256 2204 1490 2265 amaritudine.
1513 2220 1532 2263 a
1549 2204 1671 2266 Pereat
1689 2206 1772 2274 dies,
1787 2202 1859 2263 idest

230 2301 467 2364 delectationes
499 2298 641 2376 peccati,
665 2299 827 2376 quosdam
858 2314 939 2361 vero
969 2314 1029 2377 per
1084 2301 1229 2363 carnaiis
1249 2300 1442 2374 delectati0;
1465 2301 1500 2362 et
1522 2315 1612 2372 rose,
1638 2300 1726 2362 idest
1752 2300 1855 2362 mentis

230 2399 368 2470 nullam,
382 2397 449 2458 imo
462 2397 497 2457 in
517 2396 647 2458 tantum
663 2397 741 2457 aunt
754 2395 925 2470 obstinati,
941 2396 1028 2476 quod
1084 2399 1281 2475 excaecati03
1306 2401 1343 2460 tn
1364 2414 1432 2473 otte
1452 2401 1557 2460 nctus
1583 2399 1636 2460 est
1657 2402 1767 2468 tomo,
1788 2396 1859 2457 idest

230 2497 310 2559 licet
323 2496 357 2557 in
372 2495 508 2573 peccato
523 2493 809 2557 nullamhabeant
829 2494 1029 2556 delectatio·
1084 2497 1191 2559 iactus
1213 2497 1263 2559 est
1285 2496 1450 2574 peccator.
1475 2497 1623 2566 Pereat,
1649 2495 1736 2556 idest
1761 2495 1859 2570 rigore

233 2609 321 2667 nem,
337 2583 449 2655 amen
467 2593 618 2670 peccent.
1080 2596 1230 2674 justitie,
1247 2595 1280 2656 et
1298 2594 1503 2672 paenitentiae
1525 2594 1728 2655 destruatur.
1749 2595 1859 2654 omot-

1084 2694 1164 2755 rent
1175 2707 1265 2763 eum,
1279 2691 1365 2753 idest
1380 2689 1467 2752 diem
1483 2691 1621 2767 peccati,
1638 2692 1794 2761 tenebre,
1804 2687 1860 2748 sci·

711 2813 716 2820 ·
1085 2788 1729 2866 licetlamentapoenitentiae,etttmbrc
1740 2786 1855 2856 mortis,

465 2864 606 2925 SERMO
627 2863 800 2925 CXXXIX·
1085 2888 1171 2949 idest
1192 2901 1282 2947 mors
1303 2886 1438 2957 Christi,
1461 2902 1536 2962 quae
1560 2885 1680 2962 simpla
1696 2883 1766 2946 init.
1780 2883 1860 2945 Diem

237 3008 279 3064 De
293 3002 369 3062 bono
384 3000 440 3073 dle,
453 3009 482 3060 et
495 3000 570 3059 maia
576 3017 585 3073 3
606 2999 642 3059 de
651 3000 726 3060 bona
739 2980 835 3072 nocte}
847 3010 876 3061 et
888 3003 978 3076 mala;
994 3000 1031 3061 de
1085 2984 1140 3045 ¹¹5⁰
1163 2982 1311 3062 appellat
1331 2983 1583 3046 (ῘθῙθῦῑᾶῑῙΟΠθῑΠ
1610 2984 1786 3055 carnalem,
1800 2981 1861 3041 Sile

513 3106 626 3162 aurora,
642 3091 754 3150 etsoie.
1084 3082 1228 3160 gloriam
1242 3081 1455 3153 mundanam,
1477 3081 1594 3159 inqua
1615 3081 1709 3158 prius
1730 3079 1862 3142 baseium

1085 3181 1183 3242 bomo
1196 3181 1367 3258 peccat0r;
1390 3180 1471 3241 tunc
1485 3178 1574 3241 enim
1599 3180 1707 3256 primo
1725 3178 1863 3255 peccator

1085 3276 1239 3349 allicitur,
1259 3292 1333 3337 cam
1354 3275 1390 3336 in
1411 3290 1524 3347 carne,
1541 3276 1595 3338 vel
1610 3275 1720 3352 gloria
1733 3272 1864 3336 delecta·

1085 3377 1151 3446 tur,
1167 3374 1255 3435 sicut
1266 3374 1364 3435 homo
1379 3374 1459 3434 tunc
1474 3373 1582 3449 primo
1594 3375 1658 3445 est,
1675 3388 1748 3434 cum
1762 3370 1863 3433 nasci·

237 3234 328 3293 Ttttts
339 3228 392 3292 est
405 3231 490 3301 dies,
505 3224 538 3289 et
554 3227 678 3290 tuaest
693 3242 793 3290 rtocc:
813 3232 861 3289 itt
874 3228 1030 3303 semc-

274 3328 330 3389 tus
343 3341 379 3389 es
393 3338 575 3399 euroram,
591 3325 623 3387 et
638 3329 755 3387 sotem.
777 3323 848 3404 (Pe.
864 3328 916 3399 73,
933 3324 999 3404 16.)

276 3468 354 3531 Dies
377 3467 442 3528 ista
462 3467 514 3528 est
533 3465 605 3527 dies
625 3464 812 3528 nativitatis
832 3464 967 3539 Christi,
990 3466 1032 3529 de
1086 3473 1150 3533 tur.
1165 3473 1231 3532 Per
1245 3472 1376 3532 noctem
1392 3485 1524 3547 semper
1537 3469 1770 3546 intelliguntur
1782 3470 1863 3530 tene·

235 3582 303 3645 qua
316 3564 412 3626 isaiae
428 3562 474 3643 (9,
489 3565 544 3641 2):
561 3562 708 3640 Populus
720 3563 882 3639 gentium,
896 3564 952 3641 qui
965 3580 1033 3625 am·
1085 3568 1166 3639 brae,
1191 3568 1224 3629 et
1247 3566 1443 3629 obscuritas.
1469 3567 1557 3630 Dicit
1573 3583 1666 3643 ergo,
1683 3566 1864 3629 obscuretur

237 3663 375 3725 belabat
391 3661 426 3722 in
445 3660 604 3735 tenebris,
624 3659 710 3722 sidit
727 3659 835 3722 lucem
849 3676 1030 3737 magnam:
1087 3666 1159 3728 baec
1194 3681 1278 3737 nox,
1315 3664 1387 3726 sive
1425 3662 1573 3726 tenebrae
1614 3664 1731 3725 umbra
1760 3661 1864 3724 mortis

238 3758 465 3823 babitantibus
479 3758 515 3818 in
530 3757 668 3833 regione
680 3757 806 3819 umbrae
821 3758 950 3831 mortis,
973 3759 1033 3819 lux
1087 3761 1226 3837 cbristi;
1252 3759 1339 3823 unde
1357 3760 1446 3823 idem
1466 3760 1528 3823 Job
1551 3762 1789 3841 consequenter
1802 3759 1863 3821 ait:

237 3859 311 3921 orta
335 3859 386 3918 est
400 3856 461 3917 eis.
484 3856 563 3916 Haec
585 3855 644 3915 lux
662 3856 713 3919 est
735 3868 827 3927 aera,
853 3870 927 3932 quae
949 3855 1031 3916 illu·
1088 3859 1274 3922 obscurent
1284 3874 1358 3919 eum
1373 3856 1530 3931 tenebrae,
1546 3859 1582 3919 et
1595 3860 1721 3920 umbra
1740 3857 1863 3918 mortis.

239 3955 345 4017 minat
359 3968 489 4015 omnem
504 3952 673 4015 bominem
685 3952 873 4014 venientem
893 3953 929 4014 in
943 3953 1033 4016 bunc
1089 3956 1212 4019 Umbra
1235 3955 1324 4017 enim
1347 3954 1465 4016 mortis
1491 3953 1615 4016 dicitur
1637 3971 1727 4017 mors
1740 3950 1863 4024 Glitiam

240 4052 410 4115 mundum.
436 4048 560 4129 (ioan,
578 4052 607 4122 i,
624 4048 672 4128 9.)
694 4051 774 4111 Haec
796 4051 847 4112 est
872 4051 941 4123 iux,
957 4064 1033 4129 quae
1087 4051 1262 4115 nonenim
1289 4050 1351 4111 luit
1373 4066 1454 4112 vere
1473 4066 1563 4111 mors
1580 4049 1647 4130 (5),
1678 4050 1735 4113 sed
1760 4047 1864 4111 mortis

132 4160 136 4165 ’
238 4149 331 4227 rugat
346 4147 473 4227 peccati
499 4151 641 4218 noctem,
657 4149 691 4208 et
704 4145 875 4222 tenebras;
901 4148 942 4208 de
966 4164 1033 4227 qua
1088 4147 1215 4216 umbra,
1232 4146 1303 4206 sive
1317 4144 1435 4221 ligura,
1449 4146 1603 4221 respectu
1619 4142 1748 4207 scilieet
1760 4142 1864 4204 mortis

239 4251 335 4310 nocte
358 4246 482 4309 dicitur
495 4245 530 4306 in
547 4245 633 4307 libro
659 4244 841 4321 Sapientiae
862 4243 926 4324 (18,
948 4246 986 4306 14
998 4250 1035 4309 et
1088 4245 1221 4307 nostrae.
1247 4245 1338 4303 Mors
1361 4244 1434 4319 ejus
1458 4242 1577 4319 simpla
1598 4240 1671 4319 init,
1692 4242 1748 4304 sed
1767 4243 1866 4337 nosne

240 4345 292 4425 15)
308 4361 315 4406 :
332 4362 350 4404 t
365 4347 448 4406 Dum
463 4342 612 4420 quietura
632 4340 803 4404 silentium
818 4342 971 4404 tenerent
983 4341 1033 4422 (1)
1088 4342 1211 4420 duplex
1227 4362 1235 4402 ι
1251 4340 1414 4402 morimur
1428 4340 1517 4401 enim
1530 4355 1590 4417 per
1604 4340 1749 4417 cuipam,
1764 4342 1796 4402 et
1803 4353 1867 4416 ρο-

290 4484 304 4542 i
338 4484 423 4557 vulg.
441 4498 448 4541 :
465 4482 634 4542 contineret.
1088 4490 1151 4541 cata
1173 4489 1239 4540 ante
1263 4482 1316 4540 Dei
1329 4481 1439 4551 oculos,
1455 4481 1506 4539 Dei
1521 4489 1551 4539 et
1572 4478 1723 4539 bominum
1741 4478 1867 4539 mdiato·

291 4556 308 4612 i
340 4556 426 4627 vulg.
442 4553 589 4612 :baberet
1089 4568 1148 4611 rem
1163 4554 1289 4625 requirit,
1308 4551 1456 4623 quisolam
1479 4566 1529 4623 pro
1547 4551 1630 4609 nobis
1649 4559 1768 4609 martem
1786 4549 1869 4608 caruis

278 4625 320 4699 (3)
339 4625 447 4697 vulg:
481 4625 608 4681 resilivit.
1088 4624 1260 4696 susciperet,
1280 4629 1309 4679 at
1333 4635 1430 4679 veram
1450 4631 1569 4679 mortem
1586 4621 1807 4694 delinquentium
1827 4631 1869 4691 pe

278 4697 320 4767 (t)
342 4696 425 4768 vulg.
443 4641 633 4767 :gouceptua
1088 4694 1293 4776 umbrameum
1307 4691 1555 4774 mortisfldeiereti
1573 4691 1617 4775 Ad
1639 4707 1693 4750 noe
1707 4693 1753 4764 qui
1826 4703 1867 4745 re·

278 4768 321 4896 (ὅ)
337 4767 400 4825 ilon
415 4765 491 4823 enim
509 4762 637 4822 iuitvere
648 4778 735 4832 mors,
753 4770 807 4821 etc.
822 4765 851 4822 S.
866 4764 1032 4839 Gregorius,
1088 4766 1140 4833 nit,
1154 4780 1201 4837 qur
1218 4779 1248 4821 in
1272 4770 1363 4820 morte
1377 4770 1503 4835 spurtus,
1525 4776 1679 4844 carnisque
1694 4770 1741 4820 ten
1795 4770 1868 4818 mur:

242 4838 292 4897 lib.
323 4833 678 4908 VMorat.iucap.tiob
694 4846 772 4891 nam.
788 4834 940 4903 titacti,
956 4843 1034 4892 etex
1088 4833 1388 4893 unamadnassuem
1410 4839 1530 4890 mortem
1550 4831 1661 4901 detulit,
1684 4831 1867 4890 etduaanos·

242 4911 341 4968 Glossa
357 4906 418 4965 ord.
433 4907 463 4963 in
481 4905 558 4973 iliud,
572 4909 597 4962 rt
611 4904 712 4961 amira
725 4905 835 4971 martis,
852 4905 892 4962 ait
907 4920 914 4961 :
929 4905 1033 4964 Umbra
1089 4914 1158 4974 tras,
1169 4919 1244 4977 quas
1260 4904 1375 4976 reperit,
1400 4903 1494 4961 solvit.
1514 4904 1544 4961 Si
1557 4905 1636 4961 enim
1659 4904 1721 4975 ipse
1734 4912 1868 4972 uanaque

243 4979 344 5036 mortis
354 4992 432 5035 mors
445 4974 541 5034 carnis
555 4976 692 5048 accipitur
706 4974 770 5046 quia
786 4975 859 5031 sicut
872 4989 939 5033 vera
957 4990 1035 5033 mors
1089 4977 1165 5034 eusci
1186 4982 1257 5044 eret,
1269 4986 1322 5032 nos
1337 4975 1440 5032 aaulia
1455 4974 1598 5032 liberaret.
1615 4973 1671 5031 Sed
1691 4988 1777 5031 unam
1792 4973 1869 5029 nise·

243 5058 296 5118 est,
312 5062 368 5121 qua
383 5046 477 5105 aalma
491 5054 667 5119 separatura
681 5046 750 5112 Deo,
767 5045 803 5101 ita
821 5042 920 5102 umbra
935 5048 1035 5102 morlia
1090 5048 1148 5104 rico
1183 5047 1236 5102 iter
1260 5044 1380 5118 accepit,
1403 5052 1432 5101 et
1450 5043 1526 5118 juste
1551 5052 1705 5116 utramque
1726 5038 1868 5100 damnarit

243 5128 297 5189 eet,
309 5132 365 5191 aaa
380 5132 447 5175 caro
458 5124 606 5188 separatur
619 5114 656 5172 ab
668 5114 866 5173 raimmundo
880 5125 1035 5173 rectevoce
1090 5114 1229 5189 stm'plam
1244 5130 1325 5173 suam
1348 5113 1442 5187 duplae
1463 5121 1568 5172 nostre
1580 5116 1711 5182 contulit,
1726 5122 1752 5171 at
1766 5112 1868 5185 duplam

243 5192 396 5261 Martyrum
447 5185 641 5260 rPropltetam
653 5183 790 5243 datm«
807 5186 968 5243 Humiliaetl
981 5200 1035 5244 nos
1089 5196 1217 5245 naseam
1240 5187 1366 5244 moriens
1384 5184 1507 5258 subegit
1527 5184 1609 5244 Unde
1623 5191 1652 5241 et
1672 5183 1889 5242 nunimmaitev

245 5261 272 5318 in
290 5260 353 5317 loco
373 5272 388 5314 a
423 5252 545 5323 lotionis,
562 5262 591 5314 et
604 5256 750 5327 cooperuit
767 5269 821 5312 noa
841 5255 940 5314 umbra
956 5271 1033 5314 mor·
1088 5273 1147 5315 uua
1170 5257 1216 5314 die
1237 5257 1267 5313 in
1289 5271 1320 5314 se
1341 5257 1430 5325 uicro,
1455 5263 1484 5313 et
1507 5254 1618 5313 duabus
1633 5255 1764 5312 noctibus
1781 5254 1868 5327 patuit,

242 5331 289 5387 tia.
305 5351 316 5379 ι
330 5329 406 5397 Quos
417 5329 494 5384 enim
509 5331 621 5384 eonemt
630 5339 687 5382 non
698 5326 808 5399 spiritu,
817 5326 868 5383 aed
880 5326 939 5383 sola
948 5340 1035 5385 carne
1110 5329 1156 5384 uia
1171 5326 1304 5385 videlicet
1318 5273 1413 5407 futen
1425 5341 1485 5407 suae
1503 5326 1616 5398 simple
1629 5326 1738 5394 mortis,
1759 5322 1869 5381 tenebris

246 5401 329 5467 mori,
348 5411 528 5470 nequaquam
548 5411 581 5454 ee
601 5408 669 5452 vera
688 5403 789 5463 morte,
804 5395 856 5453 aad
870 5395 971 5455 ambra
989 5396 1033 5453 di·
1089 5344 1127 5455 aa
1148 5399 1297 5455 lenostraa
1311 5405 1412 5454 mortis
1426 5396 1563 5468 adiunxit.
1579 5396 1634 5465 Qui
1645 5408 1719 5468 ergo
1731 5395 1868 5463 solemma

245 5477 312 5526 cunt
333 5468 431 5524 mortis
454 5466 568 5538 operiri.
588 5465 661 5534 Quid
673 5473 717 5524 eet
740 5480 821 5593 ergo,
841 5465 916 5538 quad
935 5466 1036 5524 beatus
1090 5414 1173 5525 nobis
1187 5474 1309 5526 mortem
1323 5466 1420 5525 carnia
1433 5464 1698 5539 acceptaturum
1711 5465 1807 5523 mona
1820 5476 1868 5535 pr

244 5537 349 5604 iob,ad
359 5535 566 5617 obscurandum
575 5535 652 5617 diem
662 5546 758 5617 prave
786 5537 1036 5609 electatioaiepoe
1089 5538 1161 5606 tulit,
1176 5546 1230 5595 etc.

248 5606 317 5660 tutat
330 5604 459 5661 umbram
475 5613 592 5676 mort1s3
616 5619 670 5662 nter
690 5604 765 5679 quod
780 5604 816 5663 ad
830 5605 950 5664 delenda
967 5622 1033 5680 pec·
