3950 6200
69 443 103 510 09
611 441 935 505 Pnotneollnnn.
956 469 998 498 -.·
1015 441 1128 503 VITA.
1652 444 1693 501 70

69 615 214 672 reversas,
235 600 387 662 cucurrit
408 600 620 678 metipsum,
644 603 678 662 et
698 599 844 662 eleemo·
898 614 972 662 cum
982 598 1185 681 militaribus
1196 599 1310 670 armis,
1323 599 1432 661 crucis
1445 600 1568 663 Christi
1582 600 1693 677 signa·

67 699 196 776 synailli
215 698 400 762 clementer
421 697 583 774 impensa,
606 697 758 775 promisit
777 700 843 759 llo-
897 696 1692 773 culeinsignitum,elementiasibidivinamons-

67 795 152 860 mino,
165 796 243 865 Dee,
275 793 362 869 quod
389 808 558 869 numam
585 796 738 865 extunc,
762 792 842 856 dum
896 793 1008 865 travit,
1026 795 1062 855 ut
1076 794 1350 866 misericordiam,
1372 809 1432 871 pro
1453 795 1573 856 summi
1590 795 1692 871 Regis

68 890 180 954 ndemet
197 889 417 966 possibilitas,
443 890 630 967 petentibus
651 906 711 967 pro
728 906 842 952 amore
896 905 1021 970 amere,
1036 891 1175 969 pauperi
1190 891 1373 954 exhibitam
1387 891 1496 963 militi,
1512 896 1692 968 praeosten-

65 986 178 1050 bomini
189 1003 232 1056 se¹
242 987 405 1064 magareta
425 987 512 1064 quod
525 988 687 1065 usquead
702 989 841 1050 mortem
888 987 990 1050 deret
1024 988 1277 1066 incomparabili
1309 990 1588 1066 compensandam
1615 1006 1691 1053 esse

63 1084 214 1146 indelessa
250 1084 374 1161 pietate
406 1083 600 1158 observans,
638 1086 773 1163 copiosa
806 1087 841 1150 in
896 1085 1059 1148 mercede.
1081 1086 1175 1150 Unde
1194 1089 1317 1148 etcum
1332 1088 1497 1164 quaereret
1515 1090 1611 1164 cujus
1632 1104 1690 1149 es·

62 1184 150 1246 benm
160 1181 352 1244 dilectionis
365 1183 527 1258 etgratiae
541 1184 746 1271 incrementa
763 1197 842 1259 pro-
893 1184 969 1244 sent
983 1182 1042 1243 illa
1056 1183 1186 1258 emnia3
1209 1199 1271 1246 sua
1290 1183 1373 1252 iere,
1389 1183 1598 1262 militumque
1611 1201 1691 1247 suo-

66 1279 177 1341 meruit
191 1278 511 1357 aiebateuimpost,
525 1284 679 1358 numiam
694 1279 839 1358 perfecte
894 1291 980 1346 rum,
1008 1295 1152 1356 superna
1181 1281 1244 1343 tuit
1271 1282 1457 1344 assertione
1478 1298 1688 1358 responsum.

66 1378 211 1442 mustum
224 1376 383 1440 induerat
396 1376 455 1457 (l),
469 1378 559 1456 <quod
573 1377 673 1444 etiam
689 1378 838 1444 existens
889 1376 1065 1452 Evigilans
1078 1378 1192 1455 itaque
1207 1394 1316 1450 mane,
1330 1395 1406 1440 cum
1421 1379 1567 1440 noudum
1583 1379 1689 1442 liabe-

66 1474 216 1536 inhabita
240 1475 407 1546 saeculari,
434 1491 550 1536 vocem
574 1474 679 1537 divini
698 1489 838 1552 expres·
891 1474 944 1544 ret
959 1475 1178 1542 exercitatum
1191 1477 1339 1540 animum
1351 1476 1393 1542 ad
1405 1477 1521 1539 divina
1534 1492 1690 1554 perscru÷

64 1572 153 1634 sivum
166 1570 292 1634 amoris
306 1572 424 1638 audire
436 1573 494 1634 vix
513 1587 659 1649 unquam
674 1574 745 1636 sine
761 1588 840 1636 cor·
890 1571 994 1634 tanda
1013 1574 1183 1649 mysteria,
1204 1573 1413 1651 nesciretque
1428 1587 1488 1650 per
1504 1574 1689 1638 visibilium

64 1669 106 1730 dis
126 1670 354 1732 immutatione
378 1669 521 1734 valebat
548 1672 654 1736 Porro
677 1683 839 1734 mansue·
891 1669 1021 1744 species
1045 1671 1191 1734 transire
1215 1671 1256 1734 ad
1281 1671 1503 1736 contuendam
1525 1672 1687 1736 invisibi-

66 1766 170 1827 tndinis
191 1767 315 1832 lenitus
334 1782 408 1830 cum
430 1766 598 1844 elegantia
619 1781 759 1840 morum,
778 1784 839 1844 pa·
892 1766 973 1832 lium
999 1768 1185 1841 veritatem,
1211 1784 1341 1845 magnas
1365 1768 1436 1831 iore
1457 1771 1688 1848 prosperitatis

66 1864 163 1926 ilerda
195 1865 229 1927 et
261 1863 487 1932 tractabilitas
517 1878 619 1941 supra
655 1864 837 1928 humanum
890 1865 1054 1930 indicium
1078 1866 1292 1932 existimabat
1315 1867 1485 1932 insolitam
1510 1868 1685 1932 visionem.

64 1961 187 2034 modum
203 1961 443 2026 munificentiae
456 1962 597 2037 largitas
611 1961 699 2026 ultra
715 1978 839 2040 suppe-
891 1961 1062 2038 Disposuit
1089 1964 1211 2041 itaque,
1245 1965 1369 2028 divinae
1402 1965 1513 2030 adbuc
1542 1966 1688 2044 disposi-

63 2059 182 2122 tentiam
206 2059 415 2131 facultatum,
444 2058 565 2137 quibus
593 2059 690 2122 benae
715 2059 837 2124 indolis
888 2058 993 2122 tionis
1008 2060 1159 2136 ignarus,
1175 2062 1209 2128 in
1222 2063 1376 2148 Apuliam
1391 2063 1431 2124 ad
1448 2063 1622 2139 quemdam
1638 2065 1685 2128 li-

63 2154 238 2218 adotssceus
250 2157 352 2218 certis
367 2156 489 2218 llorere
500 2156 767 2233 conspiciebatur
775 2158 836 2220 iu·
890 2154 1038 2223 beralem
1051 2159 1206 2224 comitem
1216 2175 1253 2221 ae
1263 2159 1426 2231 conterre,
1439 2160 1474 2223 in
1489 2160 1686 2238 ipsiuaspe*

65 2250 156 2326 dcis,
174 2251 326 2329 quaedam
347 2252 548 2318 videbantur
568 2267 641 2314 esse
663 2252 835 2330 praeludia,
889 2268 971 2320 rane
1001 2254 1160 2332 obsequie
1184 2254 1285 2318 decus
1313 2257 1454 2332 adipisci
1475 2257 1621 2328 militiai,
1649 2259 1686 2320 nt

63 2348 607 2426 quodmpiesiorsnpereumioret
621 2349 836 2428 inposterum
889 2349 1024 2414 ostensa
1051 2350 1117 2412 sibi
1151 2349 1237 2413 visio
1274 2352 1508 2427 praetendebat
1538 2354 1685 2430 Cumque

65 2443 169 2507 divine
198 2446 444 2518 bemdiclieuis
471 2446 677 2512 abnndantia
707 2448 835 2514 diffun-
890 2445 1082 2522 paulopost
1101 2447 1165 2510 iter
1183 2463 1362 2524 aggressus
1384 2449 1502 2510 ivisset
1518 2449 1697 2534 usquead

63 2540 164 2606 denda.
890 2544 1077 2619 proximam
1092 2545 1272 2618 civitatem,
1294 2546 1423 2610 audivit
1441 2546 1478 2612 iu
1500 2549 1599 2610 noete
1612 2548 1682 2610 Dee

96 2640 321 2711 Quidamsane
337 2643 392 2708 vir
405 2643 446 2710 de
464 2643 605 2716 assisio,
621 2643 772 2710 eruditus
785 2643 837 2723 (nt
890 2640 1016 2710 ninum
1032 2641 1191 2718 familiari
1201 2643 1268 2710 sibi
1280 2643 1486 2712 allocutione
1498 2644 1683 2712 dicentema

64 2737 204 2818 cmiter)
226 2756 247 2801 a
271 2743 351 2813 Dee,
376 2758 450 2808 cum
472 2741 651 2820 meando
673 2757 732 2819 per
750 2741 836 2804 civi·
890 2739 1080 2815 Francisce,
1103 2740 1178 2817 quis
1202 2741 1310 2817 potest
1330 2741 1452 2806 melius
1472 2741 1684 2808 lacer-enni

63 2835 147 2896 tatem
161 2838 252 2899 eunti
270 2836 423 2902 obviaret
443 2840 634 2911 Francicus,
651 2839 836 2915 deponebat
890 2836 1060 2908 Dominus,
1085 2839 1143 2904 ant
1168 2839 1303 2902 servasi
1322 2838 1426 2910 dives,
1453 2841 1513 2900 ant
1535 2840 1684 2916 pauperi

63 2931 192 3006 pallium,
207 2935 379 3000 sternebat
390 2935 528 3013 pedibus
541 2936 648 3013 ipsias
662 2937 835 2998 vestimen·
890 2932 950 2996 Cui
965 2949 1040 3000 cum
1053 2935 1252 3004 li'rapciscps
1267 2936 1504 3012 respondisset,
1514 2936 1602 3012 qued
1614 2938 1683 3004 tam

62 3028 293 3101 tum,asserens
307 3032 399 3101 omni
418 3032 489 3093 tore
509 3032 723 3099 Franeiscnrn
738 3047 835 3099 reve·
889 3029 1055 3117 deminus,
1075 3033 1312 3110 quam-dives,
1338 3033 1451 3099 iacere
1477 3033 1597 3101 numius
1622 3049 1685 3112 pe·-

61 3127 155 3187 realia
168 3127 315 3204 dignum,
330 3132 444 3206 utpote
458 3130 515 3207 qui
531 3132 619 3193 esset
635 3130 669 3191 in
682 3131 834 3208 proximo
889 3128 968 3201 test,
998 3130 1113 3197 intulit
1140 3131 1251 3195 statim
1278 3153 1287 3192 ε
1315 3133 1380 3197 Gur
1410 3148 1492 3207 erse
1514 3132 1683 3208 ‘relinquis

60 3236 165 3299 magna
185 3224 345 3298 tacturus,
362 3229 396 3289 et
413 3227 455 3288 ob
475 3228 538 3289 hoc
557 3228 598 3289 ab
618 3228 835 3304 universitate
889 3241 949 3303 pro
971 3242 1069 3293 servo
1091 3229 1277 3301 Dominum,
1299 3231 1335 3290 et
1361 3244 1421 3306 prp
1448 3244 1595 3305 paupere
1620 3229 1683 3290 ho-

61 3318 190 3382 ildelium
211 3323 389 3399 magnilica
407 3324 633 3397 honorandus.
657 3323 835 3401 ignorabat
889 3323 979 3395 mine
998 3323 1134 3387 divitem
1154 3328 1278 3393 Deum?
1301 3328 1340 3393 Et
1363 3326 1582 3393 Franciscus:
1596 3326 1682 3413 Quid

62 3414 590 3483 antemadllucFranciscus'circa
606 3422 833 3484 seconsilium
888 3436 942 3485 me
969 3421 1021 3481 vis
1050 3421 1170 3494 tacere,
1201 3423 1361 3491 [inminet
1387 3425 1425 3484 Et
1454 3423 1614 3489 mannus
1636 3423 1680 3487 ad

62 3511 119 3585 liei,
128 3516 333 3595 presequod
341 3520 408 3579 tam
414 3518 567 3597 jussione
577 3519 681 3599 patris
691 3519 735 3581 ad
746 3522 834 3582 exte
888 3534 964 3581 eum
981 3541 990 3585 s
1006 3521 1187 3587 Revertere
1206 3521 1241 3581 in
1265 3522 1390 3583 terram
1404 3524 1507 3591 mam,
1525 3520 1605 3597 quia
1630 3522 1684 3584 vi-

61 3609 135 3672 riora
157 3613 346 3686 distractus,
372 3631 471 3692 quam
497 3604 710 3693 corruptione
734 3618 835 3681 natu·
890 3614 952 3679 sio.
979 3633 1079 3693 quam
1100 3616 1224 3689 vidisti,
1244 3616 1463 3694 ,spiritualem
1490 3618 1683 3694 praefigurat

62 3706 128 3769 ralis
139 3711 279 3786 originis
298 3711 341 3772 ad
359 3711 519 3774 interiora
539 3713 726 3790 depressus,
749 3730 835 3775 non·
888 3714 1056 3788 edoctum,
1082 3730 1150 3781 non
1178 3715 1340 3787 brumensi
1366 3715 1425 3779 sed
1451 3715 1625 3783 divinata
1648 3718 1683 3785 te
1762 3794 1764 3805 Ι

62 3800 123 3866 dun
145 3806 309 3871 didicerat
332 3809 552 3887 contemplari
587 3811 746 3884 ooelestia,
771 3826 833 3875 nec
888 3812 1106 3889 dispositione
1146 3812 1394 3895 complendum.
1433 3814 1531 3879 Mane
1569 3814 1682 3890 itaque

63 3907 236 3969 mneverat
251 3907 428 3984 degustare
443 3907 567 3969 divina.
589 3909 629 3970 at
642 3909 834 3985 quiaspiri·
888 3907 987 3981 lacte,
1015 3926 1090 3979 culn
1123 3909 1336 3979 &mundone
1361 3910 1542 3981 revertitur
1564 3926 1683 3985 versus

63 3998 127 4061 nali
149 4003 277 4067 auditui
307 4004 366 4066 dat
398 4005 602 4069 intellectum
626 4005 676 4085 (2)
706 4007 833 4068 inflicta
887 4007 1063 4080 assisium,
1077 4007 1437 4084 securusetgaudens;
1452 4008 1683 4084 etjamerem

63 4099 301 4170 vennenses
326 4102 379 4163 est
400 4117 502 4179 super
524 4117 601 4163 eum
624 4118 743 4164 manus
768 4104 834 4167 Do-
888 4103 962 4181 piar
975 4104 1174 4167 obedientia
1193 4102 1311 4181 tacius,
1332 4104 1530 4181 expectabat
1549 4106 1682 4173 Domini

63 4192 139 4269 nini,
159 4200 192 4259 et
213 4197 400 4263 immutatio
424 4198 571 4265 dexterae
594 4200 737 4271 Excelsi,
758 4200 834 4261 diu·
886 4201 1102 4273 voluntatem.
1129 4205 1180 4271 iix
1204 4204 1331 4275 tanea
1356 4201 1499 4279 publicae
1524 4202 1680 4277 negetia-

63 4286 127 4350 tinis
146 4292 362 4371 languoribus
387 4296 493 4373 ipsius
519 4313 640 4374 corpus
663 4294 831 4374 'affiigens
886 4299 989 4373 tionis
1017 4299 1160 4363 tumultu
1191 4315 1229 4365 se
1255 4299 1466 4371 subtrabens,
1499 4314 1683 4376 supernam

64 4387 254 4468 utceaptaret
263 4394 411 4455 animam
422 4393 463 4463 ad
478 4394 621 4472 Spiritus
630 4394 741 4459 Sancti
755 4410 832 4456 unc·
887 4395 1005 4461 devote
1019 4396 1220 4473 precabatur
1232 4396 1455 4468 elementiam,
1472 4396 1509 4458 ut
1522 4395 1602 4473 quid
1614 4395 1682 4461 sibi

64 4479 518 4567 tionemdumqneresumptis
533 4492 830 4569 corperieviribus,
887 4492 972 4555 ieret
993 4492 1157 4570 agendum
1178 4493 1353 4561 ostendere
1369 4492 1575 4568 dignaretur.
1598 4495 1681 4557 Cum

65 4577 115 4640 sibi
128 4587 321 4651 vestimenta
340 4588 493 4651 decentia
513 4604 605 4653 more
624 4590 721 4650 solito
747 4605 832 4665 prm-
886 4593 998 4653 autem
1011 4605 1056 4652 er
1074 4590 1256 4667 frequentis
1275 4590 1438 4657 emtionis
1461 4606 1524 4657 usu
1545 4591 1680 4663 damma
1720 4672 1725 4681 Ι

65 4685 199 4757 ltmtel,
213 4684 348 4747 obvium
363 4684 479 4749 babuit
493 4686 631 4749 militem
644 4686 830 4765 quemdam,
886 4687 1043 4753 desiderii
1054 4686 1199 4759 coelestis
1211 4686 1246 4748 in
1257 4701 1297 4751 ee
1306 4687 1523 4753 veliementer
1532 4704 1682 4760 succres-

64 4784 236 4843 dttttrosum
250 4781 395 4860 quidem,
411 4782 469 4845 sed
491 4798 682 4861 pauperem,
698 4786 732 4847 et
745 4784 832 4847 male
886 4786 987 4853 seret,
1009 4786 1135 4861 etjam
1161 4799 1221 4861 pro
1249 4799 1363 4846 amore
1386 4800 1539 4861 supernae
1562 4784 1680 4862 patriae

64 4872 205 4951 testitum,
233 4881 332 4957 cujus
358 4880 554 4957 pauperiem
575 4880 633 4957 pie
654 4881 831 4943 miseratus
885 4883 1019 4951 terrena
1033 4882 1146 4945 omnia
1165 4881 1353 4958 despiceret
1371 4882 1467 4959 quasi
1481 4880 1585 4956 nihilq
1606 4882 1681 4945 the,-

66 4964 175 5047 idedu
188 4975 282 5039 iilum
302 4978 467 5054 protinus,
485 4993 526 5039 se
543 4980 655 5051 exuto,
678 4978 829 5052 vestivit;
886 4995 1023 5043 caurum
1050 4995 1086 5041 se
1112 4980 1277 5056 reperisse
1301 4979 1465 5051 sentabat
1500 4977 1680 5039 abscondi-

65 5064 189 5131 niumm
207 5073 242 5133 in
256 5082 327 5133 uno
342 5073 510 5148 geminum
525 5073 680 5151 impleret
698 5074 830 5151 pietatis
885 5078 955 5147 inm
975 5074 1035 5156 (3),
1056 5092 1097 5138 ac
1111 5077 1202 5139 velut
1216 5075 1362 5153 prudens
1385 5076 1572 5152 negotiator
1586 5090 1678 5137 mar·

67 5160 273 5247 omnemque
284 5172 317 5232 et
328 5170 451 5232 nobilis
463 5171 582 5233 militis
593 5172 830 5235 verecundiam
884 5175 1029 5250 garitam
1068 5174 1238 5239 inventam
1272 5173 1494 5250 excogitabat,
1534 5171 1678 5234 venditis

68 5256 180 5338 ltittet,
194 5271 227 5329 et
239 5268 396 5347 pauperis
415 5269 560 5333 hominis
579 5271 755 5349 penuriam
770 5286 829 5332 rea
885 5269 1049 5342 omnibus,
1064 5271 1397 5348 compararetdbuc
1411 5272 1522 5333 tamen
1534 5269 1678 5345 qualiter

67 5350 181 5423 levum
195 5366 298 5428 Nocte
311 5381 392 5431 vero
403 5368 566 5444 sequenti,
581 5384 655 5428 cum
668 5383 706 5429 se
719 5369 830 5445 sopori
886 5367 918 5431 id
933 5369 1059 5443 ageret,
1080 5368 1266 5445 ignorabat,
1285 5367 1350 5429 nisi
1370 5366 1447 5443 quia
1471 5366 1577 5442 ipsius
1598 5383 1678 5444 sug·

67 5448 199 5533 inunt,
219 5463 380 5539 palatium
397 5466 585 5542 speciosum
607 5468 641 5537 et
660 5481 830 5541 magnum,
885 5464 1063 5541 gerebatur
1088 5465 1232 5545 spiritui,
1266 5463 1353 5549 qued
1376 5462 1561 5540 spiritualis
1589 5479 1680 5529 mer-
