3950 6200
241 316 284 378 59
683 320 739 380 AD
760 319 897 383 OPERA
921 322 954 382 S.
979 322 1200 385 FRANCISCI
1221 325 1450 389 nsslsmuls
1858 334 1907 394 60

240 479 448 556 aliorumque
464 478 764 552 sacramentorum,
779 479 898 558 quihus
920 482 1038 545 llccle·
1095 497 1166 544 ram
1179 501 1187 556 ;
1202 499 1342 560 quorum
1357 501 1419 562 ego
1434 485 1689 564 (gloriabundus
1703 489 1796 569 dico)
1813 507 1905 568 par·

177 635 179 638 ,
241 578 292 637 sia
307 577 421 646 utitur,
439 575 575 651 negabit
586 577 774 649 veritatem,
787 595 885 655 quam
901 579 1035 652 latetur,
1091 579 1197 656 ticeps
1213 579 1271 641 lui.
1289 582 1448 654 Primum,
1466 583 1542 644 resti
1556 600 1727 646 sacrorum
1748 588 1904 663 stigma-

241 673 458 744 commendat,
484 676 518 734 et
548 674 679 736 extollit
702 677 930 737 Franciscusi
957 680 1037 749 Quis
1092 679 1162 737 turn
1177 679 1369 753 renovati03
1386 680 1540 751 alterum,
1552 681 1680 753 domus,
1693 683 1728 743 in
1741 701 1813 760 qua
1831 701 1905 745 na-

194 759 199 768 “
240 787 341 849 opera
357 772 470 832 nostra
489 771 531 832 ad
548 771 666 846 gratiae
686 777 902 848 augmentum
917 776 950 837 et
964 774 1038 851 glo·
1092 775 1156 843 tus,
1171 774 1341 846 educatus,
1355 778 1418 838 eta
1431 779 1525 854 patre
1535 779 1663 840 carceri
1678 782 1905 857 mancipatus

238 870 299 930 riae
312 868 580 929 consecutionem
589 884 656 930 non
672 886 745 931 esse
757 873 961 943 necessaria,
978 873 1035 934 sed
1091 870 1153 932 suit
1179 872 1412 933 sanctissimus
1434 879 1530 951 pater
1549 878 1663 937 noster
1681 879 1905 940 Franciscus

239 966 352 1028 omnia
367 965 454 1028 iacta
469 968 541 1042 jam
557 981 631 1027 esse
649 967 684 1027 in
709 967 831 1030 uirtute
847 969 981 1041 Christi,
1004 973 1037 1032 et
1092 966 1179 1046 (quae
1193 968 1303 1030 adhuc
1323 969 1467 1032 aliarum
1484 987 1576 1033 more
1599 973 1824 1036 saecularibus
1839 977 1904 1036 lo·

239 1064 343 1125 solam
377 1067 450 1140 ejus
484 1063 638 1125 sulficere
678 1065 777 1126 iidem
812 1060 1033 1140 attestabitur,
1090 1064 1229 1126 cabatur
1242 1065 1367 1143 absque
1379 1067 1499 1130 decore
1519 1072 1552 1130 et
1568 1069 1707 1149 honore)
1722 1072 1758 1132 in
1775 1073 1904 1134 eccle-

239 1161 370 1238 qnando
382 1160 517 1244 ille,un
528 1161 636 1237 ipsius
649 1163 772 1225 Christi
787 1164 942 1240 stigmata
957 1181 1036 1241 por·
1090 1162 1174 1224 siam
1189 1165 1222 1224 et
1237 1165 1472 1226 monasterinm
1487 1168 1609 1238 erecto,
1622 1167 1754 1230 favente
1765 1186 1904 1246 magna

237 1259 340 1326 tabat,
354 1274 455 1334 opera
469 1260 672 1334 poenitentiae
688 1261 721 1321 et
734 1261 865 1339 pietatis
878 1263 1034 1324 sectanda
1089 1260 1306 1335 pecuniarum
1326 1277 1455 1323 summa
1479 1264 1634 1341 Philippo
1659 1267 1772 1337 tertio,
1804 1269 1902 1328 reli-

237 1357 501 1434 proponitlQnis
514 1357 657 1434 denique
670 1358 904 1434 religiosorum
917 1362 1033 1433 coetus,
1089 1357 1279 1431 glosissimo
1307 1359 1546 1435 Hispaniarum
1571 1377 1662 1438 rege,
1689 1365 1723 1424 et
1750 1363 1902 1427 domino

237 1455 662 1531 emissionesquevutorum
676 1457 865 1533 improbare
885 1457 1032 1530 audebit,
1089 1455 1214 1526 nostro,
1231 1454 1288 1531 qui
1309 1457 1392 1533 jam,
1414 1458 1451 1519 ut
1474 1458 1651 1530 credimus,
1673 1459 1774 1546 hujus
1800 1462 1903 1522 alio-

237 1566 378 1628 quorum
404 1551 520 1612 auctor
543 1554 682 1629 apparet
706 1555 818 1615 tantus
844 1556 919 1615 viri
940 1555 1034 1617 Unde
1088 1565 1230 1627 rumque
1242 1550 1405 1613 bonorum
1419 1569 1557 1631 operum
1572 1555 1687 1630 gloriae
1708 1559 1902 1632 praemium

236 1664 392 1724 magnum
413 1648 446 1709 te
473 1648 670 1710 heneficium
698 1651 734 1711 in
762 1650 822 1712 Dei
849 1652 1033 1714 Ecclesiam
1088 1647 1189 1708 tenet.
1219 1649 1369 1710 Primum
1392 1654 1503 1713 autem
1528 1652 1589 1713 tibi
1609 1652 1796 1729 jucundum
1818 1655 1902 1718 iore

236 1745 417 1807 contulisse
437 1746 547 1818 credo,
569 1747 603 1807 in
623 1747 722 1824 hujus
744 1750 860 1825 Operis
873 1750 1031 1823 editione,

235 1859 309 1920 quae
324 1842 439 1904 fideles
456 1844 569 1905 Sancti
585 1845 730 1920 Spiritus
743 1846 821 1921 igne
834 1847 987 1909 accendit
1001 1849 1034 1908 et

234 1941 412 2012 illuminat,
425 1941 643 2018 infidelesque
658 1943 832 2006 comburit.

276 2038 339 2099 Sed
365 2054 453 2099 nunc
477 2039 519 2100 ad
538 2039 701 2116 meipsum
721 2040 867 2113 rediens,
887 2042 1030 2103 caeteris,

236 2151 310 2213 quae
333 2135 370 2196 in
393 2135 540 2213 Epistola
558 2137 615 2197 tua
638 2138 813 2214 scripsisti,
835 2137 1030 2210 rescribam,

235 2234 269 2294 et
284 2232 404 2293 iactam
421 2232 514 2295 satis.
529 2233 634 2295 Mittis
650 2234 752 2310 igitur
764 2235 804 2295 ad
819 2251 871 2296 me
882 2236 1029 2297 sanctis-

234 2330 313 2391 simi
329 2331 437 2408 patris
452 2331 558 2393 nostri
578 2331 682 2393 libros
702 2332 735 2394 et
749 2348 862 2409 opera,
880 2335 913 2395 et
931 2334 1031 2410 hujus

233 2428 383 2489 muneris
407 2431 595 2490 consortem
617 2432 650 2492 et
663 2429 871 2491 cohaeredem
890 2430 973 2492 iacis
988 2431 1032 2491 il-

233 2525 472 2587 lustrissimum
494 2526 675 2598 dominum,
697 2543 736 2588 ac
761 2527 898 2589 tratrem
920 2544 1030 2589 meum

234 2623 426 2694 Antonium,
444 2623 738 2699 Carthaginensem
760 2625 962 2702 episcopum,
977 2625 1031 2686 to-

233 2718 302 2780 tius
324 2720 452 2780 ordinis
471 2720 688 2781 Franciscani
710 2721 801 2796 prius
826 2722 1027 2796 generalem.

234 2817 278 2878 At
292 2816 370 2892 quid
387 2816 569 2894 jucundius
588 2817 671 2878 mihi
693 2818 886 2893 contingere
909 2819 1026 2896 potuit,

236 2929 335 2990 quam
358 2915 487 2975 tantum
515 2914 625 2977 uirum
651 2915 749 2992 hujus
777 2916 926 2978 muneris
954 2917 1027 2978 lieri

235 3010 434 3083 consortem,
453 3013 489 3072 ut
503 3014 587 3088 ejus,
604 3027 701 3088 quern
718 3013 838 3074 natura
855 3013 945 3076 dedit
958 3014 1028 3076 lra-

234 3110 319 3171 trem
340 3111 500 3184 majorem
516 3110 623 3181 aetate,
641 3110 674 3171 et
695 3110 875 3182 dominum,
892 3112 965 3174 haec
984 3113 1028 3173 sit

232 3221 312 3268 vera
326 3207 530 3275 fraternitas,
547 3210 582 3269 ut
597 3208 711 3268 eadem
727 3208 819 3280 tides,
837 3209 870 3270 et
883 3210 1025 3284 religio·

230 3305 286 3366 nis
296 3306 329 3365 et
341 3305 490 3365 muneris
501 3304 598 3365 istius
610 3305 823 3382 participatio
836 3322 914 3367 vere
924 3306 1026 3368 iaciat

232 3418 307 3463 esse
321 3405 518 3477 germanos?
533 3402 656 3463 Dicasti
672 3403 768 3464 nobis
783 3418 863 3479 ergo
875 3406 1025 3480 parentis

231 3499 339 3562 nostri
350 3514 467 3576 opera3
478 3501 511 3561 et
524 3499 643 3562 merito
653 3500 831 3563 :debentur
845 3502 933 3562 enirn
946 3502 1025 3563 tiliis

230 3595 318 3659 bona
330 3599 516 3674 parentum,
533 3598 565 3659 et
580 3598 621 3659 ad
635 3610 691 3661 eos
713 3598 858 3674 pertinet
880 3599 1025 3660 haeredi-

229 3696 294 3767 tas,
316 3695 461 3755 maxime
484 3709 551 3754 non
571 3695 730 3769 ingratos.
757 3697 893 3757 Gratum
918 3697 1023 3757 tilium

230 3791 493 3852 illustrissimum
516 3789 654 3852 tratrem
672 3808 781 3852 meum
804 3795 894 3855 certe
911 3793 1023 3855 dicere

174 3946 183 3965 .
229 3905 364 3966 possum
390 3911 398 3949 :
424 3891 583 3965 quantum
609 3891 698 3951 enim
726 3891 883 3967 religioni
907 3892 1021 3954 inser-

229 3985 340 4059 vierit,
374 3986 583 4047 notissimum
617 3990 677 4049 est.
711 3987 866 4049 Habitum
902 3989 1023 4066 quippe

230 4085 348 4160 quarto
363 4083 490 4144 decimo
505 4084 614 4145 aetatis
629 4100 717 4145 anno
738 4085 935 4161 suscipiens,
953 4087 1023 4148 fra·

227 4182 308 4252 tres,
326 4181 380 4258 qui
397 4181 437 4241 de
451 4182 657 4242 mortuorum
669 4184 842 4258 parentum
858 4183 930 4244 loco
944 4199 1023 4244 suo·

228 4278 409 4349 cesserant,
437 4280 469 4340 et
497 4279 610 4339 omnia
644 4279 840 4354 temporalia
873 4280 1019 4356 reliquit,

170 4366 174 4371 ’
228 4377 382 4452 exemplu
408 4375 524 4452 optimi
547 4375 653 4452 patris
676 4375 846 4438 Francisci
875 4379 1018 4449 secutus,

228 4476 367 4550 eiusque
386 4473 541 4548 religioni
556 4474 591 4533 in
608 4472 766 4549 religioso
784 4474 819 4536 et
832 4475 926 4550 graui
943 4474 1021 4535 Sal·

227 4569 376 4631 mantino
389 4570 539 4631 coenobio
553 4586 589 4631 se
604 4570 747 4632 devovit.
763 4572 880 4632 Postea
891 4571 926 4632 in
939 4572 1021 4633 reli-

226 4666 326 4741 gione
345 4665 590 4741 philosophiam
610 4669 643 4728 et
663 4668 866 4743 theologiam
889 4668 1020 4743 publice

226 4761 407 4839 professus,
427 4764 460 4823 et
484 4762 525 4822 ad
552 4762 684 4823 diversa
708 4779 846 4824 munera
870 4767 1017 4835 vocatus,

226 4860 359 4922 tandem
383 4858 425 4918 ad
448 4858 617 4933 generalis
639 4858 783 4920 ministri
805 4860 935 4922 culmen
957 4878 1017 4923 as-

226 4956 348 5027 cendit,
364 4955 400 5015 in
415 4971 479 5031 quo
500 4957 658 5031 quantum
673 4955 828 5031 religioni
848 4957 1017 5020 inservie-

1087 1744 1199 1816 credo,
1212 1745 1240 1805 si
1249 1745 1646 1819 referamutreserenit:
1656 1765 1754 1811 ranis
1762 1753 1901 1830 quippe

1088 1842 1148 1912 est,
1165 1844 1198 1903 et
1215 1841 1354 1904 devotus
1368 1847 1517 1905 eventus.
1542 1848 1641 1908 Eram
1664 1863 1727 1923 ego
1742 1848 1778 1908 in
1798 1851 1900 1912 civi-

1087 1937 1155 1997 tate
1170 1936 1416 2009 vallisoletana,
1433 1939 1469 1998 in
1484 1943 1580 2016 cujus
1593 1942 1687 2002 curia
1702 1944 1800 2018 regia
1813 1946 1901 2020 τοᾷ

1087 2032 1322 2106 inserviebam,
1350 2034 1467 2097 babitu
1492 2040 1526 2098 et
1547 2037 1753 2113 professione
1773 2056 1902 2103 saecn·

1086 2128 1161 2201 lari,
1176 2130 1287 2192 cilicio
1308 2131 1472 2193 auditoris
1487 2132 1646 2210 iungens;
1682 2136 1900 2215 advenitque

1086 2226 1121 2287 in
1145 2227 1278 2289 domum
1305 2243 1413 2290 meam
1427 2230 1675 2294 illustrissimus
1692 2234 1897 2312 episcopus,

1084 2325 1163 2386 tunc
1177 2325 1212 2384 in
1227 2327 1418 2387 zamorensi
1441 2327 1593 2389 coenobio
1616 2330 1795 2405 meologiae
1816 2333 1901 2394 lec-

1084 2423 1147 2492 tor,
1165 2423 1201 2483 ut
1215 2438 1290 2483 cum
1303 2425 1395 2484 socio
1406 2423 1450 2484 ibi
1463 2426 1637 2486 recreandi
1651 2428 1754 2487 animi
1765 2444 1895 2504 causa,

1084 2518 1264 2596 aliquibus,
1280 2521 1396 2597 paucis
1406 2523 1529 2594 umen,
1544 2525 1735 2587 remaneret
1748 2525 1894 2588 diebus.

1084 2618 1165 2678 Post
1186 2632 1315 2678 coenam
1341 2618 1461 2696 itaque,
1484 2619 1539 2680 die
1558 2620 1686 2682 decima
1700 2625 1798 2684 sexta
1827 2625 1899 2686 de·

1083 2713 1237 2786 cambris,
1247 2714 1303 2776 ille
1314 2729 1388 2776 eum
1401 2716 1493 2777 socio
1503 2717 1666 2780 recitabat
1680 2720 1895 2783 matutinum

1083 2810 1239 2882 officium,
1262 2827 1326 2888 ego
1347 2828 1390 2873 ex
1413 2812 1519 2874 altera
1540 2817 1635 2890 parte
1656 2816 1807 2891 ejusdem
1825 2834 1896 2880 ca·

1081 2923 1182 2969 merae
1197 2908 1424 2980 deambulans,
1442 2911 1642 2973 Psalterium
1657 2913 1809 2987 Virginis
1826 2930 1896 2977 re·

1081 3005 1236 3078 citabam,
1256 3009 1290 3068 et
1304 3008 1487 3069 sentiebam
1506 3009 1677 3072 mtdtoties
1692 3013 1800 3087 repeti
1815 3029 1894 3075 no·

1081 3119 1157 3165 men
1172 3105 1353 3166 Francisci.
1379 3107 1526 3177 Accessi,
1543 3123 1696 3183 quaerens
1711 3110 1800 3187 quod
1813 3110 1897 3173 ies-

1081 3200 1150 3261 tum
1173 3206 1261 3263 esset
1282 3202 1375 3273 illud,
1403 3203 1444 3263 de
1459 3219 1522 3280 quo
1538 3205 1684 3265 osticium
1698 3206 1891 3270 diceretur.

1081 3299 1353 3375 Responderunt:
1366 3302 1412 3361 De
1427 3300 1636 3376 stigmatibus
1651 3304 1758 3365 sancti
1774 3306 1896 3368 Pram-

1080 3396 1172 3459 cisci.
1198 3399 1266 3471 Ego
1288 3396 1472 3459 admiratus
1490 3398 1561 3458 dini
1578 3416 1585 3458 :
1603 3402 1711 3471 Quare
1725 3400 1791 3461 hoc
1807 3401 1894 3465 fes·

1079 3494 1148 3554 tum
1161 3495 1196 3554 in
1218 3494 1381 3569 religione
1397 3512 1463 3557 non
1476 3495 1665 3558 celebratur
1678 3497 1891 3574 solemnius,

1079 3592 1136 3652 sed
1152 3591 1198 3652 ita
1213 3592 1355 3664 modice,
1371 3594 1408 3654 ut
1419 3608 1534 3654 omnes
1545 3595 1723 3655 saeculares
1737 3596 1894 3670 ignore-

1079 3704 1153 3749 mus
1167 3689 1256 3750 bnnc
1265 3689 1364 3761 diem,
1377 3705 1439 3751 nec
1450 3691 1534 3753 tanti
1545 3692 1699 3752 miraculi
1711 3692 1890 3758 faciamus

1078 3787 1443 3848 commemorationemi
1467 3789 1505 3848 Et
1526 3789 1610 3865 coepi
1631 3789 1825 3866 objurgare,
1853 3797 1892 3856 et

1078 3885 1174 3961 quasi
1198 3884 1349 3945 criminis
1373 3900 1515 3960 arguere
1538 3887 1747 3962 religionem.
1774 3890 1890 3952 Dice·

1076 3980 1152 4041 bam
1173 3981 1273 4054 enim,
1301 3996 1375 4042 meo
1393 3982 1533 4059 judicio,
1549 3982 1740 4058 stigmatum
1764 3990 1888 4051 sancti

1077 4077 1275 4155 patriarchae
1290 4079 1410 4141 festum
1436 4079 1590 4142 debuisse
1611 4081 1685 4157 plus
1707 4082 1885 4148 celebrari

1076 4190 1175 4252 quam
1190 4175 1278 4236 diem
1293 4176 1410 4237 mortis
1433 4178 1517 4252 eJus.
1532 4180 1622 4237 Mors
1644 4179 1732 4239 enim
1755 4186 1885 4245 sancta

1076 4274 1223 4334 omnium
1246 4275 1442 4334 Sanctorum
1467 4289 1642 4336 commune
1668 4274 1880 4356 festumest3

1075 4372 1110 4431 at
1132 4371 1340 4445 penetrantia
1366 4371 1521 4446 stigmata
1545 4372 1668 4434 Christi
1697 4372 1879 4451 babuisse,

1075 4466 1138 4526 soli
1162 4467 1341 4529 Francisco
1368 4482 1573 4528 concessum.
1601 4469 1740 4531 Etsicut
1762 4470 1881 4537 beatae

1074 4564 1222 4639 Virginis
1247 4565 1412 4626 Nativitas
1435 4567 1468 4626 et
1493 4566 1670 4642 conceptio
1692 4570 1822 4639 sancta,
1843 4575 1881 4633 et

1073 4662 1212 4723 Joennis
1236 4662 1392 4738 Baptistae
1418 4663 1594 4735 Nativitas,
1624 4663 1880 4731 solemnissima

1074 4758 1265 4821 celebritate
1287 4760 1450 4830 coluntur,
1474 4761 1552 4836 quia
1571 4763 1680 4837 majus
1694 4764 1746 4824 est
1759 4764 1877 4827 mira-

1073 4856 1184 4917 culum
1208 4858 1322 4917 sancte
1343 4856 1473 4933 concipi
1485 4858 1519 4918 et
1535 4857 1640 4927 nasci,
1657 4873 1756 4934 quam
1767 4864 1874 4937 mori,

1071 4953 1119 5015 ita
1146 4953 1182 5013 in
1210 4951 1306 5014 beato
1329 4954 1508 5015 Francisco
1532 4958 1639 5031 majus
1671 4953 1735 5017 init
1758 4958 1875 5020 mira-

109 5410 112 5413 ,
223 5359 291 5404 non
313 5342 424 5403 animo
446 5341 577 5418 quidem
597 5341 655 5402 aut
677 5342 842 5415 moribus,
862 5344 921 5406 sed
945 5346 1016 5408 sola

225 5055 280 5126 rit,
301 5068 415 5114 omnes
441 5053 574 5121 norunt,
598 5051 702 5113 donec
727 5053 769 5113 ad
795 5053 1017 5130 episcopalem
1072 5050 1194 5122 culum,
1210 5050 1244 5111 et
1257 5042 1436 5126 specialius
1454 5052 1639 5112 sanctitatis
1654 5052 1800 5127 signum,
1815 5057 1876 5117 vi-

226 5151 421 5226 dignitatem
445 5149 522 5209 ante
546 5147 648 5209 offleii
677 5149 729 5209 sui
751 5149 850 5213 tinem
870 5152 1015 5224 euectus,
1071 5163 1148 5207 111111
1167 5147 1319 5224 accipere
1334 5162 1430 5209 sacra
1445 5147 1612 5223 stigmata,
1631 5164 1729 5225 quam
1751 5157 1875 5216 sancte

225 5247 267 5309 ad
286 5246 474 5307 animarum
495 5259 610 5305 curam
634 5260 653 5304 e
676 5245 838 5321 religione
863 5247 1015 5321 divertit;
1071 5244 1167 5306 mori.

1110 5342 1170 5403 His
1185 5341 1326 5418 aliisque
1334 5341 1530 5413 rationibus,
1546 5326 1872 5419 proposuimus'am-

223 5438 429 5501 habitatione
443 5439 476 5499 et
494 5438 711 5514 occupatione
733 5441 904 5516 pastorali.
926 5443 1016 5503 Inter
1070 5436 1122 5510 bo,
1141 5438 1205 5499 hoc
1223 5438 1403 5513 negotium,
1420 5439 1450 5498 si
1462 5442 1549 5500 Deus
1564 5443 1693 5516 tempus
1708 5445 1871 5508 occasio-

224 5537 292 5597 alia
307 5536 428 5608 autem,
442 5551 526 5612 quae,
542 5535 619 5596 dum
633 5536 801 5611 generalis
816 5535 1016 5613 fungebatur
1069 5551 1211 5613 nemque
1222 5535 1396 5613 praeberet,
1413 5536 1461 5598 ita
1475 5551 1680 5613 promovere,
1692 5541 1729 5598 ut
1743 5538 1870 5605 festum

224 5632 345 5703 officie,
362 5632 429 5709 egit
446 5631 543 5692 laude
563 5631 674 5706 digna,
692 5631 756 5694 duo
779 5634 907 5695 tantum
923 5634 1014 5696 rete·
1069 5632 1133 5693 hoc
1159 5632 1399 5693 solemnissime
1422 5648 1487 5693 non
1503 5634 1610 5696 solum
1631 5634 1866 5712 irreligione,
