3950 6200
228 246 287 309 7³1
601 319 606 324 ι
656 243 889 306 S.ANTON11
917 242 1105 306 Pandam
1131 243 1270 308 OPERA
1296 243 1442 310 OMNIA·
1705 324 1719 336 ‚
1804 255 1857 315 732

229 406 333 471 terita
344 405 427 478 dies,
444 403 484 465 de
496 418 563 482 qua
575 402 656 466 dicit
667 403 729 466 Job
744 400 790 482 (3,
805 401 860 482 3):
877 403 1030 466 «Pereat
1085 402 1238 466 Samaria
1268 403 1326 477 lta,
1353 404 1440 484 quod
1469 395 1569 483 egeni
1596 406 1751 471 emebant
1777 425 1853 489 capu

232 505 304 567 dies
315 505 350 564 in
361 518 425 581 qua
439 502 538 562 natus
552 515 671 564 snm.»
693 501 876 564 Delectatio
897 501 1029 579 peccati
1083 501 1171 562 asini
1192 503 1360 579 octogiuta
1374 504 1556 579 argenteis,
1580 506 1614 567 et
1633 507 1784 584 quarum
1797 525 1864 586 par-

233 601 321 680 perit
334 599 534 662 adveniente
551 599 673 675 gratia,
690 600 724 661 et
741 600 883 662 vertitur
897 599 933 661 in
948 615 1032 661 cun·
1083 601 1150 661 tem
1175 599 1250 661 cabi
1280 600 1439 662 stercoris
1471 602 1700 663 columbarum
1737 604 1864 683 quinque

231 700 402 776 temptum,
426 696 459 759 et
484 699 617 773 exaret3
641 697 729 759 unde
750 697 834 759 bene
853 697 1028 775 sequitur:
1083 696 1253 773 argenteis
1262 694 1324 775 (2).
1341 698 1458 758 Fames
1473 697 1533 759 illa
1548 698 1713 761 defectum
1726 715 1809 761 vera
1822 717 1863 762 aa

232 795 402 859 Percussit
424 794 594 867 hederam,
624 797 658 858 et
679 796 822 857 exaruit.
847 795 925 857 Ideo
945 795 1031 857 bene
1083 793 1211 856 deuna
1230 793 1407 870 significat
1432 796 1494 856 llic
1511 795 1660 858 desectus
1679 796 1777 858 estin
1790 815 1861 876 quo-

234 892 447 970 subjungitur
462 909 470 953 :
483 908 502 952 a
517 894 681 971 Praecepit
697 895 783 954 Deus
793 895 893 955 vento
907 892 1028 964 calido,
1083 889 1165 952 libet
1178 893 1364 968 peccatore,
1386 891 1442 970 qui
1466 893 1679 969 compellitur
1697 910 1767 972 prae
1782 894 1862 955 famis

233 994 267 1053 et
279 989 389 1052 urenti
401 1006 410 1046 ι
422 992 456 1052 et
465 990 630 1067 percussit
640 991 690 1052 sol
702 993 911 1068 supercapnt
920 993 1028 1062 Jonas,
1084 989 1238 1065 angustia
1253 1004 1448 1066 comparare
1463 992 1567 1064 caput
1579 995 1684 1053 αθῖηῖ.
1703 994 1769 1053 Per
1777 996 1862 1068 cape

232 1091 267 1151 et
280 1088 445 1150 aestuabat
460 1109 468 1149 a
482 1090 524 1150 Et
534 1088 631 1166 petiit
645 1088 767 1150 animae
785 1103 854 1150 suae
869 1088 906 1151 ut
921 1103 1031 1149 more-
1084 1090 1176 1148 astrei
1200 1086 1408 1164 significatur
1433 1089 1554 1149 mentis
1574 1091 1701 1166 torpor,
1731 1092 1765 1151 et
1782 1091 1863 1152 stoli·

232 1189 356 1248 retur»
383 1185 444 1265 (1).
471 1187 536 1247 Hic
556 1185 641 1248 bene
665 1187 865 1264 exprimitur
890 1185 1030 1248 affectus
1084 1184 1182 1247 ditas.
1196 1184 1569 1247 Stercuscolnmbinum
1585 1191 1637 1250 est
1652 1187 1860 1261 immunditia,

233 1284 380 1346 bominis
404 1284 608 1361 poenitentis.
624 1287 754 1346 Ventus
779 1285 831 1347 est
852 1283 1030 1361 inspiratio
1084 1283 1118 1345 et
1130 1281 1289 1344 foetiditas
1302 1286 1525 1360 peccatorum.
1541 1286 1651 1362 Turpe
1666 1286 1719 1347 θεῖ
1730 1287 1778 1346 uti
1791 1292 1863 1347 ster·

235 1382 379 1459 Spiritus
402 1382 526 1454 Sancti,
552 1383 610 1459 qui
635 1382 759 1443 dicitur
778 1382 925 1453 calidus,
950 1381 1031 1459 quia
1084 1379 1219 1441 ceribus
1233 1382 1463 1457 peccatorum,
1479 1382 1537 1443 sed
1556 1383 1687 1460 turpius
1705 1383 1859 1445 delectari.

233 1480 360 1543 mentes
373 1479 536 1551 accendit,
553 1482 586 1542 et
608 1479 801 1556 gelicidium
823 1480 950 1557 peccati
965 1480 1032 1542 tol·
1086 1478 1179 1538 Unde
1191 1480 1275 1539 Osee
1298 1476 1438 1557 (7,14):
1459 1482 1567 1556 Super
1584 1479 1765 1555 frumento,
1785 1480 1860 1551 vino,

233 1575 289 1649 lit,
313 1577 347 1638 et
378 1591 476 1638 omne
504 1576 642 1638 noxium
669 1577 847 1638 consumit.
873 1579 913 1639 Et
939 1580 1029 1648 nota,
1085 1574 1206 1636 etoleo
1224 1573 1272 1653 (3)
1296 1575 1520 1638 ruminabant
1546 1578 1731 1639 Ruminare
1751 1578 1862 1638 anina·

234 1673 321 1752 quod
339 1689 407 1734 non
433 1673 530 1747 dixit,
544 1673 737 1747 irradiavit,
751 1675 805 1736 vel
827 1675 1032 1736 illuminavit
1084 1672 1167 1733 lium
1182 1674 1243 1742 est,
1266 1675 1299 1735 et
1311 1689 1351 1736 ea
1370 1674 1593 1747 ruminantur,
1614 1691 1689 1752 quae
1702 1677 1861 1737 transeunt

233 1771 302 1847 sol;
317 1770 391 1844 sed,
407 1772 573 1849 percussit
592 1772 658 1846 sol;
676 1788 736 1850 per
752 1772 838 1849 quod
865 1772 1031 1849 intelligi·
1084 1770 1120 1831 in
1135 1771 1295 1832 stercora.
1310 1772 1350 1833 Et
1362 1774 1451 1834 certe
1465 1771 1724 1848 foetidissimum,
1745 1779 1778 1835 et
1799 1775 1861 1834 tur·

232 1885 307 1932 mus
335 1883 450 1930 veram
484 1869 825 1947 cognitionemque
855 1871 906 1932 est
934 1869 1030 1947 quasi
1085 1867 1258 1944 pissimum
1273 1870 1324 1931 est
1338 1870 1510 1933 revolvere
1524 1869 1566 1930 ad
1588 1871 1859 1947 memoriampec-

233 1966 397 2044 quoddam
426 1967 607 2044 ilagellum.
636 1966 773 2040 Quando
807 1967 896 2028 enim
930 1966 1030 2028 homo
1084 1968 1207 2039 catum,
1224 1965 1257 2028 et
1272 1966 1432 2030 delectari
1446 1967 1482 2029 in
1497 1983 1548 2040 θο,
1563 1968 1649 2045 quud
1662 1968 1860 2031 transirede·

233 2063 318 2126 bene
340 2064 511 2141 cognoscit
533 2064 750 2141 fragilitatem
773 2079 880 2136 snam,
896 2063 1030 2141 quando
1083 2062 1139 2126 bet
1153 2063 1189 2124 in
1203 2064 1419 2140 egestionem.
1436 2066 1560 2128 Etideo
1571 2066 1723 2128 dicamus
1738 2065 1860 2127 :Anima

232 2160 395 2223 beneficia
408 2161 584 2224 sibiaDeo
597 2161 718 2224 collata
731 2160 1027 2233 beneconsiderat,
1084 2162 1199 2223 nostra
1222 2163 1446 2224 delectabitur
1471 2168 1510 2225 in
1540 2168 1698 2226 Domino.
1723 2165 1762 2225 Et
1793 2178 1861 2241 pno-

232 2260 313 2322 tunc
327 2275 403 2320 eum
416 2260 468 2321 eol
481 2261 634 2337 percutit,
648 2260 682 2322 et
694 2260 802 2321 oritur
817 2259 850 2320 ei
861 2259 911 2320 sol
922 2259 1028 2336 justi·
1084 2259 1182 2320 modo
1205 2258 1447 2322 delectabitnrl
1468 2263 1582 2337 Super
1598 2264 1752 2323 satutare
1767 2262 1862 2323 salva·

234 2356 290 2419 tiva
312 2379 319 2418 ε
343 2359 423 2419 tunc
457 2357 607 2435 poenitet,
632 2358 666 2419 et
700 2357 847 2435 seipsum
879 2359 1027 2419 accusat.
1083 2356 1197 2429 tionis,
1219 2357 1489 2430 resurrectionis,
1519 2359 1552 2420 et
1580 2358 1764 2422 divinitatis
1791 2382 1798 2420 :
1824 2361 1861 2422 lit

235 2454 330 2517 Unde
349 2455 434 2517 bene
457 2456 610 2533 sequitur
630 2475 638 2516 z
662 2456 701 2517 nt
722 2454 896 2517 aestuabat.
913 2457 1031 2517 AEstus
1084 2455 1308 2516 delectabitur
1321 2458 1359 2518 tn
1374 2457 1441 2517 Deo
1454 2457 1605 2519 amaturi
1626 2472 1702 2519 arco.
1725 2460 1762 2519 Et
1777 2474 1860 2535 super

233 2555 286 2615 est
301 2553 478 2615 commotio
500 2552 621 2616 mentis
636 2552 876 2629 cogitationum
900 2552 1030 2630 seipsas
1085 2551 1234 2614 salutare
1255 2568 1352 2614 suum
1380 2552 1545 2616 exultabit
1569 2554 1784 2617 vehementer
1810 2554 1857 2634 (l).

232 2651 477 2723 accusantium,
504 2653 539 2712 et
564 2665 631 2712 non
656 2649 915 2711 defendentium.
947 2652 1031 2712 Ecce
1085 2652 1169 2711 Ecce
1188 2649 1327 2711 verbum
1350 2650 1497 2728 plenum,
1522 2668 1596 2713 cum
1618 2652 1701 2714 dicit
1716 2668 1750 2714 se
1774 2651 1859 2714 exul·

232 2747 373 2809 affectus
388 2747 591 2824 poenitentis,
611 2747 668 2825 qni
693 2747 935 2824 consequenter
950 2747 1032 2824 petit
1085 2747 1157 2809 tare
1184 2763 1293 2822 super
1321 2749 1486 2820 refutnre,
1517 2750 1551 2811 et
1583 2753 1809 2812 venementer.
1829 2751 1860 2810 rt

234 2843 358 2905 animae
379 2858 460 2915 snae,
478 2844 515 2903 nt
536 2842 710 2914 meriatur,
730 2843 817 2904 idest
840 2843 1031 2905 animalitas
1085 2846 1163 2907 nota
1180 2866 1188 2905 t
1206 2847 1271 2906 Per
1292 2845 1358 2907 hoc
1384 2845 1470 2923 quod
1495 2846 1575 2907 dicit
1589 2847 1626 2906 in
1646 2847 1792 2921 salutari,
1818 2846 1859 2906 si·

236 2955 297 3001 sua
312 2940 347 3000 in
362 2954 403 3000 ea
417 2939 644 3015 extinguatur.
673 2939 767 3001 Unde
780 2940 816 3000 in
831 2939 1031 3002 Ecclesiaste
1084 2940 1263 3018 gnificatur
1286 2943 1437 3004 salutare
1463 2943 1661 3005 salvationis
1690 2965 1698 3005 :
1721 2946 1782 3005 Per
1796 2944 1858 3014 boc,

235 3035 313 3118 (4,2
327 3037 359 3100 et
371 3035 405 3116 3)
423 3058 431 3099 r
448 3051 466 3099 c
481 3036 628 3099 Laudari
640 3036 747 3114 magis
758 3040 918 3111 mortuos,
931 3053 1031 3116 quam
1086 3054 1186 3117 super
1200 3040 1359 3115 salutare,
1373 3039 1586 3118 significatur
1596 3041 1743 3104 salutare
1755 3057 1859 3104 resur-

233 3135 396 3207 viventes,
412 3136 443 3196 el
454 3134 637 3197 feliciorem
654 3137 794 3214 vitroque
798 3134 960 3213 judicavi,
974 3137 1030 3213 qui
1084 3137 1262 3198 rectionis:
1280 3140 1345 3199 Per
1361 3138 1425 3200 hoc
1439 3138 1559 3216 ipsum,
1575 3140 1795 3207 vehementer,
1809 3154 1857 3199 sa-

235 3232 376 3295 necdum
400 3232 499 3294 natus
523 3231 583 3294 θεῖ.
600 3249 620 3293 θ
640 3232 841 3295 Laudandus
866 3232 1030 3311 siquidem
1084 3234 1194 3296 lutare
1210 3234 1407 3298 divinitatis.
1423 3237 1572 3297 Primum
1586 3236 1639 3298 est
1653 3236 1793 3298 salutare
1802 3235 1859 3295 sal·

234 3332 295 3403 est,
313 3330 369 3408 qui
385 3329 535 3393 mortuus
550 3331 600 3391 est
614 3332 768 3406 peccato;
785 3333 820 3392 et
833 3329 964 3393 felicior
973 3332 1030 3410 qui
1085 3332 1230 3393 vationis
1244 3331 1285 3393 ab
1297 3333 1559 3406 infirmitatibus,
1571 3336 1604 3396 et
1618 3333 1857 3396 adversitatibus

234 3428 382 3490 nondum
405 3430 580 3500 natusest,
597 3428 684 3490 idest
702 3428 759 3505 qui
786 3429 932 3490 nondum
952 3444 1032 3506 pec-
1085 3428 1310 3505 hujussaeculi
1326 3451 1335 3489 a
1350 3431 1532 3491 secundum
1548 3430 1856 3508 estglorificationis;

235 3527 310 3588 cato
328 3525 514 3597 consensit,
532 3525 587 3588 vel
610 3525 664 3586 cui
688 3526 836 3587 nondum
857 3527 1029 3603 peccatum
1084 3528 1117 3588 et
1132 3526 1178 3588 ita
1193 3526 1249 3588 bic
1261 3527 1422 3589 babemus
1437 3528 1598 3600 salutare,
1613 3530 1649 3591 et
1664 3544 1763 3607 super
1775 3527 1872 3595 salu„

236 3624 377 3701 placuit;
405 3624 446 3685 de
472 3626 568 3701 cujus
589 3624 779 3696 θθῖῖῖῖῖθῖθ,
801 3623 889 3687 lob:
911 3624 1032 3685 Pereat
1085 3625 1156 3686 tare
1170 3645 1178 3684 ε
1194 3624 1228 3684 in
1244 3623 1356 3686 tuturo
1367 3625 1661 3688 verobabebimus
1677 3628 1801 3689 tertium
1816 3638 1856 3683 sa·

235 3721 318 3795 dies,
333 3723 367 3782 in
382 3737 448 3799 qua
461 3721 660 3795 natussum,
676 3720 763 3783 idest
777 3720 905 3799 peccati
918 3720 1032 3783 delec-
1084 3720 1193 3784 lutare
1205 3722 1241 3783 in
1256 3720 1416 3785 fruitione
1429 3722 1628 3786 divinitatis.

237 3818 333 3881 tatio.

276 3914 362 3977 Dicit
373 3928 453 3990 ergo
469 3936 478 3975 ε
495 3916 621 3977 Anime
632 3929 712 3979 mcc
726 3916 894 3979 ecadtnbit
907 3918 944 3977 in
956 3919 1030 3977 Do·
1341 3963 1481 4026 SERMO
1504 3964 1606 4026 LXIV

235 4015 342 4084 mino,
356 4013 465 4074 etnon
476 4011 511 4072 in
522 4012 670 4088 peccato,
686 4026 753 4073 non
769 4012 805 4074 in
829 4011 963 4074 mundo.
983 4014 1032 4074 De
1608 4007 1617 4024 ’

236 4127 275 4172 cu
277 4114 332 4192 jus
339 4108 570 4182 delectatione,
583 4108 801 4172 Ecclesiastes
812 4108 856 4190 (7,
866 4109 900 4188 7)
917 4109 1032 4172 :Sicut
1119 4109 1246 4180 Qualiter
1259 4109 1347 4169 Fllirn
1364 4119 1501 4184 provocat
1512 4113 1626 4171 Patrem
1644 4112 1681 4171 ad
1692 4112 1828 4186 julinum.

235 4209 365 4272 sonitus
375 4204 742 4285 spinarumardentium
757 4207 818 4269 snb
829 4207 908 4281 olla,
918 4207 968 4269 sic
977 4207 1030 4268 ri·
1085 4257 1242 4332 Eme,
1281 4254 1316 4318 et
1345 4257 1487 4319 imme
1505 4259 1641 4330 mmo
1666 4273 1754 4333 meo,
1780 4260 1854 4318 pepe

236 4304 1032 4479 2¹2,{rtrffilfgnsggtfficaffluffitrffurqugtdnsaffr
1123 4367 1250 4513 m
1268 4353 1642 4531 fifisffltgffl·
1674 4358 1713 4417 1²2
1735 4365 1854 4417 enea

236 4514 364 4572 earum,
389 4500 440 4560 est
463 4498 671 4577 consumptio
692 4514 820 4561 earum.
843 4499 899 4561 Sic
922 4499 1031 4562 omnis

235 4594 385 4674 gaudens
405 4595 441 4656 in
465 4595 599 4657 mundo.
624 4597 700 4674 lpse
713 4596 866 4674 voluptas
886 4595 1030 4674 seipsam
1124 4599 1231 4661 Pilius
1265 4602 1425 4678 provocat
1460 4603 1607 4674 Patrem,
1654 4604 1690 4665 ut
1727 4596 1855 4663 intendat

237 4692 414 4755 consumit
428 4693 498 4753 Nec
513 4705 574 4769 pro
586 4694 723 4769 peccato
738 4692 949 4769 gaudendum
968 4696 1029 4756 est.
1077 4699 1211 4770 judicto
1224 4713 1296 4772 suo,
1320 4699 1356 4759 et
1376 4701 1520 4775 exurgat
1539 4699 1581 4760 ad
1601 4712 1744 4762 causam
1762 4711 1853 4764 suant

236 4788 481 4867 Turpissimum
494 4789 529 4850 et
537 4788 787 4851 foetidissimum
801 4793 863 4862 est,
875 4791 1031 4868 cumquls
1084 4810 1158 4871 quac
1171 4809 1273 4856 cansa
1295 4794 1390 4856 nubis
1406 4796 1608 4873 explanatur
1633 4796 1675 4859 ab
1694 4796 1789 4867 lania,
1811 4788 1854 4851 ubi

237 4886 421 4950 delectatur
442 4884 479 4947 in
499 4902 552 4958 eo,
576 4886 664 4963 quod
696 4887 842 4948 transire
871 4885 968 4949 debet
994 4888 1030 4948 in
1085 4890 1277 4953 PaterFilio
1287 4907 1347 4953 suo
1357 4892 1424 4954 tale
1436 4893 1636 4970 promissum
1645 4893 1734 4964 facit,
1744 4893 1853 4954 dicens:

237 4982 529 5054 abominationem,
540 4983 574 5044 et
589 4982 751 5057 foetorem,
763 4983 797 5044 et
813 4983 1029 5058 egestionem.
1084 4988 1151 5048 «Si
1166 4988 1315 5064 posuerit
1327 4989 1473 5050 animam
1489 5006 1584 5050 suam
1598 5005 1659 5067 pro
1674 4984 1855 5068 peccatoli·

236 5081 317 5144 'Pale
340 5080 391 5143 est
412 5082 593 5157 peccatum,
620 5079 707 5157 quod
726 5078 842 5155 egredi
861 5079 957 5143 debet
971 5096 1031 5158 per
1084 5084 1175 5146 debit
1188 5100 1302 5147 semen
1316 5086 1506 5163 longaevum
1515 5085 1579 5167 (5);
1596 5087 1660 5150 boc
1674 5090 1746 5149 est:
1762 5085 1793 5145 si
1805 5080 1853 5143 Fi·

237 5177 492 5249 confessionem,
510 5176 597 5254 quod
612 5176 742 5238 scilicet
755 5175 853 5238 debet
867 5177 941 5239 lieri
954 5193 1031 5241 con·
1084 5181 1149 5243 lius
1171 5198 1264 5244 meus
1278 5184 1427 5244 mortuus
1439 5182 1551 5257 fuerit,
1567 5200 1627 5262 pro
1649 5180 1853 5260 redemptione

239 5275 373 5337 lltendo.
391 5273 485 5336 Unde
499 5294 507 5335 ε
522 5291 542 5334 c
557 5274 658 5335 Facta
672 5271 840 5335 estraines
858 5288 980 5351 magna
995 5276 1030 5336 ln
1084 5279 1219 5356 generis
1242 5280 1380 5342 humani
1402 5280 1569 5356 videlicet,
1606 5281 1730 5344 videbit
1759 5287 1852 5340 semen

275 5433 317 5501 (l)
337 5432 426 5489 lonas
438 5429 465 5499 l,
480 5431 508 5488 8.
1121 5434 1150 5503 (l
1181 5435 1257 5493 Paal.
1279 5436 1362 5506 rost.

276 5501 305 5571 (Ξ
338 5502 376 5559 lV
390 5500 563 5572 Rapidi.
592 5570 621 5583 ..
779 5573 786 5585 .
1121 5507 1151 5579 (5
1185 5506 1445 5579 leubaldum.

275 5571 304 5641 (3
337 5569 422 5642 vulg.
437 5584 444 5623 ε
461 5571 552 5643 Super
565 5576 699 5641 triticum,
717 5579 745 5628 ct
761 5587 867 5629 vinum.
