3950 6200
113 353 144 414 57
541 339 865 406 PROLEGOMENA.
888 371 929 386 -
949 337 1255 402 TESTIMONIUM.
1682 339 1723 399 58

109 503 321 576 nostraeffusa,
337 503 372 566 ut
384 518 482 581 aqua,
495 503 624 564 oriente
639 502 719 564 solis
730 502 870 579 justitias
925 501 1112 563 et‘horrent
1129 499 1278 561 haeretici
1294 520 1302 558 ε
1317 513 1394 559 nam
1412 513 1432 559 a
1450 497 1656 560 Philisthaeis
1674 497 1722 577 (5)

109 598 255 680 lunine(a
269 616 334 678 qno
357 600 466 660 omnia
485 599 630 660 calorem
650 599 819 675 accipiunt
840 596 873 658 et
926 597 1046 666 edocti,
1064 599 1193 668 cavent,
1223 613 1288 674 qua
1310 599 1448 674 possunt
1476 596 1663 671 diligentia,
1680 612 1723 657 ne

108 697 254 776 sidetem)
279 698 422 769 ardebit,
450 698 483 759 et
506 698 583 772 igne
603 696 753 758 caritatis
782 711 873 757 com·
926 695 1118 756 inveniatur
1145 694 1275 770 gladius
1301 695 1337 754 in
1357 694 1475 767 Israe13
1500 697 1536 755 ut
1562 710 1636 755 cum
1660 694 1725 771 ipsi
1759 769 1767 788 1

107 799 184 860 buret
201 795 363 856 sacrificia
379 795 538 856 cordium.
556 797 660 870 Aqua,
678 809 742 870 qua
756 794 873 854 lavan—
926 793 1184 863 insurrexerint,
1206 792 1351 853 inermes
1371 792 1584 868 reperiantur
1598 793 1724 854 Catho-

108 901 151 957 lnr
170 894 303 954 crimina
316 892 376 972 (1),
392 892 469 952 dum
491 891 682 952 inducimur
700 891 741 950 ad
767 889 874 967 poeni·
928 890 997 951 lici.
1013 889 1106 961 Quod
1125 889 1280 950 Julianus
1293 888 1353 949 ille
1368 889 1519 965 apostata
1535 890 1725 950 teterrimus

106 992 236 1062 lenham3
259 1006 324 1067 qua
337 990 469 1050 madent
484 989 583 1059 oculi,
605 988 681 1048 dum
698 987 873 1064 compelli·
928 987 1052 1049 Christi
1068 987 1102 1048 et
1125 986 1281 1047 Ecclesiae
1304 986 1409 1046 hostis
1435 986 1614 1062 diligenter
1634 986 1724 1056 fecit,

105 1105 165 1150 nur
180 1089 216 1148 ad
232 1088 412 1164 lacrymas;
427 1103 492 1163 qua
505 1086 618 1147 divino
631 1101 744 1146 amore
765 1085 874 1145 inluso
928 1085 1005 1145 dum
1017 1085 1090 1159 lege
1105 1084 1194 1145 cavit
1214 1098 1255 1143 ne
1269 1082 1450 1143 Christiani
1464 1084 1587 1145 litteris
1600 1085 1725 1145 (iraecis

104 1186 318 1249 comburuntur
339 1184 449 1255 corda,
471 1183 624 1245 vibrante
654 1182 731 1257 igne
761 1181 874 1243 Sancti
928 1182 1156 1254 erudirentur,
1190 1196 1252 1242 nec
1281 1182 1413 1242 scholas
1449 1181 1725 1259 frequentarent:

107 1285 243 1360 Spiritus;
269 1298 337 1358 qua
358 1282 480 1342 divinae
506 1280 680 1357 sapientiae
708 1278 782 1340 sitis
808 1294 874 1339 non
929 1278 1727 1357 quodethodiernisectarii,etapostatae‚nostro

106 1380 295 1456 extinguitur,
316 1379 373 1439 sed
387 1379 553 1440 excitatur
566 1377 626 1455 (2).
642 1377 808 1438 Cutinam
823 1376 874 1435 si·
930 1376 1054 1438 saeculo
1074 1377 1328 1452 diligentissime
1345 1376 1506 1448 fecerunt,
1531 1379 1563 1438 et
1587 1378 1725 1450 iaciunt,

106 1478 205 1539 cntilln
228 1476 433 1537 miraculosa
453 1476 587 1551 exigno
601 1490 687 1551 aqua
707 1490 820 1535 crassa
836 1489 875 1534 eo
930 1474 1129 1552 ubicumque
1154 1473 1367 1551 tyrannidem
1392 1490 1485 1535 suam
1510 1474 1616 1535 libere
1630 1491 1730 1536 exer-

105 1575 380 1651 tenporeinventa
395 1575 456 1644 est,
480 1589 544 1651 qno
563 1573 756 1649 captivitate
768 1572 874 1643 linita,
930 1572 1016 1633 cent.
1041 1573 1126 1643 Quot
1150 1572 1241 1633 enim
1264 1571 1483 1633 bibliothecas
1507 1588 1622 1633 sacras
1646 1573 1730 1633 diri-

105 1673 217 1751 populus
239 1674 300 1734 liei
315 1673 359 1733 ad
383 1671 524 1750 patriam
553 1669 798 1744 revertebatur3
828 1669 876 1730 in
931 1671 1091 1746 pueruntt
1106 1672 1186 1746 quot
1201 1684 1298 1730 sacra
1321 1669 1491 1730 volumina
1513 1672 1730 1732 exusseruntt

107 1772 292 1847 hactempus
305 1769 499 1846 praesignet,
516 1784 580 1845 quo
596 1784 615 1829 a
630 1768 757 1844 peccati
773 1767 878 1828 servi·
931 1769 1010 1844 quot
1031 1767 1221 1828 sanctorum
1236 1767 1388 1827 virorum
1409 1771 1623 1830 monumenta
1641 1768 1729 1830 dila-

107 1865 876 1943 unlneratihdeles,jemincoelestempatriam
931 1864 1087 1924 niaruntt
1113 1866 1182 1924 Nec
1207 1879 1288 1924 sane
1312 1864 1353 1924 ad
1377 1880 1437 1926 sua
1460 1866 1586 1927 scelera
1602 1866 1731 1942 impru-

105 1966 154 2026 iter
175 1965 338 2041 dirigant:
353 1964 386 2024 et
406 1964 492 2024 sicut
515 1964 573 2023 illa
599 1961 662 2024 fnit
677 1961 876 2039 principium
931 1961 1065 2023 denter:
1082 1961 1117 2021 in
1129 1961 1291 2022 hncenim
1306 1961 1404 2022 laudo
1420 1962 1550 2024 villicos
1566 1964 1729 2041 iniqnita-

105 2063 176 2137 pacis
196 2062 285 2121 illius
315 2060 432 2137 populi
449 2082 457 2120 :
477 2060 540 2121 ista
566 2060 726 2119 Ecclesiae
763 2075 876 2135 pacem
931 2058 986 2125 tis,
1011 2059 1043 2119 et
1066 2058 1275 2134 prudentiam
1303 2058 1450 2120 tiliorum
1476 2061 1576 2138 hujus
1600 2062 1726 2122 saeculi.

105 2159 266 2235 praesagiat,
288 2174 398 2235 eaque
417 2159 452 2217 in
472 2157 583 2232 ignem
602 2171 775 2228 conversa,
793 2156 879 2216 alle·
932 2155 1098 2218 Videbant
1112 2171 1254 2232 namque
1269 2157 1353 2217 nihil
1376 2157 1439 2218 sibi
1462 2158 1626 2232 infestius,
1644 2160 1729 2221 nihil

105 2273 164 2317 num
183 2258 302 2332 ignem,
327 2255 459 2317 scilicet
479 2255 670 2316 haereticam
686 2255 744 2315 ant
763 2253 877 2330 indig-
932 2254 1033 2314 sectis
1057 2254 1127 2314 suis
1153 2255 1387 2330 perniciosius,
1415 2272 1514 2331 quam
1540 2257 1730 2334 hujusmodi

105 2370 162 2414 nam
182 2355 328 2416 moribus
354 2353 550 2424 doctrinam,
577 2352 613 2412 in
639 2351 797 2428 templum
818 2351 878 2413 Dei
931 2350 1051 2411 bellica
1075 2351 1233 2412 Ecclesiae
1256 2354 1527 2425 armamentaria,
1548 2356 1730 2432 exquibus

106 2452 246 2513 nitentes
261 2450 311 2531 (3)
330 2450 578 2512 comburantur.
930 2449 980 2510 tot
1007 2449 1157 2510 veterum
1182 2449 1317 2510 Petrum
1345 2452 1570 2527 exemplaria,
1601 2456 1728 2526 Graeca,

133 2550 184 2610 llic
194 2552 243 2611 est
257 2566 349 2610 unus
365 2565 408 2609 ex
422 2547 547 2624 clypeis
560 2545 878 2623 millependentibus
932 2544 1085 2617 Hebraea,
1093 2546 1223 2616 Latina,
1236 2548 1270 2608 et
1279 2546 1426 2607 omnium
1442 2548 1585 2625 denique
1599 2550 1729 2625 lingua·

105 2646 209 2707 inturri
220 2646 327 2708 David
343 2643 402 2724 (4),
416 2660 479 2721 quo
491 2645 527 2706 tu
538 2660 626 2705 nunc
638 2643 785 2705 armatus
800 2658 879 2720 pro·
934 2658 1008 2703 rum
1024 2643 1158 2719 scripte,
1173 2642 1320 2719 qnotidie
1336 2648 1509 2718 eruuntur,
1527 2647 1645 2722 quibus
1659 2651 1729 2708 Ba-

105 2742 143 2803 dis
163 2744 199 2805 ad
234 2743 479 2806 detendendam
512 2741 707 2803 Ecclesiam.
737 2743 787 2802 An
812 2755 879 2802 non
932 2740 1090 2817 bylonica
1112 2754 1227 2800 eorum
1244 2741 1347 2802 turris
1360 2742 1531 2816 evertitur,
1547 2746 1580 2806 et
1594 2746 1636 2805 ad
1648 2745 1728 2806 sun-

106 2843 165 2901 sunt
188 2842 390 2903 Christianae
414 2840 558 2916 antiquae
585 2838 813 2909 bibliothecae,
837 2852 881 2897 ex
933 2837 1088 2898 damaeta
1110 2853 1214 2913 usque
1230 2839 1433 2900 exinanitur.
1451 2841 1730 2912 Quemadmodum

106 2937 201 3013 qnibns
224 2939 296 3000 haec
322 2937 433 2998 sancii
445 2937 555 2997 Patris
568 2937 781 2996 monumenta
797 2934 880 2995 edu·
933 2951 1014 2997 uero
1028 2938 1177 3012 tempore
1190 2934 1269 2996 belli
1285 2936 1477 3012 diligentius
1490 2940 1731 3017 conquiruntur

105 3035 175 3107 xisti,
188 3038 289 3099 turris
302 3035 365 3096 illa
383 3034 539 3095 Dauidica
555 3049 629 3094 eum
646 3048 880 3110 propugnacn·
933 3047 1039 3105 arma,
1066 3032 1185 3109 quibus
1205 3048 1240 3094 se
1262 3034 1403 3112 quisque
1415 3037 1544 3099 muniat
1560 3059 1567 3099 :
1584 3039 1631 3100 ita
1645 3041 1731 3101 tem-

42 3172 44 3189 .
107 3132 138 3193 lis
156 3135 326 3207 aedidoata,
348 3150 391 3195 ex
415 3149 480 3209 qua
495 3131 586 3193 mille
599 3132 742 3208 pendent
757 3130 877 3208 clypei,
933 3146 1014 3209 pore
1049 3131 1227 3192 haeresium
1261 3130 1359 3210 (quaa
1395 3138 1472 3196 sunt
1504 3136 1731 3199 ecclesiastice

42 3254 43 3257 ¹
104 3232 192 3291 omnis
203 3235 377 3293 armatura
390 3229 544 3292 lortiumt
569 3229 715 3301 fortium,
731 3229 877 3306 inquam,
933 3227 1033 3299 bella,
1064 3228 1220 3289 occidunt
1246 3229 1334 3289 enirn
1367 3231 1511 3303 animas,
1543 3249 1616 3309 quae
1644 3235 1730 3294 mori

42 3312 44 3351 l
103 3326 215 3390 illomm
229 3330 269 3391 de
294 3327 418 3407 quibus
444 3327 625 3389 scribitur:
645 3331 701 3387 En
721 3327 880 3388 lectantem
933 3326 1103 3398 nesciunt,
1129 3342 1203 3386 cum
1226 3326 1301 3387 aliae
1324 3328 1452 3403 strages
1466 3331 1501 3389 in
1526 3332 1730 3407 corporale

105 3428 272 3488 solomonis
297 3425 488 3502 seoeaptnto
506 3425 615 3498 sortes
638 3423 806 3495 ambiunt,
833 3438 880 3484 ecc
934 3424 1034 3494 aedes,
1051 3424 1084 3483 et
1104 3424 1223 3484 caetera
1240 3423 1428 3500 hujusmodl
1443 3427 1580 3499 caduca,
1596 3430 1630 3490 et
1643 3430 1731 3490 inte-

105 3524 281 3591 lorttssimts
297 3527 422 3593 Israel,
433 3536 553 3582 omines
567 3521 722 3582 terrentes
735 3523 878 3597 ptodtcr,
934 3523 1015 3583 ritui
1028 3522 1201 3597 ruinaeque
1214 3520 1372 3595 obnoxia,
1388 3525 1518 3586 tantum
1532 3526 1729 3607 desaeviant)

106 3619 131 3677 et
147 3624 185 3680 nd
202 3624 283 3683 hedo
301 3621 493 3681 doctissimi
509 3639 517 3677 ε
531 3621 800 3691 rtnirmcip'nsque
820 3632 882 3680 cn·
935 3619 1129 3695 diligentius
1149 3618 1310 3679 Catholici
1330 3637 1455 3682 musaea
1467 3626 1500 3683 et
1512 3622 1729 3686 bibliothecas

106 3719 145 3777 sn
166 3732 266 3792 snper
292 3720 412 3792 femur
433 3731 546 3787 suarm,
569 3716 715 3790 prepter
739 3716 882 3777 timores
936 3716 1142 3789 evolverunt,
1167 3719 1357 3778 sanctorum
1377 3720 1512 3779 Petrum
1536 3720 1639 3782 libros
1654 3738 1733 3799 per-

107 3810 882 3893 nocturnos(Cant.‚111)llinlmirumsuntvete-
936 3815 1137 3891 quisieruut,
1162 3829 1285 3891 eosque
1297 3816 1552 3879 velutleonibus
1563 3820 1729 3894 tortiores,

105 3910 164 3969 rani
183 3912 341 3974 Ecclesiae
365 3911 503 3981 milites,
520 3910 626 3971 sancti
641 3910 692 3971 illi
707 3912 739 3971 et
754 3909 882 3986 antiqui
936 3915 969 3973 et
983 3911 1106 3989 aquilis
1121 3910 1316 3985 velociores,
1331 3913 1365 3972 in
1381 3915 1486 3990 prima
1500 3917 1572 3978 acie
1587 3918 1733 3980 colloca·

107 4007 213 4080 Patres,
223 4010 280 4086 qui
292 4008 471 4084 scriptiset
480 4008 701 4069 monumentis
716 4007 884 4082 suisrigi-
936 4012 1025 4080 runt,
1047 4012 1160 4070 utnon
1175 4009 1340 4071 immerito
1356 4012 1503 4074 militans
1526 4015 1647 4076 Christi
1668 4019 1732 4078 Ec-

107 4100 270 4168 lantissime
292 4110 329 4167 et
343 4105 506 4166 acerrime
521 4106 669 4181 pugnant
681 4105 797 4167 contra
812 4104 884 4165 hae·
936 4107 1040 4167 clesia
1055 4107 1196 4178 dicatur,
1209 4122 1248 4168 ac
1262 4108 1306 4168 sit
1318 4108 1484 4170 haereticis
1500 4113 1674 4184 terribilis,
1692 4116 1731 4175 nt

104 4200 219 4283 reticos,
239 4206 272 4266 et
293 4203 475 4279 potestates
495 4206 594 4278 atque
616 4203 764 4262 rectores
786 4203 883 4264 tene·
935 4206 1134 4264 castrorum
1149 4208 1240 4264 ncim
1256 4208 1418 4266 ordinato
1433 4207 1552 4283 (Cant,
1566 4208 1624 4286 vr).
1639 4211 1730 4272 Inter

109 4292 221 4360 brarmn
246 4301 385 4371 harum,
403 4299 459 4376 qui
475 4299 620 4375 quietem
638 4298 710 4360 veri
734 4299 885 4360 Salomo-
938 4315 1020 4375 quos
1041 4301 1088 4371 tu,
1110 4299 1362 4375 religiosissime
1377 4302 1439 4370 vir,
1465 4303 1537 4364 haec
1560 4292 1732 4382 Seraphicl

110 4393 150 4453 nis
161 4396 389 4468 interturbant,
406 4396 463 4472 qui
478 4396 660 4458 Ecclesiam
685 4398 756 4473 ejus
775 4412 882 4472 spon·
938 4397 1049 4458 Patris
1062 4398 1731 4478 monumentaednxisti,quibusutgladio

111 4504 175 4563 san,
197 4495 230 4555 in
263 4497 360 4572 cujus
395 4495 472 4553 sinu
504 4494 719 4570 conquiescit,
741 4494 774 4554 et
796 4493 884 4554 inter
937 4493 1095 4554 decidunt
1121 4493 1282 4556 haeretici.
1309 4495 1389 4564 Quis
1416 4511 1557 4574 namque
1586 4515 1731 4563 exnunc

111 4591 187 4664 cujus
206 4592 309 4653 ubera
330 4594 564 4663 commoratur,
584 4591 637 4652 die
657 4592 817 4666 nocteque
831 4590 885 4651 di·
937 4590 1060 4667 poterit
1082 4605 1119 4650 se
1141 4589 1286 4666 objicere
1309 4593 1463 4667 potestati
1479 4596 1662 4667 Pontificis,
1677 4600 1732 4661 vel

111 4689 223 4758 texant,
246 4704 309 4751 nec
330 4688 527 4749 clamantem
548 4704 704 4764 sponsum
719 4687 881 4749 audiunt:
937 4687 1025 4748 sacri
1052 4686 1190 4762 collegii
1210 4688 1430 4749 cardinalium
1445 4707 1569 4768 negare
1582 4696 1731 4771 dignita-

113 4786 298 4854 epitropos
314 4788 396 4860 [titre
406 4787 602 4847 Jerusalem
620 4782 711 4863 (quia
727 4785 791 4861 ipsi
806 4784 883 4844 tiliae
937 4786 1015 4855 tem,
1031 4800 1105 4844 cum
1118 4784 1454 4847 videatEranciscum
1468 4788 1579 4867 (quem
1593 4796 1731 4855 sanctis·

114 4883 175 4942 sunt
185 4883 361 4961 Babylonis
373 4881 518 4961 miserae)
526 4898 569 4943 nc
582 4882 766 4953 nicatoras,
775 4896 884 4955 neque
939 4882 1060 4942 simum
1082 4882 1190 4942 virum
1213 4882 1327 4952 tuisse,
1348 4900 1409 4946 nec
1434 4886 1582 4949 haretici
1597 4892 1730 4952 necalii

114 4980 256 5052 cntpttorc
264 4981 405 5055 somatis
414 4981 571 5041 dicatam
583 4981 799 5069 quoadusque
808 4983 885 5052 ipsa
938 4979 1090 5040 infideles
1114 4976 1251 5059 negant)
1275 4982 1417 5057 primum
1437 5000 1483 5056 se,
1506 4986 1624 5046 deinde
1650 5004 1729 5049 suos

114 5074 308 5153 cctittcant„
331 5092 369 5147 11,
391 5092 430 5138 111
452 5078 484 5138 et
497 5073 583 5153 viu).
602 5076 722 5137 Contra
734 5075 884 5136 istorum
938 5076 1188 5138 submittere-s.
1215 5080 1253 5138 R.
1276 5081 1310 5138 E.
1336 5081 1370 5141 et
1383 5082 1503 5142 summi
1516 5083 1687 5145 Pontillcis
1697 5087 1731 5148 et

115 5170 262 5247 strepitus,
276 5174 428 5249 impetus,
441 5173 474 5234 et
483 5173 625 5233 insultus
635 5186 713 5233 rere
724 5186 767 5233 ex
779 5172 885 5232 sacris
939 5174 1160 5235 cardinalium
1180 5175 1276 5235 nutui
1297 5178 1330 5237 et
1348 5178 1586 5252 jnrisdictioni,
1613 5182 1647 5243 et
1669 5182 1730 5243 sub

116 5260 301 5333 bibliothecis
324 5270 511 5332 educuntur
524 5270 643 5347 clypei,
661 5270 693 5331 et
707 5285 805 5331 omne
823 5284 884 5330 ar·
939 5287 978 5331 eo
1001 5271 1126 5333 vexillo
1146 5288 1182 5332 se
1202 5288 1345 5348 suosque
1360 5273 1445 5334 velle
1468 5275 1629 5337 militaret
1650 5282 1730 5351 Quis

118 5375 343 5443 mommgenus.
353 5367 571 5440 Quamobrem
584 5367 887 5444 easpertimescunt
940 5368 1730 5452 ordinumpoenltentiae,Sacridciisacrosancti,

148 5500 182 5570 h)
198 5505 238 5561 Ex
249 5505 335 5564 doctr.
351 5505 491 5575 Ambr.,l.
507 5520 547 5575 ru,
557 5504 659 5575 ditm.
677 5504 720 5562 ll.
977 5506 1006 5579 (l
1038 5508 1180 5575 Cant.,1v.

148 5572 408 5715 8333&ss
975 5577 1005 5650 (5
1036 5579 1230 5649 llheg.,x1u.
