3950 6200
123 391 175 452 loc
572 438 576 445 .
676 385 998 452 rnonneomsua.
1023 388 1232 473 :viru
1279 348 1282 353 ⁴
1352 368 1356 375 '
1698 387 1757 447 οπο

123 550 155 611 ut
174 548 222 609 sic
245 546 404 611 omnihus
427 548 563 611 daretur
586 546 740 624 intelligi,
756 564 855 627 quam
875 548 910 610 in
964 542 1756 627 audieruntquamplurimi,licetauxilinmterre

123 647 212 709 rebus
241 647 443 725 desperatis,
467 647 556 718 beati
585 648 757 709 Francisci
791 647 913 709 merita
965 661 1032 706 non
1054 649 1199 722 possent.
1227 649 1424 724 Deportatus
1447 646 1581 709 tandem
1610 645 1755 709 domum.

123 744 234 807 validae
248 745 324 806 sint
337 745 482 807 virtutis.
966 744 1054 804 totus
1078 759 1139 803 suo
1165 745 1328 820 sanguine
1354 744 1531 815 volutatus,
1557 743 1757 803 fiducialiter

155 842 271 903 Simile
286 842 443 919 quiddam
467 842 589 905 accidit
610 843 696 918 apud
720 844 753 902 S.
772 839 910 902 severi·
943 872 947 879 -
965 840 1138 903 asserebat
1151 857 1186 901 se
1200 842 1337 903 mortam
1349 858 1392 902 ex
1404 842 1472 901 illis
1483 840 1679 902 vulneribus
1690 854 1757 900 non

123 956 202 1011 num,
218 939 252 999 in
268 939 423 1000 biarchia
439 939 479 1000 du
493 944 643 1001 Ancona.
659 942 743 999 Dum
757 938 846 999 enim
860 937 912 997 la·
965 937 1127 1007 risurum,
1144 952 1205 997 nec
1217 938 1318 998 etiam
1332 954 1368 999 se
1383 940 1461 998 tunc
1472 938 1596 998 sentire
1612 935 1754 1003 dolores,

122 1038 165 1114 pis
176 1037 387 1113 praegrandis
410 1037 451 1096 da
464 1035 747 1113 Constantinopoli
766 1035 910 1110 adspor-
966 1035 1122 1109 quoniam
1135 1036 1270 1096 sanctus
1286 1037 1483 1096 Franciscus
1497 1036 1561 1095 sibi
1577 1049 1756 1094 succurre-

121 1133 251 1196 tatusad
267 1133 446 1194 basilicam
466 1136 502 1194 B.
517 1133 700 1204 Francisoi,
732 1133 912 1193 multorum
967 1132 1028 1201 rat,
1044 1132 1077 1192 et
1091 1134 1127 1192 ut
1141 1133 1369 1208 penitentiam
1387 1132 1679 1208 ageretaDomino
1694 1130 1759 1192 im-

122 1230 239 1291 viribus
266 1231 471 1302 traheretur,
501 1230 619 1308 rapido
640 1230 735 1306 lapsu
748 1231 799 1290 est
812 1242 912 1304 super
967 1228 1126 1305 patravit;
1140 1229 1226 1305 quod
1240 1231 1273 1292 et
1287 1245 1429 1306 sequens
1441 1230 1649 1291 confirmarit
1660 1243 1759 1288 even·

122 1327 288 1406 quemdam
317 1328 525 1405 trahentium
553 1327 738 1391 devolutus.
766 1328 914 1403 Cumque
965 1326 1030 1386 tus.
1047 1327 1132 1387 Nam
1152 1326 1239 1388 lctus
1258 1313 1626 1403 asanguinaco'ntinuo
1641 1330 1758 1387 contra

123 1425 173 1485 ille
193 1440 260 1487 non
286 1425 398 1486 solum
422 1425 615 1489 crederetur
640 1424 827 1493 defunctus,
854 1420 914 1483 sed
967 1422 1148 1484 humanam
1160 1440 1264 1500 spem,
1282 1424 1393 1486 extitit
1404 1424 1577 1485 liberatus.

122 1522 213 1585 etiam
230 1522 385 1584 totaliter
406 1522 638 1592 comminutus,
655 1521 834 1583 assistente
848 1518 914 1579 sibi
1007 1521 1114 1581 Filius
1129 1521 1300 1597 cujusdam
1316 1522 1439 1582 nobilis
1453 1522 1488 1581 in
1505 1524 1661 1582 castros.
1676 1523 1759 1581 Ger-

124 1619 356 1691 B.l'rancisco‚
366 1621 400 1681 et
411 1618 555 1696 lapidem
563 1618 771 1689 sublevante,
788 1615 913 1693 absque
968 1617 1189 1689 mani,valido
1203 1619 1363 1695 languore
1376 1619 1527 1680 detentus
1540 1620 1696 1694 omnique
1706 1618 1760 1678 ul-

125 1718 204 1778 cmni
221 1717 367 1779 laesione
395 1733 498 1778 sanus
521 1719 554 1777 et
577 1715 770 1787 incolumia,
793 1713 913 1791 lapidis
967 1715 1072 1775 terius
1087 1715 1280 1790 desperatus
1307 1715 1426 1787 salute,
1444 1715 1486 1776 ad
1499 1717 1684 1787 extremum
1700 1732 1754 1775 us·

126 1817 262 1890 projecto
276 1814 430 1890 pondere
445 1813 622 1890 prosilivit.
969 1828 1031 1888 que
1044 1812 1221 1889 perductus
1234 1814 1295 1873 ast.
1313 1813 1417 1875 Rivus
1437 1813 1559 1874 etenim
1585 1811 1759 1888 sanguinis

157 1911 423 1972 Bartholomaeus
449 1912 627 1988 cajetanus
652 1909 748 1981 ciris,
771 1923 845 1969 cum
871 1906 913 1968 ad
968 1908 1211 1987 aboculiseJ'us
1225 1909 1412 1981 emanabat,
1428 1909 1761 1973 sicutexvenahra·

49 2018 51 2063 t
125 2008 402 2071 constructionem
414 2007 585 2085 cujusdam
598 1996 749 2069 ecclesiae
760 2008 795 2066 B.
813 2007 915 2083 Fran·
968 2006 1035 2068 chii
1052 2006 1178 2068 assolet
1186 2007 1338 2079 ebullire,
1353 2008 1549 2084 caterisque
1564 2009 1759 2084 propinquae

126 2106 194 2168 cisci
207 2122 276 2167 non
296 2106 468 2167 modicum
484 2105 671 2176 desudaret,
687 2104 805 2166 ruente
819 2100 914 2163 trabe
969 2103 1086 2165 mortis
1115 2105 1204 2166 reris
1224 2104 1369 2176 indiciis,
1401 2106 1435 2165 in
1463 2105 1591 2182 reliquo
1618 2121 1760 2182 corpore

126 2204 253 2280 quadam
284 2203 470 2264 infirmiter
493 2203 612 2280 posita,
640 2205 779 2279 ejusque
801 2200 916 2277 oppri·
969 2201 1218 2277 apparentibus,
1231 2201 1446 2278 judicabatur
1460 2218 1519 2279 prc
1534 2204 1685 2278 mortuo;
1703 2204 1760 2264 sed

126 2307 221 2362 menta
229 2302 414 2372 cervicem,
428 2301 492 2361 fuit
503 2299 652 2376 graviter
661 2299 912 2375 conquassatus
968 2302 1002 2360 et
1014 2313 1074 2375 pro
1089 2298 1259 2360 debilitate
1272 2300 1421 2377 spiritus,
1439 2304 1472 2362 et
1488 2301 1630 2373 virtutis,
1641 2316 1760 2363 sensus

127 2396 912 2475 lpsereromortemsibisentiensimminantem,
969 2397 1002 2458 et
1028 2400 1135 2457 motus
1160 2413 1223 2459 usu
1245 2397 1405 2473 privatus,
1431 2397 1523 2459 visus
1550 2397 1601 2458 est
1625 2398 1759 2474 penitus

127 2496 235 2558 nterat
249 2496 310 2557 rir
331 2496 440 2557 tidelis
462 2496 496 2556 et
509 2495 630 2572 pinse
652 2493 793 2571 quodam
811 2491 914 2553 fratre
969 2495 1163 2569 emigrasse.
1188 2495 1526 2570 congregatisautem
1542 2510 1585 2555 en
1604 2511 1696 2556 more
1718 2496 1758 2556 ad

127 2592 270 2653 naucum
281 2592 479 2669 postulavit.
488 2591 578 2663 Quod
594 2590 697 2653 irater
707 2590 842 2651 illatam
854 2603 914 2650 ce·
970 2593 1138 2668 planctum
1153 2591 1346 2668 parentibus
1372 2594 1404 2654 et
1428 2592 1557 2664 amicis,
1574 2609 1613 2654 ac
1633 2593 1674 2654 de
1688 2594 1761 2654 sola

128 2687 227 2751 leniter
240 2689 583 2761 afferrenonralens,
601 2689 678 2765 quia
698 2687 785 2749 mori
805 2686 914 2749 subito
970 2688 1144 2764 agentibus
1159 2689 1342 2766 sepultura,
1355 2690 1450 2765 pater
1468 2690 1586 2766 ipsius,
1604 2689 1761 2751 fiduciam

129 2787 332 2860 credebatur,
355 2790 391 2849 B.
408 2787 585 2864 Augustini
604 2785 742 2848 verbum
763 2783 912 2861 protulit,
970 2787 1096 2849 babens
1111 2787 1145 2847 in
1161 2786 1313 2859 Domine,
1330 2787 1460 2847 concito
1470 2803 1588 2862 gressu
1601 2787 1762 2849 adeccle-

130 2882 230 2947 dicens
248 2887 282 2947 ei
301 2885 441 2956 :Crede
464 2887 498 2946 et
511 2884 730 2945 manducasti.
757 2880 914 2958 Sequenti
970 2885 1054 2947 siam
1065 2884 1170 2945 currit
1183 2887 1220 2945 B.
1236 2883 1418 2955 Francisci‚
1431 2901 1503 2961 quae
1519 2885 1677 2947 ineodem
1689 2889 1762 2948 erat

129 2995 196 3042 raro
213 2986 333 3056 nocta,
363 2985 400 3044 Β.
427 2982 626 3043 Franciscus
650 2996 724 3041 cum
760 2978 915 3039 undecim
969 2982 1181 3044 constructa:
1199 2982 1232 3043 et
1252 2982 1387 3058 cingulo
1401 2998 1566 3058 suspenso
1578 2983 1619 3043 ad
1633 2986 1759 3058 guttur,

49 3074 50 3142 ἶ
130 3076 273 3142 tratribus
305 3079 358 3141 illi
372 3080 528 3158 apparuit
543 3102 551 3140 ε
568 3082 601 3141 et
615 3079 704 3141 inter
719 3076 822 3140 athera
833 3091 914 3153 por·
969 3079 1150 3142 cumomni
1175 3079 1363 3142 humilitate
1389 3094 1425 3140 se
1440 3081 1621 3156 prostravit
1634 3080 1676 3142 ad
1698 3084 1763 3144 ter-

49 3161 51 3254 }
128 3178 192 3239 tans
215 3179 426 3256 agniculum,
452 3178 637 3240 adlectum
659 3179 731 3253 ejus
759 3174 913 3245 accessit,
969 3193 1057 3252 ram;
1081 3178 1195 3254 sicque
1218 3179 1295 3239 vota
1322 3192 1459 3249 vorens,
1485 3180 1518 3239 et
1535 3166 1761 3255 multiplicans

49 3285 50 3288 ’
128 3277 316 3353 vocavitque
327 3276 421 3336 illurn
436 3274 745 3336 eunominedicens
757 3270 915 3334 :Bartho-
969 3290 1097 3352 preces,
1123 3274 1277 3351 suspiriis
1292 3275 1325 3335 et
1338 3274 1516 3350 gemitibus
1534 3276 1656 3338 meruit
1672 3278 1760 3354 apud

49 3437 50 3454 ξ
129 3371 242 3446 lomaee,
271 3374 347 3435 noli
376 3373 506 3441 timere,
527 3373 604 3450 quia
629 3387 696 3432 non
720 3369 915 3448 praevalebit
969 3372 1189 3443 Christums.
1207 3372 1421 3433 Franciscum
1434 3371 1558 3434 habere
1571 3375 1757 3449 patronum.

49 3489 50 3544 i
130 3468 274 3532 adversus
295 3477 330 3533 te
345 3470 512 3540 inimicus,
530 3470 587 3547 qui
603 3470 636 3531 te
647 3468 681 3529 in
694 3467 914 3529 manservitio
969 3474 1136 3532 Reversus
1150 3470 1263 3546 itaque
1286 3470 1398 3531 statim
1423 3471 1517 3546 pater
1535 3471 1576 3531 ad
1595 3472 1711 3543 lilium,
1728 3475 1764 3534 et

49 3597 50 3606 κ
131 3566 221 3629 soluit
245 3568 425 3645 impedire.
442 3568 505 3629 Hic
531 3569 583 3629 est
607 3581 725 3642 agnus,
742 3581 838 3643 quem
853 3565 914 3626 tibi
969 3567 1104 3628 sanitati
1134 3567 1323 3628 restitutum
1356 3567 1542 3640 inveniens,
1571 3569 1696 3632 luctum
1724 3572 1761 3632 in

49 3691 50 3718 r
131 3660 192 3724 dari
202 3666 350 3741 petebas,
370 3680 467 3742 quem
488 3665 522 3726 et
535 3662 803 3741 propterhonum
818 3663 913 3723 desi·
967 3665 1127 3741 gaudium
1143 3664 1368 3726 commutarit.

131 3759 244 3824 derium
258 3762 452 3839 suscepisti,
467 3766 562 3840 cujus
578 3762 678 3823 etiam
694 3761 816 3823 virtute
830 3776 913 3821 con·
1009 3761 1127 3823 Simile
1150 3761 1306 3838 quiddam
1325 3762 1455 3824 meritis
1470 3765 1590 3836 sancti,
1603 3768 1760 3842 operatus

132 3863 264 3936 sequeris
287 3861 462 3938 utriusque
482 3859 628 3922 hominis
652 3858 858 3936 sospitatem,
881 3861 915 3919 et
968 3861 1019 3920 est
1036 3859 1205 3928 Dominus,
1227 3859 1317 3920 circa
1344 3855 1488 3937 puellam
1511 3863 1687 3939 quamdam
1725 3865 1762 3925 in

132 3955 172 4017 sic
187 3975 242 4035 par
262 3959 408 4021 vulnera
436 3973 572 4018 manum
598 3957 735 4027 ducens,
760 3956 801 4018 ad
830 3972 914 4032 opus
969 3956 1152 4028 catalonia,
1176 3957 1217 4017 de
1243 3957 1323 4018 villa
1351 3960 1484 4020 nomine
1513 3961 1695 4033 Thamarit,
1727 3966 1761 4024 et

49 4103 50 4106 η
132 4055 204 4128 qnod
228 4057 388 4134 coeperat,
420 4071 496 4117 eum
517 4055 628 4116 redire
653 4054 822 4131 praecepit.
851 4054 914 4126 Qui
968 4055 1058 4115 circa
1069 4054 1170 4114 aliam
1183 4053 1224 4115 de
1238 4057 1470 4131 Anconaquae
1481 4060 1678 4120 cumessent
1691 4076 1761 4135 prae

49 4139 50 4144 ’
132 4151 213 4214 raldo
227 4169 328 4216 mane
352 4168 572 4229 consurgens,
587 4153 620 4215 et
645 4153 688 4212 iis
701 4153 758 4228 qui
770 4167 847 4214 eum
860 4168 914 4213 se·
968 4152 1140 4214 nimietate
1155 4152 1363 4228 aegritudinis
1379 4155 1579 4225 constitutae,
1600 4158 1634 4214 Β.
1653 4158 1761 4216 Fran-

133 4248 279 4313 ninecem
303 4251 519 4328 reliquerant,
550 4250 727 4311 incolumis
761 4253 796 4311 et
816 4249 913 4310 laetus
968 4249 1077 4311 ciscus
1092 4250 1234 4310 fideliter
1248 4266 1268 4310 a
1283 4250 1476 4325 parentibus
1489 4252 1672 4321 invocatus,
1684 4268 1762 4328 per-

135 4358 301 4423 apparens,
333 4349 588 4410 admirationem
612 4347 727 4408 intulit
747 4348 779 4408 et
798 4347 914 4422 stupo-
967 4347 1062 4410 sectae
1077 4347 1235 4409 continuo
1250 4362 1307 4407 aas
1319 4347 1467 4409 restituit
1479 4349 1625 4410 sanitati.

135 4457 205 4519 ram3
220 4447 277 4508 sed
292 4451 329 4508 et
355 4447 505 4523 ipsorum
533 4449 675 4513 mantes,
692 4444 734 4506 ad
753 4447 791 4504 B.
808 4445 912 4521 patris
1007 4444 1155 4505 Clericus
1184 4443 1318 4520 quidam
1340 4444 1380 4503 de
1408 4445 1483 4506 rico
1505 4446 1600 4519 Albo,
1626 4449 1760 4510 nomine

136 4546 352 4616 reverentiam,
369 4546 403 4606 et
426 4558 574 4605 amorem
595 4548 663 4604 tarn
685 4542 839 4619 exemplo
860 4542 912 4602 sui
967 4541 1154 4612 Matthaeus,
1167 4556 1297 4602 veneno
1311 4541 1481 4603 mortifero
1496 4542 1611 4618 bibito,
1629 4545 1664 4607 in
1685 4547 1762 4608 tan-

138 4643 335 4712 uamsanou
347 4642 508 4704 miraculo
521 4641 691 4702 excitarit.
966 4639 1035 4700 tum
1051 4638 1114 4701 init
1127 4638 1297 4714 gravatus,
1314 4639 1401 4715 quod
1423 4640 1515 4717 loqui
1530 4642 1642 4720 aliquo
1662 4644 1760 4705 modo

169 4737 296 4807 Quidam
312 4739 353 4801 de
368 4741 480 4801 castro
494 4738 668 4814 Ceperani,
691 4736 826 4800 nomine
847 4737 913 4797 Ni·
967 4736 1174 4807 convalens,
1191 4735 1299 4796 solum
1322 4736 1455 4798 finalem
1481 4740 1607 4801 exitum
1632 4755 1758 4816 expec-

139 4831 235 4896 cclaus
247 4839 282 4898 in
297 4853 418 4899 manus
432 4836 645 4897 inimicorum
659 4834 843 4896 crudelium
858 4836 913 4895 in·
966 4834 1067 4896 tabat.
1081 4833 1242 4895 Sacerdos
1256 4833 1401 4910 quidam,
1416 4836 1520 4899 utsibi
1532 4839 1757 4908 confiteretur,

140 4928 207 4992 cidit
222 4934 275 4996 die
300 4934 466 5012 quadam;
490 4934 547 5010 qui
576 4933 772 4994 crudelitate
800 4931 908 4998 ferali,
966 4932 1147 5003 admonuit,
1157 4934 1190 4994 et
1200 4930 1336 4992 verbum
1349 4949 1449 4993 unum
1461 4934 1550 4996 abac
1561 4936 1759 5011 extorquere

139 5027 313 5093 vulneribus
327 5048 403 5093 eum
413 5047 514 5108 super
535 5031 675 5092 vulnera
686 5030 909 5101 concidentes,
966 5045 1033 5090 non
1049 5030 1163 5090 valuit.
1173 5031 1246 5105 Ipse
1258 5045 1338 5091 vern
1351 5031 1386 5090 in
1400 5031 1498 5092 corde
1513 5047 1573 5092 sno
1589 5030 1760 5093 humiliter
1825 5021 1828 5026 ’

140 5129 318 5200 usqueadeo
331 5127 798 5206 supermiserumsaevierunt,
807 5127 912 5189 donec
967 5127 1133 5188 Christum
1142 5126 1270 5193 orabat,
1283 5129 1320 5188 ut
1330 5143 1388 5203 per
1396 5130 1430 5187 B.
1445 5129 1614 5188 Francisci
1627 5129 1757 5202 merita,

141 5221 184 5280 ral
192 5227 368 5288 extinctum
382 5225 568 5296 crederent,
581 5225 634 5286 vel
642 5224 794 5301 protinus
807 5225 913 5285 extin-
967 5240 986 5285 a
1011 5225 1127 5286 mortis
1139 5240 1216 5284 eum
1232 5224 1382 5285 saucibus
1404 5225 1535 5300 eripere
1552 5225 1757 5301 dignaretur.
1883 5273 1890 5282 .

143 5322 296 5389 tuendum.
313 5324 525 5384 Clamararat
536 5325 647 5385 autem
659 5322 817 5384 Nicolaus
831 5338 912 5398 praa·
967 5325 1110 5398 Moxque
1135 5324 1171 5383 ut
1192 5322 1428 5383 confortatusa
1443 5323 1582 5384 Domino
1598 5327 1633 5384 B.
1649 5326 1760 5386 Fran-

143 5411 910 5497 dictuscumprimosictusaxciperetaltaroce:
967 5420 1048 5481 cisci
1079 5434 1199 5480 nomen
1227 5419 1315 5479 tldeli
1353 5417 1533 5480 devotione
1558 5421 1762 5500 deprompsit

145 5509 242 5577 mnata
255 5517 443 5589 Francisce,
460 5517 581 5594 adjuva
597 5532 661 5590 me,
678 5517 792 5578 sancte
811 5519 913 5578 Fran·
966 5516 1106 5579 testibus
1122 5517 1177 5592 qni
1190 5516 1340 5585 aderant,
1358 5531 1486 5578 renunc
1499 5519 1660 5591 evomite,
1674 5521 1761 5586 libe·

147 5605 225 5688 cisae,
236 5629 392 5677 succurre
405 5614 599 5676 mihiilanc
611 5631 726 5676 vocem
742 5629 760 5674 a
774 5616 911 5677 remotis
967 5614 1071 5677 ratori
1088 5629 1148 5674 suo
1164 5613 1290 5687 gratias
1306 5614 1383 5688 egit.
