3950 6200
76 305 156 368 1001
466 308 575 372 PARS
603 309 747 372 PRIMA.
763 339 804 356 —
821 308 1040 373 EXPOSITIO
1069 313 1113 373 IN
1143 313 1347 374 PSALMOS.
1649 315 1728 376 1002

76 466 237 545 spiritum
253 465 398 528 hominis
417 468 602 545 significat;
617 469 774 547 splendor
786 469 877 540 solis,
973 470 1206 544 Duodecimus,
1220 471 1427 548 amethystus
1440 473 1491 534 est
1505 470 1591 548 lapis
1607 487 1729 551 purpu·
1773 512 1776 517 .

76 565 231 626 divinam
258 565 468 642 sapientiam,
493 583 558 644 qua
583 567 726 643 amplius
754 567 877 644 fulget:
933 582 1011 628 reus
1037 569 1139 630 mixto
1163 569 1276 630 colore
1298 569 1409 637 violae,
1435 568 1467 630 et
1490 585 1588 638 rosae,
1610 571 1730 634 leviter

75 662 133 724 sed
162 679 233 724 non
260 662 405 740 perfecte
431 665 484 725 vel
507 664 632 737 divina,
653 665 708 726 vel
733 666 879 725 humana
933 664 1094 740 quasdam
1123 666 1274 728 flammas
1305 666 1449 742 desuper
1478 667 1663 729 effundens.
1692 673 1728 730 ln

74 761 246 837 sapientia
269 762 368 827 lucet,
396 762 462 822 nisi
484 762 641 839 operibus
666 764 879 824 consumetur
933 777 1093 838 purpura,
1110 779 1183 840 quae
1199 766 1249 824 est
1264 765 1368 824 sestis
1382 764 1483 840 regis,
1500 764 1653 840 signatur
1667 782 1731 828 coe·

73 858 212 934 politis3
228 858 722 937 dequibusangulisllpostolus
735 857 877 937 (licon,
933 858 1027 920 lestis
1042 860 1142 935 Regis
1162 860 1306 932 habitus,
1325 861 1358 922 et
1378 861 1539 937 angelicae
1559 864 1730 925 societatis

73 959 103 1024 7,
121 954 178 1033 11)
196 958 307 1017 :Ecce
336 957 424 1018 enim
446 956 510 1018 hoc
540 958 666 1033 ipsum,
697 956 878 1018 secundum
933 956 1152 1033 principatus,
1174 957 1216 1017 ad
1236 973 1333 1034 quem
1353 960 1485 1020 venturi
1503 961 1580 1020 sunt
1602 962 1728 1022 Sancti.

73 1056 183 1115 Deum
199 1053 404 1126 contristari,
420 1054 460 1114 de
474 1057 610 1131 peccato
625 1055 764 1124 scilicet,
777 1070 879 1131 quan·
932 1053 1030 1115 Viola
1065 1054 1224 1115 humilem
1262 1056 1459 1116 Sanctorum
1492 1058 1729 1119 verecundiam

73 1152 141 1213 tam
153 1152 190 1212 in
202 1151 298 1212 robis
315 1155 472 1228 operatur
487 1152 747 1214 sollicitudinem
763 1167 880 1213 emen·
933 1152 1096 1212 castitatis
1111 1152 1298 1227 signifieat:
1315 1155 1414 1223 Rosa,
1432 1154 1641 1229 martyrium,
1658 1155 1730 1216 sive

73 1248 282 1326 dandiquod
306 1248 522 1326 deliquimus3
539 1252 783 1323 defensionem,
800 1251 877 1327 quia
932 1248 1113 1324 pretiosam
1139 1252 1278 1310 mortem
1311 1264 1438 1322 eorum,
1471 1251 1528 1327 qui
1551 1252 1641 1313 inter
1664 1252 1729 1316 ad·

74 1345 131 1424 qui
156 1347 310 1422 poenitet,
325 1361 391 1407 non
407 1349 546 1409 excirsat
560 1363 611 1419 se,
627 1348 683 1408 sed
703 1348 879 1409 confltetur
932 1361 1031 1406 versa
1046 1346 1162 1407 saeculi
1178 1350 1265 1418 sunt,
1284 1349 1393 1408 mente
1407 1349 1518 1409 tamen
1534 1348 1569 1409 in
1585 1365 1725 1423 summo,

73 1445 265 1520 peccatum,
282 1445 368 1520 quod
391 1446 444 1506 est
463 1444 642 1506 defendere
664 1460 684 1505 a
706 1444 875 1520 gehenna,
932 1442 1071 1519 quinon
1088 1443 1245 1505 solumin
1261 1459 1308 1516 se,
1328 1441 1502 1506 sedetiam
1522 1446 1555 1505 in
1572 1461 1731 1522 persecu-

73 1541 354 1617 tndignottonem
376 1543 491 1603 contra
519 1558 581 1603 nos
609 1541 650 1603 ob
676 1542 780 1614 mala,
804 1558 878 1619 quaa

72 1639 256 1715 gessimus,
273 1640 461 1715 respuendo
485 1640 673 1717 peccatum;
703 1641 875 1712 timorem,

73 1751 115 1798 ne
130 1736 169 1796 in
197 1735 313 1797 futuro
334 1737 401 1798 tale
426 1736 504 1814 quid
527 1737 717 1812 contingam
740 1740 876 1799 deside-

72 1837 171 1895 rium
192 1834 231 1894 in
252 1832 373 1895 melius
388 1834 538 1910 provehi,
557 1834 724 1896 desiderat
736 1835 824 1894 enim
840 1851 876 1896 se

74 1931 264 1993 reformare
296 1931 459 1993 bonorum
492 1947 630 2009 operum
660 1931 874 2009 perfectione,

73 2029 129 2106 qui
145 2029 309 2105 poenitet3
325 2031 580 2092 inmutationem
591 2029 772 2102 bonorum3
794 2033 876 2091 cin-

71 2129 232 2188 dtctam:
247 2126 303 2203 qui
329 2126 418 2188 enim
441 2126 589 2204 poenitet,
613 2126 762 2190 vindicat
785 2127 876 2188 inse

72 2224 163 2301 quod
178 2223 332 2301 deliquit.

44 2329 50 2338 ’
110 2323 248 2396 Nonus,
263 2315 414 2399 topazius
435 2321 540 2394 aurei,
557 2322 591 2383 et
603 2320 739 2384 aetherei
754 2322 875 2384 coloris

72 2419 134 2480 est
153 2420 239 2478 Cum
260 2417 437 2495 splendore
457 2418 608 2496 tangitur
629 2419 721 2491 solis,
741 2422 876 2495 superat

72 2531 212 2577 omnem
230 2531 435 2591 gemmarum
460 2516 662 2591 claritatem
689 2518 785 2578 etesi
797 2515 875 2577 talis

76 2615 225 2685 naturae,
253 2613 350 2690 quod,
379 2614 408 2674 si
437 2613 594 2690 poliatur,
622 2613 825 2686 obfuscatur,
846 2615 875 2675 si

71 2727 142 2773 suae
168 2712 302 2771 naturae
324 2711 545 2788 relinquatur,
563 2710 687 2771 clarius
711 2709 872 2787 relulget;

71 2807 872 2885 etsignificatuirumsanctumcontemplativum,

71 2905 179 2984 quisi
205 2905 351 2983 poliatur
365 2904 559 2980 honoribus,
587 2906 620 2968 et
643 2905 872 2983 dignitatibus,

70 3003 286 3075 obscuratur,
303 3004 380 3081 qula
396 3002 510 3064 saeculi
532 3004 685 3066 contactu
705 3019 794 3081 saepe
819 3004 875 3065 vi·

69 3102 171 3165 lescit
188 3123 197 3162 :
213 3101 301 3163 unde
316 3100 631 3178 non'potestaliquis
644 3102 742 3162 simul
759 3102 874 3163 saeculi

71 3198 261 3262 honoribus
280 3200 408 3274 augeri,
432 3200 465 3261 et
478 3198 659 3277 tranquilla
674 3200 783 3261 mente
798 3200 874 3261 coeli

71 3298 199 3375 gandia
216 3297 350 3359 intueri.

109 3395 283 3462 Decimus,
311 3395 553 3472 chrysoprasus
588 3393 707 3455 viridis
743 3394 804 3466 est,
841 3395 874 3456 et

69 3508 187 3555 aureae
197 3492 352 3554 mixturae
362 3491 558 3568 quibusdam
572 3491 747 3578 purpureis
757 3490 870 3567 guttis,

69 3592 103 3653 et
128 3589 263 3664 aureis3
290 3591 323 3651 et
349 3589 517 3665 significat
545 3605 619 3660 eos,
648 3589 705 3667 qui
724 3590 871 3652 virorem

69 3690 211 3751 aeternae
234 3685 352 3764 patriae
376 3685 516 3747 caritate
542 3687 723 3758 merentur,
744 3689 777 3748 et
796 3687 873 3748 aliis

69 3800 259 3862 purpuram
272 3783 425 3860 martyrii
435 3783 633 3858 ostendunt3
646 3784 734 3844 unde
744 3784 779 3844 in
790 3789 874 3861 Apo

67 3881 202 3961 calypsi
217 3879 282 3960 (10,
299 3878 331 3958 1)
347 3901 355 3941 e
369 3881 415 3942 Et
428 3883 494 3942 tris
508 3882 587 3942 erut
604 3882 764 3955 incapite
778 3884 871 3954 eitam

68 3982 102 4042 et
114 3981 152 4040 in
163 3978 402 4041 Ecclesiastico
418 3975 483 4058 (50,
499 3980 518 4039 8
532 3980 566 4040 et
576 3976 610 4057 7)
626 3999 635 4037 ι
652 3979 756 4044 Quasi
768 3993 873 4041 urens

67 4080 251 4152 resmgens
264 4076 358 4137 tuter
371 4079 520 4148 nebulas,
536 4078 587 4137 stc
600 4061 674 4150 tps'e
687 4077 872 4152 remmtttn

67 4176 200 4250 tempto
214 4176 334 4250 prome
352 4175 423 4234 Det.
722 4250 725 4251 ⁷

109 4270 330 4343 Undecimus,
347 4269 548 4347 hyacinthus
568 4286 643 4331 cum
658 4285 736 4331 aere
752 4285 871 4332 sereno

66 4384 226 4440 serenus,
248 4384 323 4430 cnm
339 4367 481 4429 obscuro
496 4366 656 4429 obscurus
669 4389 676 4441 ;
694 4369 727 4430 et
741 4367 872 4444 signill-

65 4468 123 4529 cat
151 4466 288 4527 sanctos
315 4464 466 4526 doctores
494 4463 535 4524 ad
560 4464 628 4526 alta
650 4464 789 4537 levatos,
813 4465 869 4526 sed

65 4565 211 4643 propter
224 4561 375 4624 infirmos
398 4561 648 4635 descendentes,
675 4563 711 4623 ut
732 4562 868 4634 Paulus,

66 4664 127 4741 qui
159 4660 316 4721 dicebat:
339 4661 555 4735 Sapientiam
578 4662 751 4733 loquimur
777 4660 871 4721 inter

60 4759 243 4837 perfectos
261 4755 324 4838 (1);
341 4760 380 4818 Et
398 4778 405 4816 :
425 4760 507 4824 Quis
524 4757 739 4829 insinuantur,
759 4758 792 4819 et
808 4771 870 4833 epo

64 4872 140 4920 non
153 4858 316 4930 infirmor
331 4853 378 4934 (2)
390 4856 402 4915 l
416 4855 455 4915 nt
465 4853 547 4914 illud
561 4876 568 4913 ε
582 4856 743 4916 Omnibus
753 4858 871 4916 omino

62 4955 187 5032 sactus
206 4968 296 5029 sulm,
312 4953 352 5013 ut
374 4966 492 5014 omnes
512 4953 666 5035 facerem
679 4958 792 5014 salvos
808 4950 868 5031 (3).

63 5053 128 5114 Isti
143 5051 224 5112 sunt
237 5049 361 5125 signati
371 5065 433 5137 per
445 5036 578 5110 sanctos
592 5049 736 5124 Angelos
751 5064 871 5110 ascen-

63 5148 200 5221 dentes,
225 5148 259 5208 et
280 5146 518 5208 descendentes
540 5160 600 5223 per
614 5147 737 5207 scalam
754 5146 868 5219 Jacob,

62 5246 162 5308 sicut
193 5243 378 5322 majoribus
413 5245 552 5320 majora,
590 5241 774 5303 minoribus
806 5244 871 5319 mi·

43 5425 49 5434 ¹
63 5357 158 5406 nora
179 5340 410 5418 praedicantes,
427 5341 461 5402 et
473 5340 556 5419 ipsis
572 5339 715 5401 inllrmis
731 5356 869 5417 compa-

62 5440 205 5504 tientes.

102 5574 132 5643 (l
171 5571 260 5630 lCor.
274 5570 302 5638 2,
316 5569 343 5627 6.

104 5643 139 5714 (Ξ
171 5643 196 5700 ll
211 5642 274 5701 Cor.
288 5641 330 5709 ll,
347 5641 393 5698 ii.

933 1540 1021 1600 tores
1034 1539 1202 1602 llammam
1213 1541 1366 1602 caritatis
1377 1541 1564 1614 effundunt,
1577 1558 1636 1619 pro
1647 1544 1730 1621 ipsis

932 1636 1070 1708 orando,
1096 1638 1130 1699 et
1156 1653 1272 1699 eorum
1297 1639 1440 1701 salutem
1467 1640 1627 1714 curando,
1655 1657 1730 1719 quse

932 1734 983 1795 est
998 1735 1104 1796 virtus
1119 1735 1295 1810 virtutum3
1314 1737 1401 1797 unde
1415 1738 1451 1797 in
1466 1737 1533 1798 illis
1546 1737 1730 1800 beatitudi-

932 1831 1043 1904 nibus,
1070 1848 1143 1909 quae
1166 1835 1385 1895 numerantur
1405 1834 1441 1895 in
1463 1835 1632 1921 Matthaeo,
1658 1835 1728 1897 illis
1805 1826 1807 1834 ’

931 1929 1014 1990 solis
1051 1945 1191 2005 regnum
1229 1931 1433 2007 promittitur
1467 1931 1639 2007 coelorum,
1671 1932 1729 2011 qui

931 2025 1038 2102 primo
1052 2026 1177 2089 habent
1191 2028 1345 2104 spiritum
1361 2030 1579 2105 paupertatis,
1594 2035 1628 2092 et
1642 2031 1723 2101 illis,

930 2122 991 2200 qui
1015 2125 1151 2202 propter
1171 2125 1338 2202 Justitiam
1367 2126 1541 2203 patiuntur
1568 2144 1727 2205 persecu-

929 2219 1067 2282 tionem.

1187 2400 1327 2462 SERMO
1349 2401 1470 2463 CLXV.

965 2537 1006 2593 lle
1019 2536 1138 2595 mortuis
1152 2537 1181 2594 in
1200 2541 1335 2610 peccatis,
1350 2540 1429 2599 etde
1444 2540 1564 2599 medicis
1577 2555 1687 2612 eorum,

1097 2626 1206 2685 scilicet
1220 2628 1383 2686 carnalibus
1395 2629 1554 2688 aflectibus.

928 2763 1104 2834 Numquid
1131 2762 1280 2823 mortuis
1302 2764 1409 2837 foetes
1437 2766 1612 2826 nitroln'tto
1632 2780 1644 2824 .·
1663 2767 1725 2827 ctat

967 2860 1725 3035 fflwffffbm'etmutemurmm

1066 2999 1074 3015 .
1133 2999 1141 3028 ,
1199 2999 1207 3016 .

967 3099 1088 3175 arguit
1109 3115 1170 3161 nos
1186 3099 1351 3162 sententia
1371 3100 1447 3173 ista,
1468 3101 1544 3162 ideo
1564 3101 1650 3177 quod
1667 3118 1726 3164 co-

928 3210 1000 3255 ram
1012 3196 1108 3257 nobis
1123 3196 1204 3258 lacit
1213 3200 1301 3258 Deus
1312 3196 1486 3272 miracula,
1499 3197 1555 3258 sed
1569 3199 1725 3261 videntur

927 3306 1003 3353 esse
1028 3291 1116 3353 iacta
1145 3307 1258 3353 coram
1286 3294 1438 3365 mortuis,
1466 3294 1500 3355 et
1524 3295 1602 3356 sunt
1625 3293 1722 3355 nobis

927 3389 1023 3467 quasi
1043 3389 1117 3465 lyra
1137 3389 1245 3461 asino,
1266 3406 1341 3451 cum
1363 3405 1430 3452 non
1450 3386 1643 3452 moveamur
1664 3407 1725 3467 per

928 3502 983 3561 ea;
1001 3486 1088 3548 unde
1104 3486 1330 3549 Ecclesiastici
1346 3486 1411 3565 (17,
1426 3487 1501 3567 26):
1518 3505 1536 3548 e
1551 3493 1578 3548 A
1591 3491 1722 3552 mortuo

927 3583 1023 3660 quasi
1047 3583 1144 3656 nihil,
1168 3585 1254 3661 perit
1275 3584 1491 3659 consessim»
1515 3585 1549 3646 et
1573 3585 1723 3648 Michaeas

928 3678 971 3761 (l,
990 3683 1028 3742 10
1042 3682 1075 3743 at
1090 3679 1142 3761 11)
1160 3703 1167 3741 :
1190 3700 1208 3743 c
1229 3683 1265 3742 In
1281 3682 1364 3743 Geth
1385 3681 1487 3744 nolite
1501 3682 1720 3755 annunciare,

928 3779 1086 3856 lacrymis
1101 3795 1144 3840 ne
1164 3778 1312 3855 ploretis,
1333 3779 1441 3840 sedin
1462 3780 1559 3841 domo
1574 3780 1723 3857 pulveris

926 3892 986 3938 vos
999 3876 1168 3953 aspergite
1177 3874 1237 3955 (4).
1252 3878 1293 3938 nt
1302 3877 1442 3939 transite
1452 3876 1546 3938 vobis
1558 3877 1723 3941 habitatio

926 3974 1079 4050 pulchra,
1101 3973 1239 4035 confusa
1261 3973 1492 4050 ignominia.»
1511 3975 1596 4037 Geth
1615 3977 1724 4037 iuter-

926 4071 1077 4149 pretatur
1101 4071 1260 4143 torcular,
1290 4072 1324 4133 et
1349 4071 1519 4148 significat
1546 4071 1637 4145 illos,
1665 4074 1722 4151 qui

927 4169 1004 4229 sunt
1029 4168 1179 4230 torcular
1213 4168 1428 4245 pupillorum,
1465 4168 1498 4230 et
1531 4168 1719 4242 viduarum,

926 4265 1045 4343 quibus
1072 4280 1138 4326 non
1165 4267 1215 4327 est
1238 4265 1464 4327 nunciandum
1487 4265 1625 4327 verbum
1650 4268 1720 4327 Do-

925 4363 1019 4435 mini,
1035 4378 1143 4440 neque
1161 4361 1258 4423 fletus
1278 4363 1328 4423 eis
1348 4362 1595 4439 proponendus,
1612 4362 1669 4424 sed
1686 4363 1720 4425 ln

925 4460 1022 4521 domo
1037 4459 1196 4537 pulveris,
1214 4459 1394 4531 idestillis,
1411 4460 1518 4537 quiin
1539 4460 1639 4523 corde
1660 4477 1721 4524 suo

925 4558 1131 4632 cognoscunt
1156 4572 1193 4618 se
1218 4557 1404 4634 pulverem,
1431 4557 1636 4621 etcinerem
1661 4576 1725 4636 per

924 4653 1159 4716 humilitatem.

964 4752 1155 4828 Sequitur:
1187 4754 1256 4814 Aut
1280 4756 1406 4815 mediet
1434 4755 1661 4827 suscitabunt,
1686 4756 1722 4817 et

924 4849 1177 4922 confitebuntur
1202 4851 1281 4913 ttotr
1311 4852 1433 4913 Medici
1459 4854 1537 4913 suut
1564 4852 1722 4913 carnales

924 4946 1075 5014 affectus,
1087 4947 1143 5024 qui
1155 4963 1325 5026 nunquam
1336 4950 1482 5009 animam
1494 4947 1716 5024 suscitabunt3

924 5045 957 5106 et
979 5043 1054 5105 ideo
1079 5043 1236 5106 dicuntur
1261 5044 1392 5116 medici,
1420 5045 1498 5122 quia
1523 5044 1652 5120 lingunt
1682 5061 1719 5121 se

924 5157 1000 5202 esse
1014 5140 1172 5214 medicos,
1188 5141 1337 5203 dicentes
1356 5161 1364 5200 ε
1385 5156 1451 5201 non
1472 5155 1648 5217 possumus
1662 5142 1719 5202 vi-

924 5238 1042 5314 gilare,
1065 5238 1144 5315 quia
1163 5238 1393 5300 debilitaretur
1406 5237 1524 5299 visus:
1544 5251 1611 5299 non
1629 5241 1724 5317 jeju·

925 5351 1018 5407 nare,
1035 5336 1113 5412 quia
1136 5334 1383 5396 incurreremus
1408 5335 1624 5411 aegritudines
1642 5351 1720 5399 cor·

925 5433 1032 5509 poris;
1054 5435 1087 5492 et
1110 5432 1311 5508 hujusmodi.
1337 5431 1396 5493 Isti
1419 5433 1496 5494 sunt
1519 5433 1651 5506 medici,
1673 5434 1718 5513 'de

974 5562 1004 5629 3)
1024 5563 1036 5618 l
1052 5561 1114 5619 Cor.
1126 5561 1154 5629 9,
1165 5561 1210 5620 ii.

973 5633 1003 5702 b)
1019 5630 1125 5705 vulg:
1143 5633 1259 5707 pulvere
1273 5648 1326 5690 vos
1340 5632 1533 5705 conspergite.
