3950 6200
1691 391 1752 453 910

109 396 169 457 909
489 396 597 458 Palis
625 398 827 460 eitius-
845 395 1065 459 nieosl'rlo
1094 394 1140 455 IN
1169 393 1371 456 PSALMOS.

106 557 167 617 dus
175 571 295 618 carcer
304 554 426 633 estqui
438 551 562 619 dicitur
574 556 771 636 iniquitatis,
785 555 827 619 de
837 573 902 635 quo
956 569 1035 619 rare
1047 552 1224 615 Dominum
1238 554 1354 614 natum
1366 551 1401 613 in
1416 552 1609 614 Bethlehem
1619 550 1750 631 (Mattb.

106 652 280 731 lsaiae(d2‚
296 652 330 732 1)
348 676 355 714 :
371 671 390 714 c
405 654 495 716 Educ
507 655 655 719 vinctum
673 654 721 734 (1)
741 655 782 717 de
804 656 902 716 domo
955 655 985 722 2,
1005 652 1074 712 tad
1091 649 1161 729 11):
1176 650 1238 711 Sed
1253 651 1404 711 videmus
1412 650 1632 726 spiritualiter
1646 649 1755 710 adim-

104 752 254 812 oarceris
282 751 450 813 sedentem
479 752 515 812 in
540 751 698 823 tenebris,
726 757 760 817 et
786 751 901 813 umbra
957 749 1040 826 pleri
1054 748 1089 809 in
1104 748 1263 808 Ecclesia.
1281 751 1421 809 Tbcrsis
1440 748 1678 824 interpretatur
1693 764 1755 808 ex-

103 849 223 910 mortis
249 865 279 908 ».
306 848 480 925 iniquitas,
504 851 537 911 et
560 853 731 926 peccatum
756 848 901 911 tenebrae
956 845 1101 927 ploratio
1118 844 1244 923 gaudii,
1262 845 1315 905 rel
1337 842 1512 921 dissipatio
1537 845 1675 922 speculi,
1700 845 1753 906 vel

104 947 194 1016 sunt,
209 945 449 1007 cordisoculos
464 945 692 1019 obscurantes,
707 950 744 1009 ut
766 962 831 1007 non
851 945 904 1008 vi·
956 941 1293 1020 dissipatiospeculae.
1306 943 1481 1017 Speculum
1494 942 1581 1004 istud
1597 943 1646 1003 est
1657 958 1753 1004 sacra

104 1042 334 1104 deantverum
352 1042 476 1103 lumen.
491 1043 654 1105 Dicuntur
667 1044 770 1105 etiam
786 1043 901 1104 umbra
956 1040 1142 1115 Scriptura,
1161 1038 1194 1100 in
1215 1055 1280 1116 qua
1299 1038 1397 1100 debet
1409 1055 1446 1100 se
1459 1039 1556 1100 bomo
1570 1040 1750 1115 speculari,

105 1139 237 1211 mortis,
254 1139 333 1216 quia
356 1141 442 1202 sicut
462 1139 578 1201 umbra
594 1140 809 1202 continuatur
822 1156 901 1201 cor·
957 1136 1116 1198 utvideat
1130 1137 1164 1196 in
1180 1151 1219 1197 eo
1234 1136 1461 1198 immunditias
1472 1137 1507 1196 in
1518 1135 1615 1208 facie,
1628 1138 1691 1198 hoc
1702 1138 1753 1198 est

104 1237 190 1312 pori,
203 1237 252 1298 ita
266 1252 356 1298 mors
374 1239 535 1315 perpetua
556 1237 668 1314 impiae
689 1238 824 1299 actioni.
846 1239 902 1299 Est
956 1233 1051 1308 vitia,
1067 1234 1101 1295 et
1115 1249 1202 1311 aqua
1217 1233 1441 1310 lacrymarum
1456 1235 1564 1310 tergat
1576 1249 1649 1309 eas;
1666 1233 1751 1312 quod

104 1334 183 1395 item
194 1333 338 1411 abyssus
350 1334 444 1395 lacus
453 1334 589 1404 inserui,
604 1335 717 1413 dequo
730 1335 901 1396 Zachariae
956 1346 1024 1393 non
1037 1329 1147 1402 saciet,
1165 1330 1195 1392 si
1209 1330 1381 1406 speculum
1405 1331 1537 1406 frangit,
1555 1335 1588 1392 et
1603 1332 1752 1409 dissipat.

104 1429 215 1509 (e,11)
229 1447 237 1486 :
251 1449 270 1491 ‹
285 1434 335 1492 Tu
345 1447 475 1509 quoque
488 1432 522 1492 in
537 1432 700 1507 sangnine
712 1432 901 1494 testamenti
956 1427 1118 1500 Clericus,
1138 1428 1193 1509 qui
1209 1427 1250 1488 ad
1266 1427 1489 1503 praebendam,
1504 1428 1557 1488 rel
1572 1428 1675 1491 alium
1691 1429 1754 1489 ho-

103 1529 153 1588 tui
165 1528 310 1590 emisisti
323 1529 452 1590 vinctos
464 1530 539 1590 tuos
551 1528 593 1590 de
605 1529 691 1599 lacu,
705 1529 742 1589 in
754 1545 819 1605 quc
834 1545 901 1591 non
954 1540 1072 1589 norem
1096 1524 1289 1596 anhelabat
1307 1526 1525 1602 quodcunque
1540 1526 1655 1587 mundi
1670 1542 1754 1603 gau-

102 1627 155 1686 est
179 1640 283 1701 aqua,
299 1625 386 1691 idest
404 1625 617 1702 refrigerium
639 1627 768 1701 gratiae,
784 1628 817 1688 et
835 1642 902 1703 pax
956 1621 1049 1682 dium
1063 1622 1199 1699 appetit,
1222 1622 1276 1683 vel
1293 1622 1457 1699 explorat,
1474 1624 1594 1684 similis
1616 1624 1666 1685 est
1687 1623 1751 1685 lio·

101 1719 227 1795 qnietis
241 1722 387 1783 aeternae.
404 1723 464 1783 Hae
479 1723 558 1782 sunt
574 1720 698 1799 abyssi,
719 1721 760 1783 de
781 1722 901 1799 quibus
955 1719 1051 1793 mini,
1068 1718 1108 1779 de
1124 1735 1188 1795 quo
1201 1719 1283 1780 dicit
1304 1718 1449 1781 lacobus
1470 1718 1514 1796 (1,
1529 1722 1569 1780 23
1582 1719 1681 1799 θ124)
1697 1722 1753 1785 :Si

101 1816 186 1879 dicit
210 1817 376 1893 Propheta
397 1839 405 1878 z
428 1819 474 1879 Et
493 1821 535 1879 de
555 1820 687 1892 abyssis
708 1820 816 1881 terrae
836 1821 903 1881 tte·
956 1814 1031 1892 quis
1054 1814 1188 1877 auditor
1214 1818 1266 1877 est
1286 1815 1392 1890 verbi,
1413 1820 1446 1877 et
1470 1832 1537 1877 non
1558 1816 1674 1891 iactor,
1698 1817 1753 1879 bic

102 1930 186 1976 mm
200 1916 376 1976 redimisti
389 1929 456 1976 me.
956 1912 1206 1989 comparabitur
1220 1912 1294 1974 viro
1307 1914 1533 1975 consideranti
1547 1915 1673 1975 vultum
1689 1930 1753 1975 na-

142 2012 303 2087 Sequitur
321 2032 329 2071 :
345 2012 582 2085 mutiplicasti
607 2013 902 2090 amanilicenttom
954 2008 1750 2095 tivitatissuaeinspeculo,consideravitenimset

102 2110 214 2178 tuom,
240 2107 290 2169 sic
306 2108 435 2170 scilicet
457 2110 639 2187 operando.
661 2112 699 2171 In
723 2110 786 2172 boc
811 2111 900 2173 enim
954 2106 1086 2178 etabiit,
1095 2107 1128 2169 et
1139 2107 1253 2169 statim
1263 2106 1387 2169 oblitus
1398 2110 1460 2180 est,
1470 2109 1580 2186 qualis
1591 2108 1754 2183 fuerit3et

100 2204 254 2282 apparet,
281 2205 368 2282 quod
392 2221 534 2283 magnus
562 2207 618 2279 sit,
647 2207 726 2284 quia
752 2209 802 2269 sic
822 2224 901 2285 pro·
954 2198 1144 2280 hujusmodi
1154 2219 1219 2265 non
1235 2206 1313 2267 sunt
1325 2205 1478 2281 bireges.
1495 2208 1552 2266 Est
1565 2206 1666 2267 etiam
1679 2206 1751 2282 ipsa

100 2301 160 2363 bat
187 2303 223 2363 et
252 2304 375 2374 serrat,
405 2303 517 2365 turbat
547 2305 580 2365 et
615 2304 719 2374 sedat,
750 2307 901 2369 carcerat
954 2314 1051 2361 sacra
1064 2301 1185 2378 pagina
1200 2301 1348 2378 specula,
1366 2302 1400 2362 in
1412 2318 1478 2383 qua
1492 2301 1589 2364 debet
1603 2304 1698 2379 quasi
1714 2304 1750 2365 in

101 2399 135 2460 et
149 2397 290 2473 liberai3
315 2400 402 2476 quod
424 2400 580 2472 ostendit,
597 2416 672 2477 cum
699 2400 780 2464 dicit
799 2403 898 2464 Psal-
954 2398 1096 2459 excubia
1123 2399 1201 2474 poni
1230 2402 1353 2475 Justus,
1378 2402 1416 2461 ut
1439 2400 1472 2461 in
1497 2400 1565 2461 alto
1584 2417 1644 2479 per
1667 2418 1751 2463 con-

101 2511 200 2555 mus:
217 2498 287 2558 «Et
305 2512 486 2559 conversus
498 2499 688 2560 consolatus
701 2515 739 2560 es
752 2515 824 2574 me;
837 2517 856 2559 a
867 2502 900 2563 et
953 2494 1202 2571 templationem
1231 2496 1371 2569 locatus,
1391 2512 1411 2557 a
1430 2497 1529 2572 longe
1552 2497 1615 2559 Sibi
1631 2499 1749 2575 1110111·

100 2591 164 2654 hoc
190 2593 368 2670 multiplici
394 2594 633 2665 consolatione,
654 2596 784 2658 scilicet
799 2613 807 2656 :
824 2598 899 2657 Eri·
953 2591 1063 2653 desta
1083 2592 1353 2668 persecutoribus
1372 2595 1537 2669 uenturis3
1553 2595 1640 2658 unde
1654 2599 1752 2660 Jere·

100 2689 223 2766 piendo
238 2706 259 2751 a
273 2691 452 2767 periculis;
475 2691 563 2753 unde
585 2692 671 2753 idem
690 2692 771 2755 alibi
791 2691 895 2771 (Psal.
952 2688 1028 2748 miae
1053 2687 1117 2765 (31,
1131 2690 1185 2767 21)
1207 2711 1215 2750 :
1236 2708 1254 2749 ‹<
1276 2692 1390 2752 Statue
1417 2692 1478 2754 tibi
1507 2693 1689 2770 speculum,
1717 2696 1750 2756 et

98 2788 150 2857 85,
167 2786 221 2865 17)
236 2809 244 2846 ε
258 2805 277 2848 s
290 2790 357 2849 Fac
370 2804 498 2849 mecum
519 2789 651 2864 signnm
663 2791 698 2851 in
711 2789 844 2863 bonum,
862 2795 898 2854 ut
952 2787 1325 2861 poneamaritudines.»
1339 2789 1402 2849 Sed
1413 2788 1477 2850 boc
1492 2790 1662 2866 speculum
1672 2791 1751 2851 diri·

100 2882 306 2961 videantqni
322 2899 374 2945 me
391 2884 543 2957 oderunt,
560 2888 593 2947 et
610 2887 895 2949 confundantur».
951 2884 1056 2949 munt,
1074 2886 1106 2944 et
1119 2884 1284 2961 dissipant
1296 2886 1410 2946 mundi
1426 2890 1604 2959 amatores,
1622 2890 1750 2950 ettam·

100 2981 893 3063 Insublevationetlagellorum3undelsaiae(40‚
951 2966 1747 3061 poralinmgaudiornm.Hinonsuntregesltegi

101 3081 162 3142 iet
173 3078 211 3158 2)
227 3099 245 3142 1
262 3079 504 3154 consolamini,
530 3080 751 3146 consolamini
776 3085 895 3161 popule
950 3092 1071 3154 magno
1086 3095 1225 3142 munera
1238 3080 1427 3142 offerentes.
1445 3081 1507 3143 Sed
1522 3082 1583 3156 illi,
1601 3083 1748 3159 quisunt

99 3192 206 3249 meus,
217 3177 393 3254 loquimini
409 3178 449 3239 ad
463 3178 894 3258 corJerusalem,qu0niam
950 3177 1188 3252 aeternigaudii
1202 3179 1440 3254 speculatores,
1456 3180 1513 3255 qui
1524 3180 1638 3239 mundi
1657 3197 1744 3242 vana

100 3273 263 3351 completa
273 3276 325 3335 est
336 3275 464 3337 malitia
476 3277 729 3352 ejus,»scilicet
743 3278 893 3352 afflictio,
948 3273 1072 3347 gaudia
1087 3276 1280 3350 supputant,
1304 3276 1338 3336 et
1356 3274 1478 3335 bonum
1508 3276 1678 3350 exaltant3
1703 3278 1744 3340 de

99 3373 132 3433 et
158 3372 239 3449 quia
262 3372 403 3447 reddita,
419 3374 452 3435 et
466 3390 485 3432 ‹
499 3373 637 3434 dimissa
661 3375 712 3437 est
734 3375 894 3453 iniquitas
949 3368 1069 3445 quibus
1080 3370 1235 3431 Salomon
1245 3372 1280 3431 in
1292 3371 1484 3432 Proverbiis
1495 3372 1558 3449 (20,
1569 3373 1740 3451 8):«Rex,

99 3468 232 3529 illius.»
248 3469 468 3531 consolamini
481 3471 582 3531 etiam
598 3470 633 3531 in
649 3470 808 3533 missione
824 3473 895 3549 Spi·
949 3466 1005 3543 11111
1021 3466 1114 3529 sedet
1133 3467 1168 3528 in
1191 3468 1742 3557 801101091011,1111111101110111111-

98 3565 181 3627 ritus
205 3566 320 3628 Sancti
338 3566 508 3629 Paracliti.
525 3568 607 3628 Cum
626 3569 713 3629 enim
735 3571 894 3632 Dominus
949 3565 1112 3640 petomne
1135 3565 1258 3626 malum
1274 3582 1293 3626 a
1310 3587 1317 3626 :
1332 3566 1374 3627 Hi
1387 3570 1464 3629 sunt
1479 3582 1575 3644 reges
1589 3568 1738 3643 tharsis,

98 3661 251 3725 sublevat
277 3663 429 3739 flagella,
456 3680 475 3724 1
498 3665 662 3741 completa
689 3667 741 3728 est
766 3666 893 3728 malitia
948 3662 1124 3724 etlnsulae·

99 3759 324 3835 ejusazidost
338 3759 487 3831 afflictio,
505 3761 542 3821 in
559 3761 759 3826 conserendo
782 3765 892 3840 spiri-
986 3758 1101 3820 Insula
1122 3759 1157 3820 iu
1182 3759 1290 3821 medio
1312 3761 1398 3822 mari
1422 3762 1541 3838 posita,
1562 3764 1598 3825 in
1624 3765 1743 3828 mediis

99 3859 166 3917 tum
185 3857 413 3931 Paraclitum3
435 3858 523 3919 unde
545 3858 669 3938 (ioan,
682 3862 731 3931 16,
743 3859 778 3938 1)
795 3862 891 3924 :Nisi
946 3854 1104 3917 fiuctibus
1117 3860 1186 3919 stat
1199 3859 1323 3934 quieta,
1339 3859 1374 3920 iu
1385 3862 1608 3923 amaritudine
1623 3863 1742 3937 dulcis,

98 3968 158 4030 ego
172 3953 299 4025 abiero,
317 3955 503 4016 Paraclitus
516 3971 583 4018 nou
598 3956 813 4020 venietrobis
824 3957 889 4038 (2):
946 3954 1022 4013 etin
1038 3953 1111 4029 ipso
1123 3955 1225 4016 maris
1241 3955 1357 4017 foetore
1370 3958 1549 4020 odorifera.
1564 3963 1615 4022 ita
1629 3964 1742 4038 justus

99 4051 126 4111 si
141 4053 252 4113 autem
268 4051 394 4123 abiero,
412 4053 539 4115 mittam
551 4070 626 4115 enm
638 4055 679 4115 ad
696 4071 766 4116 vos.
946 4050 981 4110 in
1004 4051 1112 4112 medio
1136 4053 1252 4114 mundi
1271 4054 1365 4126 situs,
1392 4054 1428 4115 in
1453 4058 1742 4133 persecutionibus

946 4150 1012 4210 stat
1025 4149 1192 4224 immotus,
1205 4150 1240 4210 in
1254 4150 1412 4212 vitiorum
1428 4154 1652 4216 amaritudine
1665 4172 1741 4218 ser·

945 4246 1002 4309 rat
1025 4246 1233 4308 dulcedinem
1257 4249 1482 4321 conscientiae,
1508 4254 1542 4311 et
1563 4252 1598 4312 in
1621 4254 1739 4316 lentore

945 4339 1060 4406 mnndi
1073 4361 1139 4406 non
1155 4344 1264 4421 perdit
1282 4345 1417 4406 odorem
1433 4346 1528 4409 bonae
1548 4349 1655 4412 ramae.
1675 4354 1737 4425 Qui

943 4442 1029 4502 tales
1042 4443 1130 4515 sunt,
1147 4443 1213 4502 Deo
1236 4441 1380 4505 offerunt
1397 4458 1547 4505 munera.
1565 4448 1626 4518 Qui
1650 4450 1738 4512 enim

944 4541 995 4600 est
1016 4554 1079 4599 rex
1105 4538 1239 4611 Insulae,
1262 4538 1360 4601 offert
1388 4543 1455 4602 Deo
1479 4540 1584 4605 lilium
1612 4545 1739 4611 devotae

257 4293 262 4304 “
297 4328 468 4390 senno
499 4328 656 4390 carmi.

97 4468 126 4523 ln
138 4466 185 4524 die
197 4464 378 4539 Epiphania,
396 4465 433 4523 de
446 4466 535 4524 tribus
554 4467 682 4541 Regibus
705 4468 890 4527 offerentibus

396 4555 587 4614 triamunere.
633 4607 637 4616 ,

96 4689 203 4765 Repes
214 4690 365 4756 Tharais,
378 4688 411 4748 et
423 4691 552 4748 insulta
561 4705 710 4750 minitere
720 4691 888 4765 offerent:

131 4786 416 4861 Repesnraeom,
434 4785 467 4844 el
482 4787 580 4856 Sabo,
599 4788 688 4847 dolio
708 4790 886 4850 oddzrcenl.

132 4882 238 4962 (Psal.
254 4880 385 4960 71‚10.)
602 4885 604 4892 ’

131 5025 222 5089 Istud
237 5025 278 5086 ad
294 5025 441 5087 litteram
456 5025 580 5087 scimus
598 5024 733 5098 iactum,
748 5043 822 5089 cum
837 5029 886 5091 illi

93 5123 158 5185 tres
182 5126 280 5199 Mopt
295 5127 462 5185 venerunt
490 5139 564 5184 cum
590 5123 784 5185 muneribus
805 5127 888 5187 ado-

126 5291 168 5360 (1)
178 5290 265 5363 vulg.
282 5306 289 5345 :
303 5290 337 5346 Et
351 5287 488 5345 educeres
499 5288 535 5346 de
550 5289 734 5347 conclusione
747 5291 885 5364 vinctum,

93 5358 127 5416 de
138 5360 224 5417 domo
235 5358 361 5417 carceris
372 5358 505 5417 sedentes
519 5361 547 5417 iu
562 5359 696 5417 tenebris.

126 5432 167 5498 (2)
183 5431 270 5503 vulg.
284 5429 320 5486 ed
335 5444 397 5488 vos.

125 5501 259 5574 (dudem
284 5503 620 5559 concorporantem
645 5501 771 5568 Devidis,
799 5518 884 5576 quem

92 5572 186 5646 rapi
207 5571 292 5638 liutb,
311 5584 339 5628 v.
360 5571 406 5638 22,
422 5571 546 5671 Vulgata
563 5587 628 5628 cum
643 5573 732 5662 textu
755 5572 840 5655 liebr.
856 5581 885 5630 et

92 5640 831 5791 lelll‘liltlnlittilnitentia:
857 5652 885 5784 l}

943 4634 1169 4709 conscientiae,
1186 4635 1271 4713 quod
1285 4638 1336 4698 est
1356 4637 1447 4699 salus
1474 4642 1557 4716 ejus.
1582 4644 1661 4705 inde
1689 4649 1739 4708 est

943 4732 1029 4810 quod
1042 4736 1148 4805 iesse,
1165 4735 1198 4794 et
1217 4734 1283 4795 lsai
1297 4734 1382 4796 idem
1402 4751 1523 4799 nomen
1546 4744 1623 4803 sunt
1633 4741 1692 4820 (3),
1705 4746 1739 4805 et

942 4830 983 4892 sd
1001 4832 1063 4892 boc
1078 4834 1303 4908 competenter
1317 4833 1453 4897 iaciunt.
1470 4840 1567 4898 lesse
1579 4839 1667 4898 enim
1683 4840 1737 4900 in·

942 4930 1146 5006 terpretatur
1168 4929 1399 4992 holocaustum
1422 4933 1735 5009 Insulae318ai,sa-

942 5025 994 5087 lus
1011 5027 1170 5088 meabile
1187 5029 1320 5105 quidem
1345 5045 1464 5089 munus
1489 5031 1609 5092 Insulae
1625 5034 1733 5110 offert,

942 5124 1028 5201 quod
1041 5127 1108 5186 Deo
1116 5128 1248 5200 gratum
1259 5130 1320 5196 est,
1330 5126 1386 5203 qui
1398 5126 1628 5206 holocaustum
1637 5131 1735 5196 offert

940 5305 1016 5348 vero.
1038 5291 1089 5349 ba
1112 5293 1246 5364 Vulgata,
1269 5294 1379 5360 Graeca,
1405 5301 1435 5350 et
1453 5294 1575 5353 Arabica
1599 5299 1730 5357 nonlice-

941 5369 1000 5420 tum
1023 5365 1108 5430 11111,
1130 5364 1244 5437 Syriaca
1257 5371 1285 5420 et
1305 5365 1624 5424 Persicae-dicuntlsoi.
1640 5372 1732 5430 Unum

940 5447 1021 5506 ergo,
1037 5433 1170 5505 idemque
1182 5449 1248 5490 esse
1264 5449 1368 5490 nomen
1390 5434 1521 5493 videntur
1535 5439 1595 5494 lsai
1606 5447 1635 5496 et
1646 5442 1731 5502 iesse.

940 5504 1046 5560 Verum
1061 5505 1159 5562 illoesa
1175 5505 1236 5560 ord,
1251 5505 1341 5561 inloc.
1358 5506 1404 5562 cit.
1420 5505 1518 5564 Mattb.
1538 5524 1623 5580 quam
1643 5511 1730 5585 Lyre·

940 5587 995 5630 nus
1008 5577 1144 5647 sequitur,
1162 5576 1248 5631 Potor
1268 5576 1368 5645 David,
1387 5578 1436 5644 eit,
1452 5580 1554 5648 sepias
1568 5582 1733 5642 coiciuntur

939 5644 1067 5712 11111111
1085 5646 1222 5702 dinanius
1234 5646 1300 5717 soit.
