3950 6200
154 404 211 464 aas
530 404 637 467 rans
669 403 1181 466 rarua.-nxroS1rroru
1212 406 1415 468 rsanuos.
1465 380 1467 383 ’
1732 409 1792 473 sac

145 562 304 626 dicendo:
329 564 469 641 Vigilate
484 567 598 627 contra
614 565 794 637 diabolum,
810 564 843 626 et
855 578 937 627 ora»-
994 563 1076 625 ritas
1090 564 1263 642 religionis
1278 566 1488 640 christianam
1504 569 1538 630 et
1557 568 1632 641 boc,
1649 570 1790 633 exordio

145 663 185 732 te,
203 676 247 722 ne
272 662 414 723 intretis
431 665 467 723 tit
483 663 709 725 tentationem
720 661 865 742 (Mattb.,
884 664 934 732 26,
994 661 1226 724 delectationis
1241 665 1349 726 malae.
1362 665 1455 727 Unde
1472 665 1506 726 in
1521 667 1635 728 Exodo
1651 667 1715 744 (io,
1730 669 1764 747 3)
1780 691 1788 728 :

143 757 204 837 tl).
229 759 362 821 Dicitur
388 759 551 837 siquidem
580 760 615 821 in
642 762 755 822 Marco
770 760 936 821 Christum
994 776 1012 818 ‹
1027 761 1093 821 Cur
1107 760 1240 822 induxit
1255 779 1315 824 uos
1330 762 1489 824 Dominus
1502 764 1538 824 iu
1553 763 1733 838 desertum,
1751 768 1793 828 ut

142 857 321 918 dormiisse
344 861 382 919 tn
412 861 522 932 puppi
546 874 653 933 scepei·
681 862 845 929 cernebat·
879 873 938 934 per
994 872 1054 917 nos
1067 857 1236 920 occideret
1247 858 1436 923 tameialta
1451 861 1792 925 criminatordelicio-

142 954 227 1031 quod
254 955 353 1017 datur
374 955 529 1032 intelligi,
551 956 637 1032 quod
660 956 689 1016 si
708 955 807 1016 homo
826 956 935 1031 caput,
993 970 1064 1025 sus,
1081 970 1157 1015 cum
1172 972 1247 1017 eum
1269 958 1415 1033 oportuit
1424 960 1591 1035 jejunare.
1608 960 1683 1021 Nou
1699 961 1789 1022 enim

141 1052 228 1112 idest
247 1046 393 1114 mentem
414 1068 515 1129 super
530 1053 686 1124 cervical,
702 1053 789 1114 idest
809 1054 938 1128 tempo-
993 1052 1086 1115 venit
1098 1052 1270 1128 Dominus,
1287 1056 1322 1115 ut
1334 1070 1409 1115 eum
1425 1055 1592 1117 occideret
1612 1052 1709 1119 tame.
1727 1059 1789 1119 Pi-

43 1174 44 1239 ς
142 1149 266 1211 ralium
280 1149 520 1212 abundantiam
532 1150 691 1227 posuerit,
703 1151 737 1210 iu
750 1165 789 1211 eo
799 1149 939 1227 tepescit
993 1148 1081 1211 latus
1096 1153 1220 1223 minen,
1237 1150 1322 1213 idest
1344 1152 1497 1224 mundus,
1514 1154 1571 1229 qui
1594 1171 1660 1216 non
1683 1156 1793 1217 cessat

42 1254 44 1321 ξ
141 1246 939 1327 ildes(1).luextremapartenavissedetnauta
993 1248 1079 1309 tales
1112 1249 1317 1311 contundere
1346 1249 1488 1311 diversis
1518 1250 1791 1315 tribulationibus

41 1414 42 1417 Ἴ
139 1343 260 1405 ridens
281 1346 385 1407 totam
407 1361 537 1418 navem,
560 1347 679 1406 uteam
693 1344 813 1405 melius
831 1345 935 1420 regat,
994 1346 1190 1421 repentinis,
1207 1346 1385 1407 ostendens
1399 1347 1460 1419 eis,
1484 1348 1648 1424 quomodo
1668 1350 1792 1411 transit

141 1441 274 1503 scillcet
288 1442 323 1501 in
338 1442 451 1518 puppi.
468 1442 667 1504 Damnosius
680 1441 802 1503 dormit
823 1436 936 1513 nauta,
994 1444 1149 1513 muudus,
1166 1447 1199 1505 et
1221 1445 1329 1505 omnis
1344 1445 1615 1521 coucupiscentia
1639 1449 1723 1524 ejus,
1740 1449 1791 1509 sio
1919 1438 1923 1445 ’

141 1555 241 1616 quarn
266 1539 366 1601 alius.
395 1541 450 1601 Sic
479 1540 577 1602 homo
608 1541 644 1601 iu
668 1542 819 1602 extrema
846 1541 939 1616 parte
994 1540 1112 1603 nititur
1121 1541 1265 1602 liberare
1276 1542 1453 1614 Christum,
1468 1543 1554 1605 idest
1564 1544 1791 1607 austeritatem

139 1638 250 1709 naris,
268 1638 354 1699 idest
366 1637 443 1700 ritae
457 1654 538 1711 suae,
550 1639 646 1716 quasi
656 1639 691 1699 in
702 1638 856 1714 sepulcro
877 1653 938 1698 suo
994 1638 1168 1715 religionis
1194 1638 1400 1707 christianae,
1414 1655 1512 1717 quam
1537 1641 1661 1717 injuste
1686 1657 1790 1703 accu-

141 1750 200 1812 per
211 1739 329 1812 jugem
353 1738 547 1797 memoriam
563 1736 679 1798 sedere
701 1736 808 1809 debet,
831 1736 867 1798 ut
890 1736 938 1796 sic
997 1738 1083 1797 sant.
1099 1739 1189 1797 Beue
1204 1737 1293 1797 enirn
1309 1737 1465 1809 ostendit,
1478 1738 1564 1814 quod
1581 1754 1647 1799 non
1660 1741 1712 1801 est
1726 1755 1791 1817 ap-

140 1833 265 1894 sedeus
281 1835 316 1894 in
332 1835 484 1912 sepulcro
500 1851 572 1906 suo,
595 1834 722 1896 habens
744 1836 884 1895 mortem
904 1834 938 1893 iu
994 1834 1166 1911 petendus,
1177 1835 1795 1913 cumtotcalamitatibusauimumpul·

141 1932 251 1993 oculis
274 1933 355 2006 suis,
380 1935 532 2010 respecto
557 1932 713 2004 crimine,
737 1931 834 1992 naris
861 1932 938 1992 ritae
995 1934 1056 2006 set,
1072 1932 1106 1994 et
1119 1933 1169 1994 tot
1189 1920 1410 1994 adversitates
1433 1934 1635 2009 ingeminel;
1653 1933 1741 1995 unde
1756 1935 1791 1994 ln

140 2045 213 2090 suae
234 2029 359 2106 dirigat
381 2045 525 2091 cursum.
552 2029 616 2091 Sed
645 2030 674 2090 si
702 2029 846 2090 dormiat
872 2044 938 2089 non
995 2029 1169 2091 Parabolis
1183 2028 1246 2108 (27,
1263 2029 1317 2108 22)
1335 2052 1342 2089 :
1357 2047 1375 2090 s
1391 2031 1425 2090 si
1441 2030 1633 2092 contuderis
1655 2032 1791 2093 stultum

139 2126 321 2203 cogitando
339 2127 380 2188 de
393 2130 511 2198 morte,
524 2127 621 2188 valde
635 2125 860 2204 periculosum
876 2126 937 2198 est,
994 2127 1029 2186 in
1059 2127 1142 2203 pila,
1172 2127 1268 2204 quasi
1296 2129 1446 2204 ptisanas
1480 2127 1620 2190 feriente
1649 2128 1793 2206 desuper

140 2226 221 2301 quia
244 2240 308 2286 uec
327 2225 423 2286 navis
439 2223 544 2300 lugiet
562 2224 603 2285 ad
619 2224 728 2286 locum
741 2225 858 2295 tutum,
873 2224 939 2283 nisi
995 2224 1074 2299 pilo,
1090 2240 1156 2285 non
1180 2224 1313 2287 recedet
1337 2223 1384 2303 (6)
1405 2224 1446 2286 ab
1470 2240 1510 2287 eo
1538 2225 1680 2286 stultitia
1705 2229 1791 2301 ejus.

140 2326 248 2383 aDeo
264 2323 455 2383 suscitetur.
996 2321 1133 2382 Ptisaua
1155 2323 1204 2382 est
1226 2321 1266 2383 de
1290 2321 1415 2382 hordeo
1441 2326 1580 2383 contuso
1606 2338 1682 2383 cum
1710 2323 1791 2399 pilo.

179 2424 289 2482 Mane
317 2420 513 2498 disceptatio
545 2421 632 2482 lacta
658 2423 708 2483 est
738 2421 778 2481 de
800 2421 939 2482 Domino
995 2422 1142 2480 Granum
1165 2421 1339 2481 contusum
1355 2420 1489 2496 deponit
1510 2420 1678 2480 corticem.
1696 2419 1792 2482 Stul-

140 2534 257 2578 coram
271 2518 390 2592 Pilato,
413 2520 523 2580 utrum
548 2520 765 2589 occideretur,
778 2520 830 2579 vel
855 2517 940 2577 libe·
994 2518 1048 2578 tus
1064 2533 1129 2578 non
1144 2518 1334 2593 corrigitur,
1352 2517 1430 2580 licet
1443 2518 1586 2578 diversis
1599 2517 1795 2579 tribulatio-

140 2618 278 2677 raretur
293 2615 352 2695 (2).
370 2619 416 2678 De
426 2617 489 2678 boc
503 2632 617 2690 marte,
630 2616 692 2679 Job
708 2616 752 2695 (2,
766 2615 811 2694 3).
837 2619 941 2677 Mole-
995 2614 1095 2675 nibus
1110 2614 1301 2690 flagelletur
1320 2616 1356 2675 in
1371 2615 1504 2675 mundo.
1529 2617 1612 2676 Ecce
1627 2614 1792 2691 quomodo

140 2715 234 2774 dicta
251 2710 299 2791 (3)
312 2717 396 2785 dies,
419 2718 457 2779 iet
473 2730 541 2789 qua
563 2716 665 2777 iratus
686 2730 775 2777 aum.
792 2716 871 2775 Haec
889 2716 941 2773 est
995 2711 1137 2772 mundus
1151 2712 1280 2774 Pilatus
1292 2712 1433 2786 dicitur;
1449 2711 1535 2773 beue
1548 2713 1637 2774 enirn
1648 2711 1793 2773 ostendit

140 2810 215 2872 dies
239 2811 482 2883 delectationis,
509 2813 543 2872 in
570 2828 635 2889 qua
668 2812 766 2873 homo
791 2811 941 2872 nascitur
996 2826 1074 2871 suas
1087 2810 1225 2871 delicias
1239 2810 1371 2881 fluidas,
1388 2813 1422 2872 et
1435 2825 1552 2881 vanas,
1567 2810 1668 2870 utslc
1689 2809 1790 2871 iaciat

142 2910 296 2985 peccato,
313 2909 346 2969 et
365 2909 511 2985 seipsum
526 2909 696 2985 adiudicat
710 2911 856 2985 peccato.
870 2910 940 2969 Hoc
996 2905 1785 2979 nosdeclinareabeisetbabeamuselectionem,

140 3020 360 3067 manecausa
372 3008 434 3079 est,
448 3008 481 3068 et
495 3006 669 3068 exordium
683 3005 939 3067 maledictionis.
997 3006 1107 3066 utrum
1122 3005 1237 3072 Deum,
1247 3020 1291 3065 au
1306 3003 1473 3065 diabolum
1490 3003 1684 3078 diligamus;
1701 3002 1789 3063 unde

139 3106 191 3164 De
204 3103 268 3165 hoc
283 3120 381 3165 mane
391 3105 542 3165 Christus
554 3106 589 3166 in
604 3105 783 3180 Evangelio
799 3127 806 3164 ε
823 3105 941 3175 «Quo·
997 3101 1413 3182 Ecclesiastici(15,18):«
1427 3103 1511 3162 Ante
1527 3101 1696 3161 bominem
1709 3100 1791 3170 vita,

143 3201 225 3262 tidie
244 3217 336 3262 eram
351 3202 520 3264 vobiscum
547 3201 594 3282 (4)
619 3203 654 3263 in
679 3202 813 3279 templo,
827 3203 860 3262 et
875 3217 940 3262 non
997 3203 1029 3261 et
1044 3217 1145 3269 mors,
1160 3200 1294 3271 bonum,
1311 3201 1344 3260 et
1366 3199 1488 3258 malum
1503 3214 1510 3252 ε
1527 3197 1613 3273 quod
1630 3197 1794 3273 placuerit

143 3315 198 3359 me
210 3299 413 3360 tenuistis.»
434 3302 473 3362 at
495 3317 582 3361 nunc
603 3299 752 3362 «existis
768 3315 841 3360 cum
863 3298 939 3374 gla-
997 3297 1040 3371 ei,
1070 3296 1204 3358 dabitur
1229 3296 1291 3357 illi.
1314 3313 1333 3355 a
1359 3295 1455 3356 Multi
1484 3294 1647 3370 siquidem
1676 3296 1793 3370 petunt

142 3396 222 3469 diis,
249 3399 282 3457 et
301 3397 442 3458 fustibus
467 3397 748 3475 comprehendere
769 3413 821 3457 me
841 3413 859 3455 a
879 3394 938 3473 (5).
996 3393 1181 3454 Barabbam
1196 3392 1345 3463 liberari,
1358 3391 1524 3452 Christum
1537 3405 1617 3451 vero
1627 3390 1790 3466 crucifigi.

144 3496 216 3554 Hoc
237 3492 322 3555 bene
341 3496 496 3573 competit
517 3495 622 3566 nobis,
638 3495 694 3572 qui
710 3493 857 3571 quotidie
879 3508 940 3553 su·
997 3492 1059 3562 Qui
1080 3489 1267 3551 Barabbam
1287 3491 1414 3566 petunt,
1430 3487 1600 3549 diabolum
1624 3487 1792 3562 diligunt:

144 3607 219 3651 mus
237 3607 313 3652 cum
328 3592 457 3654 Christo
473 3595 509 3653 in
532 3593 666 3668 templo,
683 3590 847 3652 audiendo
860 3605 940 3652 ver·
996 3588 1166 3649 Barabbas
1195 3589 1306 3649 autern
1327 3587 1474 3660 propter
1500 3588 1732 3656 ltomtcidtum,
1759 3585 1795 3646 et

145 3687 224 3749 bum
239 3689 311 3760 Dei,
324 3689 688 3764 scilicetllvangelium,
700 3688 799 3760 dicta,
812 3687 941 3749 attacta
996 3688 1211 3757 seditionem,
1221 3700 1326 3759 guam
1335 3684 1510 3757 feneratio
1519 3687 1652 3756 populo,
1663 3685 1793 3743 missus

147 3786 269 3862 ipsius;
283 3789 317 3847 et
339 3789 449 3848 tamen
466 3787 499 3846 in
513 3787 623 3863 ipsum
646 3785 850 3862 insurgimus
867 3801 941 3846 curn
997 3785 1074 3847 erat
1087 3786 1125 3844 tn
1138 3797 1316 3844 carcerem
1328 3779 1375 3859 (7)
1389 3801 1396 3839 ε
1413 3781 1446 3840 et
1460 3778 1623 3851 diaboluS,
1638 3777 1695 3855 qui
1710 3793 1795 3839 mor·

146 3881 270 3958 gladiis
285 3882 447 3944 malarum
463 3883 687 3954 affectionum,
704 3885 825 3943 etcum
840 3881 940 3943 tusti—
997 3883 1062 3942 tem
1077 3881 1205 3941 bomini
1229 3878 1352 3952 intulit,
1373 3878 1406 3938 et
1421 3878 1456 3938 iu
1478 3876 1635 3953 paradiso
1657 3875 1795 3937 seditio·

146 3979 208 4041 bus
223 3979 387 4041 malorum
406 3996 555 4057 operum.
572 3983 721 4055 sicergo
741 3980 892 4040 Christus
907 3979 942 4039 in
997 3995 1072 4040 nem
1088 3977 1177 4047 iecit,
1194 3977 1269 4038 ideo
1284 3975 1445 4066 expulsus
1465 3975 1527 4047 est,
1544 3974 1577 4036 et
1590 3973 1741 4035 inclusus
1756 3974 1792 4034 iu

147 4092 250 4139 mane
270 4080 445 4140 accusatus
467 4080 518 4139 est
541 4092 653 4140 coram
675 4077 796 4139 Pilato.
814 4078 942 4138 Pilatus
997 4092 1172 4139 carcerem
1188 4074 1395 4153 perpetuum.

148 4176 260 4237 autem
272 4173 447 4237 laborabat
458 4174 499 4236 ad
514 4175 876 4256 liberationemlipsius.
891 4174 943 4234 Pi·
1037 4174 1250 4250 crucifigitur
1273 4172 1383 4232 autem
1399 4169 1550 4230 Christus
1576 4169 1610 4228 iu
1634 4170 1791 4238 meridie,

148 4272 237 4333 latus
258 4272 435 4334 malleator
455 4273 703 4349 iuterpretatur,
721 4273 859 4334 Pontius
884 4271 944 4332 de·
997 4272 1084 4333 idest
1107 4271 1143 4331 in
1176 4270 1307 4330 fervore
1333 4264 1563 4326 delectationis
1586 4262 1791 4339 temporalis

149 4369 297 4442 clinans;
314 4372 347 4431 at
367 4370 536 4446 significat
555 4371 724 4443 mundum,
741 4371 797 4447 qui
813 4369 942 4430 Christo
998 4369 1076 4445 quia
1089 4368 1169 4428 tuuc
1184 4365 1290 4440 magis
1304 4360 1455 4424 extendit
1468 4360 1590 4436 impius
1603 4374 1736 4438 manum
1751 4359 1792 4419 ad

148 4466 266 4528 scribit
290 4483 406 4528 verurn
427 4468 561 4529 titulum
584 4468 686 4543 regiae
709 4467 891 4544 potestatis,
911 4465 944 4527 et
998 4480 1099 4542 opera
1125 4463 1283 4534 malitiae3
1300 4463 1333 4521 et
1355 4459 1445 4528 tunc,
1462 4456 1618 4534 quoniam
1640 4457 1673 4516 in
1696 4455 1793 4517 malis

149 4563 333 4640 dignitatis,
351 4566 438 4626 sicut
452 4565 593 4626 babetur
607 4566 786 4642 Sapientiae
807 4563 870 4643 (13,
882 4562 940 4640 5):
998 4563 1060 4633 est,
1089 4561 1216 4622 iterum
1251 4555 1459 4631 crucifigitur
1492 4553 1661 4628 Christum
1705 4553 1793 4613 unde
1857 4561 1862 4582 ¹
1933 4651 1935 4660 .

149 4661 449 4737 ‹anagnitudine
461 4663 551 4722 enim
566 4665 728 4724 creaturae
741 4660 944 4737 cognoscibi-
999 4657 1131 4728 clamat,
1154 4655 1267 4715 dicens
1285 4675 1292 4714 ι
1311 4655 1360 4714 Ab
1385 4651 1566 4713 altitudine
1587 4652 1655 4712 diet
1670 4651 1794 4712 ttmebo

149 4759 227 4820 liter
247 4759 366 4820 borum
381 4761 513 4820 creator
530 4760 652 4844 poterit
665 4759 783 4820 rideri.
798 4776 817 4819 r>
831 4763 943 4820 Accu·
1001 4754 1104 4835 (Psal.
1119 4753 1170 4827 55,
1186 4751 1231 4832 4).

150 4858 359 4918 satureum
374 4857 409 4917 in
423 4871 528 4917 maiza
543 4856 706 4930 Christus,
722 4855 807 4917 idest
827 4857 943 4917 auste-

186 5025 227 5096 (l)
241 5027 273 5082 lu
289 5038 325 5081 co
340 5025 458 5097 tepescit
471 5022 551 5081 lidos.
567 5023 650 5097 Apud
659 5023 834 5093 blattbaeum,
843 5024 944 5096 cap.8,
1000 5031 1028 5081 et
1042 5018 1184 5077 ductibus.
1203 5039 1214 5067 ι

150 5109 226 5152 vers.
242 5095 279 5151 25
294 5101 323 5150 et
337 5096 386 5162 26,
401 5096 491 5153 territi
509 5095 639 5167 discipuli
658 5095 866 5152 suscitaverunt
885 5095 946 5151 dor·
1036 5091 1078 5162 (2)
1094 5089 1194 5148 llattb.
1210 5088 1254 5154 27,
1270 5087 1295 5152 t,
1310 5082 1345 5140 ad
1360 5084 1405 5139 ²4.

152 5167 289 5222 ualentem
306 5167 467 5234 Dominum,
484 5166 533 5237 qni
556 5181 606 5223 eos
629 5167 786 5238 increpavit
799 5181 806 5221 :
820 5164 892 5234 Quid
909 5167 944 5221 ti·
1037 5163 1076 5233 (3)
1092 5161 1178 5232 Vulg.
1196 5174 1202 5213 :
1221 5160 1330 5213 Pereat.

153 5235 221 5293 midi
242 5237 314 5293 estis
336 5236 458 5294 modice
474 5237 559 5293 fideii
573 5238 662 5304 Quem
684 5237 778 5293 locum
799 5250 946 5308 exponens
1036 5234 1078 5305 (l)
1092 5231 1183 5312 vulg..
1195 5245 1203 5286 :
1217 5224 1299 5299 Apud
1312 5238 1373 5280 vos.
1402 5301 1405 5310 ι

153 5307 251 5364 Glossa
267 5305 328 5364 ord.
343 5308 382 5364 uit
396 5322 403 5362 :
419 5329 431 5356 ι
448 5308 555 5364 Dormit
568 5308 596 5363 in
611 5307 694 5363 nobis
708 5306 856 5375 Dominus,
873 5306 947 5364 idest
1037 5304 1077 5375 (t)
1098 5303 1186 5358 llarcr
1202 5298 1245 5366 ll,
1260 5296 1296 5353 la
1308 5301 1337 5351 et
1348 5294 1392 5352 te.

152 5377 223 5434 tides
249 5379 374 5444 Domim,
391 5392 457 5434 cum
477 5377 670 5450 negligentius
691 5378 814 5450 agimus,
831 5384 860 5434 et
882 5377 945 5434 ideo
1037 5374 1078 5444 (6)
1094 5373 1179 5443 Vulg.
1193 5386 1200 5425 :
1214 5366 1373 5425 Auferetur.
1415 5423 1417 5427 ,

153 5455 318 5522 tempestas.
339 5449 368 5506 Si
380 5462 449 5506 vero
468 5447 539 5506 tides
553 5448 686 5521 resurgit,
704 5449 825 5521 imperat
843 5449 945 5517 ventis,
1038 5445 1078 5516 (7)
1092 5444 1187 5510 Luce,
1199 5439 1244 5506 23,
1264 5437 1306 5493 lt.
