3950 6200
87 276 171 337 1245
471 270 579 336 elne
610 275 755 335 rarus.
775 303 817 320 -
834 275 1054 339 nxrosrmo
1083 278 1128 339 ru
1156 280 1360 344 PSALMOS.
1476 282 1482 309 ²
1658 296 1738 360 rato

83 435 200 508 dente,
216 448 354 511 nequea
368 432 509 495 desertis
524 433 689 496 montibus
705 435 780 512 quis
795 434 885 496 effu·
901 426 905 431 ⁴
940 451 1060 512 Araece,
1078 437 1190 514 pluvia
1202 439 1325 515 latine;
1340 444 1599 523 undeflyfldesa
1614 454 1737 530 pluviis

83 533 167 607 giet,
192 532 349 608 quoniam
368 533 456 591 Deus
467 530 573 607 J'udex
587 533 675 593 est.»
692 533 732 592 Et
744 531 834 604 lorti,
850 534 887 593 1¹1
941 532 1109 609 dicuntur>
1136 552 1210 613 (1¹¹ae
1234 540 1316 599 ⁰¹⁸1ae
1342 539 1480 616 iaciunt,
1510 548 1598 608 unde
1623 551 1736 629 fruges

85 644 187 689 nemo
219 627 365 688 resistat.
393 630 467 703 lpse
498 628 587 688 eninr
609 631 660 689 est
674 631 772 701 Deus,
806 628 888 691 dicit
942 630 1078 692 uberius
1090 635 1305 696 crescuntfli
1315 640 1393 701 sunt
1404 642 1561 706 Ecclesiae
1571 645 1734 724 doctores,

83 723 440 803 ιι()1)(1),13),1(ὒυ)11ε
459 724 632 785 iraenemo
652 725 811 786 resistere
826 741 887 802 po·
941 728 998 804 qui
1022 729 1193 792 subductis
1213 734 1426 810 martyribus,
1455 755 1495 801 eo
1519 744 1665 820 tempore
1694 750 1736 810 ad

84 823 190 883 test.»
209 821 377 893 visitabit,
394 821 541 898 inquam,
566 837 666 898 super
687 821 885 894 Leviatban,
941 826 1056 885 mundi
1073 827 1227 889 notitiam
1245 835 1419 905 venerunt,
1441 841 1575 914 propter
1587 857 1669 918 quos
1681 863 1738 908 re-

75 920 147 995 ·qui
162 933 299 995 serpens
316 917 351 977 in
364 919 465 989 terra,
478 919 578 979 draeo
591 920 627 979 in
639 934 729 992 aere,
747 920 839 981 celus
852 918 886 980 in
942 938 1057 997 pressa
1069 924 1178 987 hieme
1191 926 1273 987 tides
1283 928 1407 991 clarius
1416 931 1514 1006 lucet,
1524 937 1661 1001 etcalet.
1672 945 1737 1004 Per

85 1016 187 1086 mari,
215 1016 344 1077 scilicet
367 1015 401 1075 in
421 1015 641 1092 voluptuosis,
671 1014 841 1093 superbis,
855 1018 888 1078 et
941 1020 1098 1080 Austrum
1122 1020 1234 1083 fervor
1264 1026 1407 1101 Spiritus
1429 1035 1535 1094 sancti
1560 1039 1733 1115 accipitur,

86 1113 204 1174 avaris
219 1113 414 1188 potestatem
430 1127 603 1174 exercens.
620 1115 728 1174 Durus
741 1114 805 1175 erit
813 1114 887 1188 gla-
941 1131 1006 1193 quo
1017 1117 1095 1178 dum
1107 1119 1254 1195 repletus
1268 1123 1442 1200 quisquam
1458 1128 1569 1203 luerit,
1588 1134 1630 1194 ad
1644 1136 1737 1199 amo'·

87 1209 165 1270 dius
178 1210 295 1270 centra
306 1209 479 1271 mollitiem
492 1210 752 1281 luxuriosorum,
768 1210 887 1288 quihus

86 1306 243 1367 diabolus
253 1306 304 1368 θεῖ
318 1321 456 1383 serpens
471 1329 477 1367 :
492 1307 631 1383 grandis
647 1310 763 1369 contra
778 1307 887 1384 pusil-

86 1403 884 1476 lanimitatemavaritiae,cuidiabolusestcetus':

85 1502 122 1561 et
136 1499 231 1561 fortis
247 1502 363 1562 contra
384 1501 533 1575 vigorem
550 1502 728 1579 superbiae,
746 1503 800 1563 cui
813 1503 887 1564 dia-

87 1598 187 1659 bolus
201 1599 304 1660 vectis
320 1599 380 1659 θεῖ.
403 1598 452 1660 Ab
473 1599 537 1660 boc
563 1599 675 1675 gladio
704 1615 770 1661 non
792 1601 888 1661 timet

88 1696 225 1767 Mulier,
238 1711 311 1772 quae
324 1697 375 1756 est
388 1695 510 1757 amicta
520 1696 602 1767 sole,
619 1699 652 1758 θῖ
666 1697 746 1758 luna
762 1695 822 1757 sub
833 1711 887 1773 pe·

89 1792 189 1852 dibus
213 1795 286 1869 ejus
306 1790 421 1870 (Apoc.
441 1794 490 1865 12,
506 1792 549 1872 1).
568 1793 629 1866 Qui
645 1794 735 1853 enim
750 1794 885 1855 indutus

87 1891 141 1951 θεῖ
155 1905 241 1951 novo
251 1889 397 1961 homine,
410 1890 540 1952 scilicet
552 1890 695 1963 Christo,
710 1890 765 1967 qui
775 1892 825 1952 est
835 1891 885 1951 sol

82 1988 237 2063 justitiae,
253 1987 286 2047 et
301 1988 498 2063 temporalia
520 1987 694 2049 conculcat
716 1988 777 2048 sub
792 1987 887 2063 pedi-

87 2084 152 2143 bus
166 2086 250 2160 eiua,
268 2084 309 2144 ab
325 2083 384 2145 illa
400 2084 566 2146 sententia
586 2101 652 2145 non
670 2085 887 2146 timebitveo-

85 2183 166 2242 tem.
180 2181 241 2241 llic
256 2182 306 2242 est
320 2182 420 2243 etiam
435 2183 575 2244 malleus
590 2182 757 2244 universae
772 2184 884 2255 terra,

86 2282 125 2340 ut
140 2278 221 2340 dicit
233 2268 398 2340 ieremias
415 2278 480 2356 (50,
500 2279 575 2357 23):
593 2295 612 2339 ‹
626 2279 796 2352 Quomodo
811 2295 886 2341 con·

85 2377 188 2439 tritus
212 2377 272 2447 est,
289 2377 324 2437 et
346 2375 536 2437 contractus
555 2377 698 2437 malleus
721 2378 886 2454 universae

86 2476 199 2535 terrae.
212 2491 230 2533 »
245 2474 310 2534 Iste
321 2472 461 2534 malleus
474 2473 708 2549 confringitur,
726 2489 801 2534 cum
810 2474 887 2534 ten-

85 2570 272 2633 tationibus
294 2574 367 2646 ejus
381 2584 447 2631 non
470 2570 714 2647 acquiescitur:
729 2570 885 2632 Conteri-

87 2673 157 2737 tur,
186 2683 260 2729 cum
282 2669 395 2744 justus
416 2667 562 2728 eradens
582 2667 617 2727 in
634 2667 699 2728 tine
724 2667 883 2729 salvatur.

87 2768 187 2826 Hunc
209 2780 275 2825 non
303 2764 397 2825 timet
417 2764 470 2825 vir
490 2766 612 2841 justus,
642 2764 720 2843 quia
747 2768 792 2825 ut
806 2763 887 2825 dicit

87 2867 192 2924 Amos
205 2860 250 2939 (t,
268 2860 321 2940 7):
338 2861 531 2922 «Dominus
552 2863 618 2924 stat
637 2878 737 2939 super
755 2877 887 2923 murum

88 2958 306 3032 litum3‘palia
316 2958 491 3020 translatio
503 2956 549 3036 (1)
563 2980 570 3018 :
582 2961 714 3019 Murum
726 2959 888 3020 adaman·

89 3057 209 3119 tinum.
225 3057 333 3133 Super
354 3070 485 3117 murum
505 3055 755 3118 adamantinum
774 3057 885 3118 Chris·

84 3156 142 3217 tus
154 3154 244 3215 stare
259 3153 391 3224 dicitur,
403 3154 482 3231 quia
495 3154 531 3214 ut
543 3153 624 3214 dicit
634 3154 795 3229 Origenes
811 3152 859 3232 (2)
877 3175 885 3212 :

89 3269 108 3311 c
124 3252 218 3314 Licet
231 3252 554 3329 superstetmalleus,
564 3254 597 3312 et
608 3250 886 3326 subjaceatdraeo

89 3350 187 3429 quasi
198 3341 304 3421 incu‘s,
321 3363 386 3409 non
403 3350 512 3410 tamen
527 3348 696 3424 frangitur
706 3349 829 3424 justus.
848 3363 867 3406 a

131 3450 275 3523 Magnus
304 3447 355 3507 est
377 3446 480 3521 igitur
505 3444 724 3506 tortitudine:
746 3446 886 3519 Magnus

89 3546 192 3608 etiam
207 3544 346 3623 judicio.
373 3542 464 3615 Quod
487 3542 576 3603 enirn
603 3543 738 3617 putatur
757 3541 819 3612 ira,
836 3542 887 3603 est

89 3643 221 3719 gratia;
238 3646 270 3703 et
285 3640 370 3717 quod
387 3639 650 3716 putaturgratia,
660 3639 783 3699 estira.
794 3638 885 3710 Quod

90 3740 231 3816 putatur
255 3739 319 3809 ira,
343 3738 393 3798 θεῖ
414 3737 540 3812 gratia3
562 3736 649 3796 unde
673 3735 736 3797 lob
762 3733 806 3811 (9,
830 3735 884 3814 9):

90 3854 110 3895 ε
124 3836 186 3908 Qui
199 3834 279 3896 lacit
291 3836 478 3904 Arcturum,
493 3833 526 3894 θῖ
543 3834 677 3904 Oriona,
693 3833 726 3894 et
740 3833 885 3909 Hyadas,

90 3935 126 3994 et
150 3933 313 3994 interiora
326 3930 450 3992 Austri.
467 3946 485 3990 a
504 3933 664 3991 Arcturus
684 3930 719 3989 in
733 3945 797 3990 axe
811 3929 888 3990 cccli

91 4033 217 4108 septem
231 4029 338 4089 stellis
352 4029 451 4099 lucet,
470 4043 605 4103 sumper
617 4015 781 4098 versatur,
793 4042 883 4087 nun-

90 4142 192 4205 quam
203 4125 376 4199 mergitur.
388 4126 467 4184 Haec
482 4123 532 4183 est
547 4123 708 4196 Ecclesia,
720 4138 796 4199 quae
807 4137 887 4200 sep·

91 4227 160 4286 tem
173 4221 384 4296 donagratiae
400 4219 601 4295 septiformis
616 4219 755 4290 liabens,
772 4219 813 4279 ab
824 4235 889 4281 ane

91 4322 247 4383 veritatis
271 4319 370 4389 lucet,
402 4319 435 4378 et
458 4332 589 4392 semper
610 4315 801 4388 tribulatur,
829 4317 886 4378 sed

92 4432 263 4495 nunquam
278 4414 400 4485 delicit,
415 4415 449 4474 θῖ
462 4414 496 4474 in
513 4412 646 4474 modum
658 4414 792 4474 Arcturi
806 4429 887 4474 yer-

93 4515 197 4586 satur‚
228 4515 261 4575 et
284 4512 426 4587 erigitur
441 4509 505 4590 (3);
527 4510 615 4571 unde
632 4510 734 4580 addit,
752 4511 886 4582 Oriona,

93 4629 167 4691 quae
194 4609 330 4672 hiemali
350 4611 498 4684 tempore
520 4607 685 4678 oriuntur,
711 4609 745 4669 θῖ
763 4607 798 4667 in
813 4611 889 4668 ortu

91 4709 307 4786 tempestates
328 4706 492 4775 excitant,
522 4706 555 4765 et
585 4720 688 4776 mare,
716 4705 889 4780 terrasque

92 4805 304 4868 conturbant.
335 4802 376 4862 Hi
402 4802 479 4862 sunt
503 4802 678 4877 martyres,
709 4816 791 4877 quos
811 4801 888 4861 dum

93 4904 226 4974 coelum,
253 4900 340 4961 idest
367 4899 515 4960 Ecclesia
539 4897 653 4966 edidit,
671 4897 789 4967 biems,
804 4898 890 4960 idest

91 5001 260 5077 frigiditas
282 4996 447 5058 malorum
462 4995 499 5058 in
516 4996 713 5070 tempestate
726 4995 886 5067 exercuit,

92 5099 125 5160 θῖ
146 5113 212 5158 non
229 5095 335 5156 solum
358 5091 521 5165 turbidos,
542 5091 718 5152 sedetiam
739 5092 889 5169 placidos

92 5198 128 5257 in
143 5209 259 5256 eorum
279 5206 394 5252 necem
409 5189 526 5250 erexit.
543 5188 676 5265 Hyades
692 5190 888 5264 nascuntur,

93 5309 168 5354 cum
204 5290 255 5351 sol
281 5288 422 5349 calidior
458 5287 530 5347 dies
561 5286 721 5348 extendit.
755 5287 889 5363 Hyades

128 5496 168 5564 (1)
185 5490 288 5552 Versio
304 5503 397 5562 graeca
414 5488 499 5546 cxli.

129 5566 172 5633 (2)
192 5565 225 5620 ln
240 5576 303 5631 cap.
317 5559 353 5616 50
365 5562 422 5617 ter.

941 1228 1012 1274 rem
1026 1214 1211 1277 coelestium
1226 1218 1378 1293 ignescit.
1392 1224 1532 1300 Magnus
1541 1232 1592 1292 est
1595 1234 1737 1311 jndicio,

941 1313 1098 1386 quoniam
1113 1314 1198 1389 quod
1219 1318 1355 1391 putatur
1378 1322 1499 1395 gratia,
1516 1325 1566 1387 ira
1587 1331 1639 1391 θεῖ
1663 1331 1734 1394 ire-

941 1410 1095 1488 quenter;
1111 1411 1199 1472 unde
1221 1414 1376 1477 Jeremiae
1392 1416 1456 1496 (51,
1473 1423 1512 1482 39
1531 1423 1565 1485 θῖ
1574 1425 1626 1506 10)
1644 1433 1735 1491 :cln

940 1504 1053 1566 calore
1080 1522 1195 1568 eorum
1222 1525 1343 1586 ponam
1368 1516 1465 1588 potus
1484 1534 1618 1597 eorum,
1634 1526 1667 1587 et
1681 1527 1737 1587 in·

941 1600 1078 1662 ebriabo
1088 1618 1158 1677 eos,
1167 1606 1203 1666 ut
1217 1595 1402 1683 sopiantur,
1416 1614 1449 1674 et
1463 1614 1631 1682 dormiant
1644 1638 1736 1685 som·

941 1712 1030 1757 mum
1041 1700 1293 1775 sempiternum,
1310 1705 1344 1766 et
1361 1721 1429 1767 non
1450 1719 1663 1790 consurgant,
1681 1719 1735 1778 dl·

942 1793 987 1854 cit
1007 1796 1180 1857 Dominus.
1201 1798 1369 1862 Deducam
1391 1817 1448 1865 eos
1463 1810 1559 1883 quasi
1574 1827 1677 1887 agnos
1692 1817 1734 1879 ad

940 1891 1125 1966 victimam
1143 1897 1269 1971 »quasi
1285 1897 1374 1960 dicat
1390 1904 1515 1965 :Juxta
1537 1910 1624 1984 quod
1647 1912 1738 1974 desi·

940 1987 1071 2063 derant,
1084 1990 1169 2052 dabo
1185 1993 1286 2053 eisin
1302 2011 1416 2058 eorum
1431 2002 1624 2075 perniciem.

979 2088 1121 2162 Magnus
1155 2092 1206 2150 est
1230 2091 1383 2168 Justitia3
1409 2098 1497 2159 unde
1520 2102 1737 2180 Evangelium

941 2179 1054 2261 (Lucae
1078 2185 1129 2258 16,
1141 2183 1196 2263 26)
1215 2206 1222 2245 =
1240 2187 1317 2260 Fili,
1333 2192 1522 2267 recordare,
1540 2201 1618 2275 quia
1638 2218 1737 2265 rece-

938 2281 1020 2357 pisti
1042 2281 1130 2342 bona
1152 2284 1187 2344 in
1210 2285 1279 2346 vita
1292 2288 1360 2360 tua,
1376 2291 1409 2351 ot
1421 2292 1566 2356 Lazarus
1582 2297 1737 2363 simililer

941 2377 1052 2438 mala:
1075 2394 1163 2441 nunc
1178 2383 1290 2443 autem
1315 2383 1370 2446 liic
1385 2368 1586 2465 consolatur,
1603 2395 1638 2456 tu
1657 2414 1737 2461 vero

940 2475 1133 2536 cruciaris»
1147 2498 1154 2537 ε
1168 2479 1252 2540 Ecce
1262 2482 1406 2556 justitia.
1425 2486 1503 2548 Ideo
1522 2491 1655 2565 petebat
1668 2497 1739 2557 Ha·

940 2570 1046 2632 bacuc
1058 2569 1112 2651 13,
1137 2575 1176 2635 16
1194 2577 1228 2636 et
1242 2575 1294 2655 17)
1310 2599 1317 2637 :
1334 2581 1578 2657 «ingrediatur
1598 2592 1737 2665 putredo

941 2668 976 2727 in
992 2669 1124 2730 ossibus
1135 2671 1231 2743 meis,
1242 2676 1275 2734 et
1282 2674 1395 2737 subter
1405 2694 1458 2740 me
1468 2683 1736 2765 scateat,»quasi

941 2764 1053 2827 dicat:
1068 2769 1187 2829 Omnia
1204 2772 1343 2846 partiar,
1363 2775 1454 2837 totus
1476 2779 1511 2838 in
1527 2785 1737 2856 putredinem

942 2863 1093 2925 resolvar
1109 2886 1117 2924 ε
1133 2867 1176 2927 Ut
1188 2869 1396 2944 requiescam
1415 2874 1450 2934 in
1471 2875 1526 2938 die
1542 2862 1740 2945 tribulatioss

941 2961 1008 3033 nis,
1033 2962 1067 3022 et
1090 2962 1269 3024 ascendam
1298 2966 1339 3027 ad
1363 2971 1519 3045 populum
1548 2979 1735 3044 accinctum

941 3059 1112 3132 nostrum;
1128 3060 1184 3136 qui
1206 3061 1335 3124 scilicet
1348 3064 1390 3125 de
1407 3070 1529 3130 mundo
1544 3074 1736 3153 triumpha-

940 3154 1000 3215 vit.
1020 3156 1118 3215 Ficus
1143 3156 1243 3227 enim,
1270 3158 1356 3221 idest
1381 3161 1519 3226 dulcedo
1541 3172 1656 3233 saeculi
1671 3192 1738 3239 non

941 3250 1085 3322 florebit,
1098 3252 1165 3312 imo
1176 3252 1428 3336 dicetur(Apoc.
1442 3263 1490 3336 18,
1502 3261 1536 3342 7)
1552 3287 1559 3325 :
1572 3269 1737 3338 Quantum

941 3347 1142 3423 glorificavit
1155 3365 1201 3421 se,
1227 3353 1356 3414 tantum
1375 3354 1451 3418 date
1466 3359 1516 3419 illi
1530 3362 1571 3423 de
1585 3366 1735 3432 tormen·

941 3445 996 3505 tie.
1012 3461 1031 3505 a
1045 3447 1085 3506 Et
1100 3462 1167 3507 non
1190 3449 1255 3510 erit
1278 3465 1415 3525 germen
1430 3454 1466 3515 in
1482 3447 1600 3534 vineis,
1617 3465 1684 3526 imo
1699 3469 1736 3531 in

941 3542 1112 3604 tristitiam
1138 3547 1351 3607 convertetur
1374 3550 1502 3627 laetitia,
1530 3559 1628 3632 juxta
1653 3563 1737 3626 illud

940 3641 1026 3700 Osee
1038 3639 1082 3717 (2,
1099 3638 1152 3719 12)
1169 3662 1177 3700 :
1193 3644 1438 3722 «corrumpam
1455 3651 1587 3715 vineam
1602 3661 1685 3735 ejus,
1706 3666 1739 3725 et

942 3736 1040 3796 licum
1060 3739 1144 3813 ejuS,
1170 3738 1211 3799 de
1234 3740 1353 3814 quibus
1375 3744 1461 3806 dixit
1478 3769 1485 3806 :
1500 3750 1671 3816 Mercedes
1684 3758 1737 3822 liae

942 3848 1025 3894 meae
1048 3836 1135 3906 sunt,
1161 3851 1244 3911 quas
1271 3837 1434 3903 dederunt
1458 3845 1540 3906 milii
1569 3855 1737 3918 amatores

942 3931 1026 4002 mei;
1041 3947 1060 3989 ε
1075 3932 1108 3992 et
1131 3932 1205 3993 Joel
1228 3931 1279 4010 (1,
1298 3933 1349 4014 10)
1368 3958 1375 3995 :
1391 3941 1602 4007 «confusum
1618 3953 1668 4013 est
1686 3953 1740 4014 vi-

942 4042 1033 4100 num,
1048 4028 1178 4089 scilicet
1193 4029 1328 4102 laetitiae,
1345 4034 1496 4111 elanguit
1508 4041 1618 4104 oleum
1635 4049 1738 4110 medi·

942 4124 1063 4195 cinale,
1078 4126 1162 4200 quod
1175 4127 1263 4187 enirn
1279 4131 1416 4205 putatur
1430 4133 1485 4195 liic
1499 4152 1518 4196 a
1532 4140 1738 4217 voluptuosis

942 4221 1155 4293 medicinale,
1172 4222 1207 4284 in
1223 4223 1417 4301 languorem
1433 4230 1490 4292 liet
1503 4233 1563 4294 eis.

1177 4401 1315 4463 SERMO
1342 4404 1505 4468 CCLXXI.

943 4568 1024 4637 Quod
1043 4570 1135 4642 gloria
1162 4573 1244 4645 regni
1259 4581 1302 4630 est
1325 4576 1354 4633 in
1369 4586 1599 4650 remuneratione
1619 4592 1737 4652 Sancto·

979 4672 1064 4714 runi:
1082 4660 1206 4730 potentia
1236 4661 1265 4717 iu
1285 4667 1470 4734 percussione
1494 4675 1695 4752 reproborum
1710 4692 1741 4741 et

983 4745 1059 4818 quod
1082 4746 1174 4818 gloria
1203 4752 1444 4821 regniconsistit
1469 4759 1497 4815 in
1526 4761 1631 4834 duplici
1656 4771 1739 4841 stola,

979 4835 1083 4892 animae
1096 4835 1215 4907 scilicet,
1229 4846 1257 4897 et
1270 4843 1407 4913 corporis.

944 5008 1099 5067 Gloriam
1130 5010 1232 5080 repat
1260 5009 1312 5069 tut
1337 5013 1460 5086 dicem,
1488 5017 1522 5075 et
1547 5022 1740 5092 potentiam

1045 5102 1345 5176 tcamtoqcentur.
1370 5104 1474 5185 (Psal.
1488 5113 1556 5187 144,
1574 5117 1639 5197 11.)

984 5286 1099 5350 Gloria
1115 5289 1210 5364 regni
1225 5295 1276 5351 est
1296 5290 1331 5351 in
1350 5300 1621 5364 remuneratione
1633 5308 1740 5369 Sanc-

872 5459 876 5466 ’
980 5487 1021 5556 ta)
1041 5488 1070 5546 s.
1083 5489 1216 5561 aragon,
1227 5489 1277 5550 uo.
1294 5493 1334 5550 ix
1346 5493 1458 5565 uorat,
1474 5498 1502 5554 11
1518 5513 1581 5572 cap.
1595 5502 1612 5558 ε
1625 5506 1687 5565 sou.
