3950 6200
101 343 149 404 289
579 334 687 395 PARS
710 333 912 395 SECUNDA.
927 363 968 400 ,-
984 334 1181 396 REGULAE.
1640 331 1703 391 290

102 497 234 563 credonis
247 496 277 557 et
290 493 471 557 devotionis
485 493 639 570 spiritum
658 508 724 555 non
742 492 854 555 extin-
906 494 962 554 tur
975 494 1109 570 propter
1134 494 1305 571 peccatum
1323 492 1465 568 alicujus
1482 512 1490 550 t
1508 491 1585 567 quia
1600 490 1652 550 ira
1667 492 1701 551 et

101 597 191 673 mant,
205 593 254 655 cui
265 590 513 653 dehentcaetera
529 590 725 667 temporalia
739 591 854 651 deser·
908 590 1127 663 conturbatio,
1143 592 1179 651 iu
1194 606 1230 652 se
1255 593 1289 652 et
1303 589 1338 650 in
1353 589 1429 650 aliis
1445 588 1629 666 impediunt
1643 602 1702 648 ca-

100 693 163 753 sira.
184 693 226 751 De
246 687 395 750 mercede
416 701 498 749 vero
519 686 656 758 laboris,
678 701 737 763 pro
761 702 798 746 se
821 689 855 748 et
908 687 1053 748 ritatem.

100 785 469 862 imminuuncorporis
479 785 670 861 necessaria
678 784 851 859 recipiant,

100 883 349 962 preter-denarios
362 882 417 944 rel
440 881 627 958 pecuniam.
651 881 690 943 Et
706 881 769 942 hoc
783 880 851 942 hu·
908 869 958 926 De
973 865 1133 927 electione
1147 868 1320 941 deiferam
1331 864 1487 925 ministri
1509 866 1611 935 '21de
1625 865 1702 937 fru-

99 981 206 1051 militer,
221 979 408 1041 sicutdecet
420 979 617 1051 servosDei,
637 978 855 1057 etpauperta·
947 963 1136 1034 temnant,
1158 963 1192 1023 θί
1210 965 1252 1023 de
1266 962 1413 1037 capituto
1429 960 1659 1024 Ρθΐῑΐθθθδΐθδ·

99 1076 545 1140 dssanctissimaesectatores.

1189 1140 1326 1200 CAPUT
1340 1140 1426 1199 Vlll.

98 1274 255 1341 ominati
273 1274 337 1335 stoi
349 1272 577 1347 appropricnt
589 1272 746 1342 Fratres,
765 1272 800 1332 et
813 1274 854 1333 cie
949 1272 1105 1334 Universi
1117 1270 1237 1334 fratres
1254 1288 1355 1332 unum
1370 1272 1411 1332 de
1431 1269 1588 1332 fratribus
1603 1269 1702 1331 istius

125 1374 316 1445 stannaturae
329 1371 487 1444 cecano,
502 1369 537 1431 ei
550 1373 592 1431 cie
605 1370 791 1431 Fratribus
805 1373 855 1431 tn·
908 1369 1083 1445 religionis
1098 1371 1276 1431 teneautur
1289 1384 1420 1446 semper
1434 1368 1557 1429 habere
1566 1382 1703 1443 genera·

125 1467 231 1537 inno.
908 1465 974 1526 lem
989 1467 1178 1528 ministrum
1190 1482 1324 1528 servum
1347 1467 1448 1528 totius
1471 1464 1700 1534 fraternitatis,

358 1563 494 1624 CAPUT
508 1564 563 1626 vl.
909 1566 942 1625 et
956 1564 987 1624 ei
999 1564 1176 1625 teneantur
1194 1564 1334 1626 firmiter
1348 1563 1493 1626 obedire.
1511 1564 1581 1634 Quo
1601 1561 1703 1621 dece-

909 1660 1017 1732 dente,
1046 1661 1166 1723 electio
1191 1661 1397 1722 successoris
1421 1660 1480 1721 dat
1499 1674 1520 1720 a
1542 1657 1704 1720 ministris

125 1756 239 1818 lmtres
264 1756 350 1817 nihil
376 1756 441 1817 sibi
468 1756 692 1834 appropriant,
709 1772 771 1819 nec
790 1757 854 1818 do·
909 1757 1170 1834 provincialibus
1198 1760 1232 1819 et
1265 1757 1457 1827 custodibus
1491 1757 1528 1817 in
1556 1754 1704 1832 capitulo

97 1869 172 1925 nun,
194 1869 252 1914 nec
276 1855 399 1925 locum,
429 1868 491 1915 nec
518 1853 664 1930 aliquam
688 1869 769 1916 rem.
790 1855 854 1916 Sed
910 1856 1134 1926 aenncostes,
1156 1855 1191 1915 in
1213 1842 1278 1932 quo
1306 1853 1529 1931 provinciales
1557 1852 1704 1913 ministri

96 1952 231 2028 amquam
254 1951 424 2028 peregrini
448 1953 481 2013 et
506 1951 644 2013 advenae
659 1952 694 2012 in
714 1952 777 2013 hoc
791 1967 856 2012 see-
908 1952 1086 2014 teneantur
1104 1968 1236 2028 semper
1261 1947 1396 2012 insimul
1419 1951 1609 2022 convenire,
1629 1948 1706 2010 ubi-

96 2047 160 2118 culc,
176 2047 207 2108 in
231 2049 426 2126 paupertate
450 2050 483 2109 et
503 2048 690 2109 humilitate
717 2049 855 2110 Domino
910 2063 1050 2126 cumque
1077 2064 1097 2110 a
1123 2049 1275 2124 generali
1292 2050 1445 2110 ministro
1461 2034 1703 2109 fueritcousti·

96 2142 271 2213 nudantes,
286 2145 413 2208 vadant
427 2161 486 2222 pro
513 2146 726 2223 eleemosyna
745 2145 854 2207 coufl-
909 2146 1026 2206 tutum.
1044 2148 1083 2208 et
1098 2146 1161 2208 hoc
1176 2144 1278 2207 semel
1303 2147 1340 2206 iu
1368 2145 1475 2207 tribus
1504 2144 1622 2212 annis,
1651 2143 1705 2205 rel

96 2239 194 2302 muter.
218 2244 286 2304 Nec
300 2245 433 2320 oportet
457 2258 514 2304 eos
527 2242 760 2315 verecundari,
778 2243 855 2319 quia
910 2242 951 2303 ad
980 2243 1084 2303 alium
1109 2243 1288 2305 terminum
1322 2245 1482 2319 majorem
1510 2243 1563 2303 rel
1594 2242 1705 2302 miuo-

96 2337 222 2400 lominus
232 2355 291 2416 pro
307 2338 449 2401 nobisse
461 2339 539 2404 fecit
549 2355 729 2416 pauperem
743 2340 778 2400 in
794 2339 856 2402 hoc
910 2352 991 2409 rem,
1020 2338 1107 2399 sicut
1130 2353 1151 2399 a
1172 2337 1330 2415 praedicto
1352 2337 1505 2398 ministro
1526 2336 1628 2397 fuerit
1648 2352 1706 2398 or-

97 2434 411 2498 mundo-Haecestilla
420 2437 582 2498 celsitudo
592 2436 763 2498 altissima
773 2453 858 2513 pau·
911 2434 1061 2496 dinatum
1089 2436 1129 2497 nt
1154 2435 1184 2495 si
1208 2435 1320 2512 aliquo
1348 2436 1498 2510 tempore
1528 2435 1706 2509 appareret

96 2530 307 2611 perumque
327 2548 389 2595 vos
412 2534 603 2596 carissimos
622 2534 742 2596 fratres
766 2548 856 2594 meos
911 2532 1122 2594 universitati
1146 2532 1377 2594 ministrorum
1401 2530 1655 2608 provincialium
1671 2531 1705 2590 et

96 2623 215 2689 heredes
237 2630 270 2691 et
287 2645 388 2706 reges
407 2631 503 2707 regni
518 2632 677 2693 coelorum
698 2631 854 2703 instituit,
912 2629 1085 2691 custodum
1109 2629 1303 2706 praedictum
1325 2629 1514 2690 ministrum
1538 2643 1605 2689 nou
1629 2642 1704 2688 esse

96 2727 340 2800 pauperesrehus
353 2725 443 2795 fecit,
459 2727 637 2790 virtutibus
653 2728 854 2790 sublimavit.
911 2727 1131 2789 sufficientem
1155 2726 1196 2789 ad
1233 2727 1408 2789 servitium
1436 2729 1469 2788 et
1496 2740 1704 2787 communem

96 2820 153 2880 llac
166 2823 205 2884 sit
221 2825 332 2899 portio
347 2827 470 2896 vestra,
486 2841 559 2901 quae
575 2826 726 2902 perducit
739 2825 775 2887 in
788 2827 858 2887 ter-
912 2825 1090 2886 utilitatem
1113 2823 1265 2893 fratrum,
1281 2825 1458 2886 teneantur
1471 2823 1620 2901 praedicti
1635 2822 1705 2884 fra-

97 2916 341 2982 ramriveutium.
358 2921 430 2993 Cui,
443 2922 652 2984 dilectissimi
663 2922 798 2995 fratres,
810 2925 859 2986 to·
912 2926 992 2993 tres,
1009 2922 1129 2999 quihus
1144 2922 1263 2984 electio
1277 2923 1354 2983 data
1369 2924 1431 2993 est,
1448 2921 1483 2981 in
1499 2922 1632 2983 nomine
1645 2922 1706 2981 Do

97 3012 183 3075 taliter
194 3018 408 3089 iulraerentes,
425 3019 510 3080 nihil
525 3020 616 3082 aliud
643 3037 703 3097 pro
725 3023 858 3084 nomine
913 3020 996 3080 mini
1008 3020 1111 3081 alium
1129 3020 1194 3081 sihi
1222 3020 1347 3096 eligere
1371 3019 1406 3079 in
1428 3019 1609 3080 custodem.
1626 3020 1704 3081 Post

50 3107 53 3196 ᾗ
97 3109 200 3174 lomim
220 3116 329 3178 nostri
355 3119 435 3179 iesu
461 3117 584 3179 Christi
606 3118 641 3179 in
663 3121 858 3197 perpetuum
912 3118 1094 3194 capitulum
1109 3118 1410 3180 veroPentecostes
1425 3117 1569 3177 ministri
1580 3120 1613 3178 et
1627 3133 1705 3177 cus-

51 3249 59 3340 l

51 3477 54 3518 l

51 3223 53 3226 ·
97 3206 365 3275 mlcoeloliabere
380 3214 856 3293 velitisEtuhicumquesunt,
912 3215 1007 3277 todes
1031 3216 1159 3291 possint
1177 3215 1312 3290 singuli,
1335 3215 1364 3274 si
1387 3214 1566 3284 volueriut,
1598 3214 1704 3274 ateis

96 3303 120 3365 a
137 3321 167 3367 se
188 3308 377 3373 invenerint
395 3310 529 3384 fratres,
545 3312 723 3374 ostendant
737 3329 773 3373 se
793 3313 857 3374 do·
913 3312 1071 3389 expedire
1083 3312 1259 3382 videbitur,
1270 3311 1385 3372 eodem
1402 3312 1531 3372 aunoin
1548 3309 1618 3370 suis
1633 3326 1705 3371 cus·

95 3402 218 3466 untias
227 3408 375 3470 invicem
383 3407 471 3470 inter
482 3424 528 3481 se,
539 3413 573 3472 et
582 3409 859 3472 eecuremanifes·
913 3410 1012 3472 todiis
1025 3409 1128 3472 semel
1140 3409 1260 3471 fratres
1275 3423 1354 3469 suos
1367 3407 1408 3468 ad
1423 3408 1603 3484 capitulum
1618 3423 1702 3468 con-

95 3496 209 3564 tetunus
220 3504 317 3566 alteri
334 3506 578 3569 necessitatem
603 3523 719 3569 suamc
736 3509 858 3586 quiesi
913 3522 1045 3570 vocare.

52 3615 54 3684 3
96 3596 176 3658 naar
187 3603 287 3663 ruint
296 3604 332 3664 et
343 3601 564 3680 diligitfllium
572 3620 668 3666 suum
677 3606 857 3678 carnalem,
1121 3609 1171 3668 Dc
1180 3605 1479 3680 predicatoribus.

52 3689 54 3772 ἶ
95 3697 189 3766 wirto
201 3695 499 3774 diligentiusdebet
509 3701 583 3777 quis
596 3701 735 3777 diligere
750 3706 783 3765 et
796 3720 861 3764 nu-

52 3789 54 3836 ?
95 3786 157 3850 lrire
168 3790 296 3856 fratrem
311 3812 412 3857 suum
427 3797 657 3874 spiritualemi
677 3802 717 3861 Et
741 3800 859 3877 siquis

53 4217 54 4224 ¹
140 4199 181 4259 lic
187 4205 393 4274 poenitentia
403 4199 573 4280 matribus
583 4209 800 4280 peccantibus

1203 3748 1340 3810 CAPUT
1355 3745 1411 3807 IX.

96 3889 462 3955 wmmminnrmitatem
473 3895 641 3968 ceciderit,
668 3896 727 3957 alii
740 3895 860 3959 fratres
954 3873 1087 3934 Fratres
1113 3887 1180 3933 ¹¹⁰ss
1192 3870 1374 3949 Praedioem
1388 3871 1422 3931 1¹¹
1431 3870 1624 3947 ⁰95⁸⁰⁰P⁸¹¹¹
1638 3869 1705 3931 ⁸¹1·

97 3977 229 4049 delentei
240 3991 383 4063 servire,
397 3991 483 4053 sicui
497 3993 622 4055 vellent
636 3992 701 4054 sibi
724 3994 857 4057 serviri.
914 3973 1009 4048 cuius
1030 3969 1189 4047 episcopi,
1206 3985 1281 4030 cum
1296 3968 1337 4030 ab
1362 3984 1402 4029 0⁰
1427 3968 1497 4030 5¹¹ss
1515 3968 1617 4029 sumt
1630 3983 1708 4029 00¹¹·

914 4065 1103 4129 tradictum.
1112 4069 1153 4128 Et
1163 4066 1276 4127 nullus
1288 4065 1428 4128 fratrum
1441 4064 1562 4143 populo
1573 4064 1705 4142 penitus

914 4164 1036 4227 audeat
1049 4164 1243 4242 praedicare,
1260 4164 1326 4224 nisi
1348 4164 1536 4225 aminisiro
1553 4161 1704 4238 generali

840 4322 843 4328 ,
915 4261 1015 4339 hujus
1041 4261 1273 4327 ,fraternitatis
1300 4261 1402 4322 fuerit
1429 4259 1652 4327 examinatus,
1673 4260 1707 4320 et

915 4358 1127 4436 approbatus,
1144 4360 1178 4420 et
1188 4358 1230 4420 ab
1250 4374 1291 4420 eo
1305 4358 1452 4419 officium
1465 4355 1528 4417 sihi
1544 4355 1703 4433 praedica·

346 4453 484 4515 CAPUT
505 4456 576 4516 Vll.
914 4456 1016 4519 tionis
1031 4470 1236 4518 concessum.
1250 4457 1371 4516 Moneo
1387 4468 1517 4531 quoque
1531 4454 1564 4515 et
1583 4452 1708 4515 exhor-

127 4565 217 4646 siqui
229 4572 381 4648 fratrum,
401 4576 583 4654 instigante
599 4577 748 4651 inimico,
765 4595 860 4641 mo„
914 4554 968 4615 tor
1008 4551 1141 4626 eosdem
1165 4551 1302 4624 fratres,
1329 4552 1365 4614 ut
1391 4551 1427 4612 in
1451 4550 1706 4628 praedicatione,

99 4657 185 4727 ulcr
203 4674 424 4747 peccaverint,
452 4689 512 4752 pro
535 4674 604 4736 ipis
632 4676 790 4753 peccatis,
820 4675 860 4738 de
916 4648 1580 4726 quamlaciunt,sintexaminataetcasta
1592 4664 1708 4709 eorum

99 4758 192 4829 nulus
203 4767 597 4835 ordinatumprjntgr
610 4765 744 4846 fratres,
756 4776 793 4835 up
806 4789 862 4835 m,
915 4746 1048 4823 eloqnia
1069 4746 1111 4807 ad
1135 4746 1313 4808 utilitatem
1327 4749 1361 4808 et
1373 4745 1630 4808 edificationem
1642 4761 1707 4822 po·

98 4861 224 4923 curam
246 4866 287 4927 ad
314 4868 404 4929 ,0103
422 4868 602 4931 >ministros
625 4869 859 4947 provinciales,
915 4842 997 4920 puli,
1009 4844 1239 4906 annuntiando
1258 4845 1309 4905 eis
1322 4843 1405 4906 vitia
1427 4845 1460 4905 et
1473 4843 1709 4918 virtutes‚poe-
1790 4843 1794 4852 '

99 4945 403 5039 numnius-praedicti
417 4965 537 5027 fratres
550 4965 589 5027 ad
604 4979 858 5039 gospgcumm,
915 4940 1039 5002 namet
1057 4940 1211 5018 gloriam,
1231 4955 1307 5002 cum
1335 4939 1500 5002 brevitate
1522 4937 1705 5012 sermonis;

99 5055 279 5119 mancinus
294 5063 450 5137 popm-unt
476 5062 549 5124 sing
574 5078 678 5124 mom,
700 5063 765 5139 Ipsi
781 5079 860 5126 vem
915 5037 994 5115 quia
1021 5037 1159 5100 verbum
1187 5037 1417 5100 abbreviatum
1444 5035 1523 5097 fecit
1547 5034 1707 5095 Dominus

99 5142 227 5224 minimi,
242 5156 271 5215 si
283 5157 468 5236 presbyteri
477 5159 564 5232 suut,
578 5175 654 5220 cum
670 5160 862 5222 misericor·
916 5136 1161 5210 superterram·

100 5232 142 5299 ὼ
161 5242 329 5358 injunssant
354 5253 421 5315 illis
446 5256 692 5332 Poenitffltiam
723 5257 752 5317 Si
780 5272 861 5319 *⁰¹⁶⁰
936 5295 987 5353 De
1005 5283 1237 5354 admonitione
1252 5293 1286 5352 ci
1300 5290 1511 5352 correctione
1524 5290 1690 5363 fratrum.

101 5338 251 5416 emisam
276 5364 344 5409 non
365 5353 457 5422 sunt,
487 5352 618 5429 injungi
646 5352 771 5414 faciant
804 5370 862 5430 per

101 5426 167 5494 alios
187 5444 369 5507 sacerdotes
383 5448 527 5519 Ordinis,
553 5450 639 5511 sicut
664 5450 712 5510 eis
742 5466 863 5511 secun·
1217 5425 1353 5484 CAPUT
1367 5424 1407 5482 X·

103 5520 163 5588 ‘lum
183 5535 290 5608 Deum,
320 5544 439 5604 melius
457 5545 623 5608 videbitur
637 5547 806 5624 expedire.
824 5550 863 5610 Et
958 5548 1103 5618 Fratres,
1129 5546 1186 5623 qui
1207 5547 1285 5606 sunt
1303 5544 1448 5607 ministri
1461 5546 1495 5606 et
1514 5546 1603 5606 servi
1622 5546 1707 5608 alio-

103 5631 334 5711 eveniebant,
351 5656 391 5700 ne
405 5642 593 5705 irascantur
616 5645 649 5705 et
664 5644 864 5705 conturben-
917 5660 992 5705 rum
1020 5644 1170 5716 fratrum,
1187 5643 1324 5707 visitent
1349 5644 1382 5705 et
1405 5645 1561 5705 moneant
1587 5643 1707 5707 fratres

219 5778 331 5826 sareon
350 5774 486 5833 munifi.
679 5803 686 5828 a
1486 5775 1520 5831 ln

351 4305 572 4377 imponendo.
