3950 6200
1654 212 1712 273 194

103 222 150 283 193
637 214 959 277 Paobeeonturtn.
982 242 1023 259 -
1043 214 1152 274 VITA.

100 375 261 456 prostratus
275 388 390 435 coram
404 385 491 444 arca,
513 371 549 432 in
564 349 630 449 pua
650 371 863 434 custodieba-
918 372 1005 445 dem,
1034 370 1206 448 operarios
1233 370 1335 431 etiam
1360 369 1395 429 in
1430 369 1607 430 undecima
1630 368 1716 431 hora

100 479 151 543 tur,
165 487 232 532 eam
254 470 466 531 exosculatus
480 468 584 530 multa
599 469 676 530 vota
696 469 816 530 obtulit
831 471 864 530 et
918 468 1124 538 transmittit,
1139 470 1175 527 ut
1189 466 1420 542 superfluitate
1434 466 1606 542 palmitum
1621 482 1716 528 rese-

100 567 225 631 donaria.
240 564 340 626 Addit
353 563 507 626 albanus
531 564 703 626 stadensis
724 564 864 625 Pontifi·
920 568 1005 637 cata,
1022 566 1056 627 et
1069 564 1320 626 vitulaminibus
1335 563 1460 639 spuriis
1478 563 1609 625 radices
1630 563 1716 624 altas

101 678 233 728 uncum
249 661 473 723 cardinalibus
484 676 605 736 corpus
617 662 740 736 exipsa
752 660 864 722 tumba
920 679 986 724 non
1011 661 1177 733 dantibus,
1204 676 1333 721 necnon
1356 660 1504 721 sentibus
1526 660 1714 736 extirpatis,

100 764 220 832 levasse;
248 756 394 820 tortasse
415 758 448 818 id
469 756 604 830 lactum,
630 761 667 818 ιιι
687 758 866 820 satisfieret
920 759 1064 821 fructum
1086 773 1224 819 suavem
1248 757 1367 818 efferat
1389 758 1422 819 et
1439 757 1636 834 jucundum,
1658 756 1716 834 qui

99 855 292 919 cardinalium
316 857 352 916 et
375 855 526 917 virorum
552 854 739 931 principum
764 854 862 925 votis,
920 857 1024 933 praelo
1045 855 1219 932 patientiae
1247 854 1427 915 defaecatus
1455 855 1491 915 in
1520 854 1716 915 aeternitatis

97 953 282 1029 viderentque
295 951 330 1011 in
346 951 477 1027 integro
489 966 629 1028 corpore
649 952 792 1028 pulchra
805 951 864 1012 illa
920 954 1094 1015 cellarium
1112 951 1358 1014 transferatur:
1379 951 1549 1027 impietate
1563 949 1713 1028 prolecto

98 1049 196 1113 diristi
208 1048 365 1124 vestigia.

124 1146 317 1208 adnotarunt
350 1146 463 1221 plures
498 1146 651 1208 auctores
682 1147 866 1207 canoniza-

95 1243 174 1305 tionis
193 1241 333 1303 lormam
358 1243 392 1303 et
415 1242 675 1315 solemnitatem
701 1258 809 1320 neque
830 1240 864 1302 id

95 1342 201 1411 ιιιιιιιιι,
217 1339 295 1416 quia
316 1339 409 1400 ultra
432 1354 547 1400 omnes
571 1339 634 1400 luit
650 1341 809 1412 maxima,
830 1341 867 1400 ut

96 1435 239 1498 adnotavit
248 1437 402 1498 ioannes
416 1436 458 1497 de
471 1436 641 1498 Florentia
654 1437 691 1497 in
705 1435 865 1514 opusculo

96 1533 240 1594 labacro
258 1534 329 1594 MS.
347 1532 457 1609 primo
478 1549 521 1594 ex
543 1533 691 1594 insolitis
705 1548 867 1595 caeremo-

96 1631 153 1700 niis,
170 1645 241 1690 nam
264 1644 418 1706 eousque
440 1631 588 1692 recitatis
608 1629 866 1707 approbetisque

97 1726 242 1788 msmreto
261 1726 491 1788 cardinalium
510 1727 709 1789 consistorio
727 1727 868 1788 canoni·

95 1824 168 1884 randi
178 1824 361 1896 miraculis,
375 1823 625 1887 adscribebatur
637 1823 762 1901 absque
775 1825 866 1886 tanto

51 1968 52 1973 1
97 1922 227 1997 apparatu
249 1936 393 1983 numero
412 1924 613 1984 sanctorum.
635 1920 798 1993 secundo,
824 1937 867 1982 ex

96 2019 163 2079 buta
179 2018 351 2080 renducis
369 2019 573 2093 dignatione,
591 2020 627 2080 ut
645 2019 868 2095 personaliter

97 2114 221 2177 cumtota
232 2116 330 2176 curia
347 2116 481 2177 venerit
495 2115 536 2176 ad
552 2114 615 2177 boc
635 2117 754 2176 munus
767 2117 866 2176 Assi-

98 2209 169 2282 sium,
183 2214 278 2288 atque
294 2212 371 2289 ipse
384 2212 450 2272 viri
464 2212 572 2275 sancti
583 2212 686 2272 vitam
704 2214 737 2273 et
750 2211 867 2273 laudes

99 2306 127 2364 al
150 2308 296 2384 populum
338 2308 474 2379 dixerit,
511 2308 654 2384 plurima
690 2323 867 2369 recensens

98 2418 187 2478 magna
204 2405 307 2465 animi
333 2403 574 2477 teneritudine,
603 2420 676 2481 quae
700 2406 867 2468 viventem

98 2499 178 2562 adbuc
200 2499 319 2562 iecisse
346 2500 433 2562 vidit
455 2501 514 2563 aut
533 2502 689 2577 cognovit
709 2517 753 2563 ex
775 2503 866 2563 arcta

97 2610 149 2655 cum
161 2613 195 2658 eo
208 2598 471 2661 necessitudine.
488 2600 612 2672 Tertio,
628 2614 672 2661 ex
687 2599 867 2676 praesentia

99 2695 216 2771 corporis
229 2696 340 2772 ipsius
364 2695 471 2757 sancti
487 2695 604 2772 patris,
624 2697 709 2772 quod
727 2696 868 2758 tortasse

99 2791 185 2863 ιιιιιι
207 2793 263 2854 aut
293 2791 403 2852 nullis
437 2792 709 2853 canonizatorum
744 2794 865 2855 evenit.

99 2886 202 2961 Quarto,
218 2905 260 2950 ex
278 2889 428 2966 plurima
450 2890 663 2951 attestatione
677 2891 711 2951 et
727 2890 866 2951 concla-

97 2984 211 3046 natione
221 2986 400 3047 bominum
408 2987 624 3063 ipsorumque
633 2987 865 3054 cardinalium

51 3133 53 3170 Ξ
96 3080 137 3155 qui
158 3085 225 3146 ante
250 3083 430 3146 biennium
460 3084 612 3146 sanctum
640 3083 749 3145 virum
772 3084 868 3147 vide-

51 3175 53 3210 ³
51 3181 161 3249 runt,
186 3182 425 3258 cognoverunt,
460 3181 718 3258 stigmatizatum
744 3181 868 3257 proba-

51 3227 52 3310 l
94 3277 161 3336 runt
181 3279 226 3338 lix
244 3279 304 3340 his
319 3277 545 3348 fidelissimus,
567 3279 658 3338 omni
676 3279 867 3355 acceptione

51 3315 179 3470 {major
194 3375 263 3436 test'
240 3378 283 3436 tis
312 3373 376 3437 luit
397 3374 589 3451 Raynaldus
613 3390 656 3437 ex
678 3375 870 3444 comitibus·

51 3437 242 3532 renducis
269 3486 391 3548 nepos,
423 3471 486 3547 qui
515 3472 593 3533 ante
623 3471 866 3533 cardinalatum

51 3562 248 3629 ,ιιιιιιιιιο
262 3567 447 3629 familiaris
459 3566 532 3638 luit,
547 3568 603 3629 et
594 3584 629 3629 ιιι
641 3569 784 3630 viventis
797 3585 868 3631 cor-

100 3674 161 3733 pore
182 3665 336 3740 stigmata
365 3664 546 3741 perspexit,
581 3665 671 3727 velut
703 3667 775 3742 ipse
794 3668 866 3742 J‘am

100 3755 236 3828 Poulilei,
258 3760 457 3822 Alexander
481 3762 525 3822 IV
546 3761 774 3833 renunciatus,
804 3779 867 3839 pu-

51 3835 53 3894 l
98 3847 164 3914 blica
176 3858 335 3919 concione
350 3856 438 3918 dixit
450 3856 492 3917 ad
505 3857 674 3933 populum.

170 4149 396 4212 11.·13UL1m
418 4150 771 4213 CANONIZATIONIS

145 4286 247 4351 dcccii
265 4292 461 4361 Francisct,
481 4293 622 4364 ejusque
639 4293 708 4352 diet
725 4292 806 4365 festi

376 4387 560 4448 institutio.

104 4530 290 4679 pomus
326 4536 515 4613 episcopus,
546 4551 664 4599 servus
693 4553 866 4600 servorum

124 4625 157 4696 ei,
169 4631 223 4691 etc.

919 1051 1012 1113 velut
1034 1051 1106 1125 igni
1131 1063 1305 1119 succensa,
1331 1048 1365 1108 et
1393 1046 1592 1123 frigescente
1621 1047 1715 1108 cari-

919 1150 987 1210 tate
1013 1148 1204 1215 multorum‚
1225 1146 1260 1206 in
1283 1145 1431 1221 ejusdem
1455 1145 1635 1205 maceriam
1659 1144 1713 1204 di-

920 1244 1097 1315 ruendam,
1109 1240 1314 1304 irruentibus
1329 1241 1544 1313 Philistbaeis,
1562 1241 1714 1318 portione

919 1342 1063 1403 terrenae
1085 1338 1280 1401 cadentibus
1288 1338 1486 1414 voluptatis.

961 1440 1046 1500 Ecce
1056 1439 1090 1497 in
1105 1436 1188 1499 hora
1200 1436 1375 1497 undecima
1387 1436 1557 1503 Dominus,
1572 1435 1715 1512 quicum

920 1534 1039 1596 diluvii
1054 1549 1140 1611 aqua
1161 1534 1284 1594 terram
1299 1532 1436 1603 deleret,
1452 1532 1580 1608 justum
1596 1548 1655 1610 per
1669 1532 1715 1592 li-

920 1648 1034 1708 gnum,
1067 1628 1347 1706 contemptibilem
1377 1628 1586 1705 gubernavit,
1616 1644 1718 1706 super

921 1730 1044 1790 sortem
1069 1730 1237 1805 justorum
1262 1727 1391 1802 virgam
1415 1726 1623 1802 peccantium
1650 1742 1717 1789 non

919 1826 1125 1907 relinquens,
1142 1825 1303 1886 excitavit
1317 1839 1451 1885 servum
1466 1840 1563 1884 suurn
1581 1823 1717 1885 beatum

921 1924 1138 1984 Franciscum
1170 1920 1279 1982 virum
1308 1922 1422 1998 utique
1448 1921 1631 1982 secundum
1660 1936 1718 1982 cor

922 2037 1030 2092 suum,
1058 2019 1145 2096 apud
1174 2018 1394 2093 cogitationes
1419 2016 1558 2079 divitum
1582 2017 1716 2093 lampa-

922 2117 996 2177 dem
1011 2113 1144 2192 quidem
1165 2114 1398 2190 contemptam,
1421 2113 1479 2174 sed
1504 2114 1654 2190 paratam
1674 2113 1717 2174 ad

921 2216 1051 2288 tempus
1075 2212 1245 2281 statutum,
1273 2211 1365 2271 illam
1397 2210 1433 2270 in
1458 2211 1591 2271 vineam
1622 2225 1716 2271 suam

922 2310 1067 2380 mittens,
1088 2308 1125 2370 ut
1145 2324 1189 2369 ex
1206 2307 1276 2382 ipsa
1299 2307 1414 2383 spinas
1430 2307 1463 2369 et
1481 2322 1600 2382 vepres
1624 2306 1717 2367 evel-

922 2407 1017 2476 leret,
1034 2404 1209 2482 prostratis
1224 2404 1317 2464 illam
1336 2402 1607 2480 impugnantibus
1629 2404 1715 2464 Ριιι-

921 2502 1049 2574 listaeis,
1062 2501 1281 2563 illuminando
1291 2501 1444 2577 patriam,
1456 2504 1489 2562 et
1502 2500 1716 2563 reconciliari

921 2603 1001 2672 Deo,
1017 2598 1251 2661 exhortatione
1265 2598 1381 2659 sedula
1397 2598 1647 2658 commonendo.

961 2697 1024 2769 Qui
1037 2696 1150 2758 audita
1163 2695 1303 2757 interius
1315 2710 1396 2756 voce
1412 2695 1585 2756 invitantis
1602 2695 1714 2768 amici,

922 2794 1222 2870 impigersurgens,
1232 2792 1345 2852 mundi
1354 2792 1489 2853 vincula
1498 2791 1713 2862 blandientis,

922 2893 1018 2968 quasi
1033 2891 1120 2953 alter
1135 2893 1287 2960 Samson,
1304 2889 1412 2969 gratia
1433 2889 1547 2951 divina
1562 2905 1716 2966 praeven-

921 2990 975 3051 tus
1002 2988 1136 3065 dirupit,
1167 2989 1201 3049 et
1228 2987 1348 3063 spiritu
1378 2986 1519 3048 fervoris
1543 2990 1715 3064 concepto,

921 3087 1074 3163 asinique
1097 3086 1231 3162 arrepta
1253 3083 1456 3156 mandibula,
1479 3083 1717 3161 predicatione

921 3183 1085 3261 siquidem
1100 3182 1255 3258 simplici,
1271 3182 1374 3241 nullis
1388 3181 1566 3242 verborum
1582 3198 1718 3258 persua·

922 3279 1069 3340 sibilium
1082 3279 1237 3340 humanae
1248 3277 1422 3354 sapientia
1434 3278 1603 3340 coloribus
1616 3279 1717 3340 ador-

921 3378 1012 3448 nata,
1029 3376 1087 3437 sed
1102 3378 1214 3437 tamen
1229 3374 1288 3435 Dei
1300 3375 1423 3435 virtute
1438 3375 1574 3450 potenti,
1591 3376 1647 3451 qui
1663 3377 1718 3437 iu-

922 3473 1017 3533 lirma
1042 3472 1156 3533 mundi
1184 3471 1288 3546 eligit,
1317 3472 1353 3532 ιιι
1376 3470 1474 3531 tortia
1499 3487 1716 3549 quaecumque

922 3567 1113 3638 contundat,
1140 3582 1207 3629 non
1239 3568 1368 3627 tantum
1398 3568 1502 3635 mille,
1530 3569 1586 3630 sed
1612 3570 1716 3632 multa

921 3667 1028 3727 millia
1038 3664 1327 3734 Philisthinorum,
1340 3679 1380 3724 eo
1391 3664 1447 3740 qui
1458 3666 1565 3740 tangit
1575 3667 1714 3738 montes,

921 3762 954 3822 et
967 3760 1141 3835 fumigant,
1163 3758 1316 3831 iaciente,
1334 3759 1523 3835 prostravit,
1545 3760 1579 3821 et
1592 3761 1627 3821 in
1642 3761 1716 3838 spi-

921 3858 1005 3920 ritus
1029 3857 1222 3918 servitutem
1248 3856 1388 3931 redegit,
1414 3855 1526 3916 carnis
1550 3857 1717 3920 illecebris

921 3955 1019 4020 antea
1039 3953 1234 4014 servientes.
1256 3951 1382 4024 Quibus
1396 3952 1488 4014 vitiis
1508 3955 1659 4028 mortuis,
1685 3959 1718 4018 et

920 4055 989 4113 Deo
1001 4050 1201 4121 viventibus,
1211 4052 1282 4126 jam
1295 4064 1362 4110 non
1374 4050 1469 4126 ipsis,
1484 4066 1624 4127 quorum
1638 4069 1717 4129 pars

921 4150 1066 4226 pessima
1087 4148 1196 4224 periit,
1214 4162 1257 4207 ex
1278 4145 1471 4207 mandibula
1491 4148 1565 4223 ipsa
1579 4163 1716 4223 egressa

921 4247 1056 4323 copiosa
1071 4247 1121 4306 est
1139 4259 1238 4320 aqua,
1256 4243 1422 4316 reficiens,
1440 4243 1589 4318 abluens,
1610 4248 1643 4307 et
1662 4245 1715 4307 ie-

921 4341 1070 4405 cundans
1093 4341 1216 4417 lapsos,
1232 4340 1394 4412 sordidos,
1418 4343 1453 4412 et
1470 4343 1625 4402 arentes:
1642 4359 1716 4420 quae

921 4441 956 4502 in
970 4440 1073 4501 vitam
1084 4440 1243 4500 aternam
1256 4437 1381 4497 saliens
1393 4436 1518 4516 absque
1530 4441 1670 4514 argento
1684 4445 1718 4503 et

921 4535 1178 4604 commutatione
1192 4533 1305 4609 aliqua
1325 4534 1433 4609 potest
1447 4535 1512 4595 emi
1527 4551 1535 4596 :
1555 4540 1651 4614 cujus
1666 4538 1717 4598 ri·

922 4633 991 4696 vuli
1005 4632 1102 4707 longe
1117 4631 1250 4707 lateque
1266 4629 1391 4703 diffusi,
1415 4632 1546 4693 vineam
1561 4633 1715 4711 irrigant,

133 4720 264 4789 libanda
283 4729 377 4790 circa
400 4743 462 4789 nos
485 4728 607 4790 divinae
631 4730 764 4807 pietatis
787 4731 866 4808 dig·
922 4729 1077 4809 usquead
1088 4743 1181 4790 mare
1192 4726 1356 4804 palmites,
1371 4730 1404 4792 et
1417 4745 1521 4806 usque
1536 4729 1577 4791 ad
1592 4731 1716 4794 flumen

106 4817 183 4891 ratio,
207 4826 239 4886 et
267 4824 512 4887 inaestimabilis
543 4826 677 4889 dileetio
703 4830 864 4902 caritatis,
921 4826 1122 4905 propagines
1137 4824 1381 4887 extendentem.

106 4924 154 4984 lut
169 4918 279 4983 Filium
300 4937 361 4999 pro
382 4937 480 5002 servo
499 4923 636 4986 tradidit
659 4924 864 4997 redimendo,
960 4925 1022 4986 Hic
1050 4923 1193 5000 denique
1215 4922 1320 4999 patris
1342 4924 1449 4985 nostri
1473 4923 1615 4986 Abrabae
1637 4925 1715 4986 imi-

107 5003 171 5072 dona
192 5031 256 5079 suae
282 5014 510 5081 miserationis
538 5033 605 5082 non
633 5021 801 5095 deserens,
833 5025 867 5085 et
919 5022 1008 5084 tatus
1027 5020 1179 5095 vestigia,
1206 5020 1316 5081 mente
1339 5018 1380 5080 de
1403 5021 1505 5092 terra,
1531 5023 1564 5082 et
1585 5035 1713 5097 cogna-

106 5102 209 5172 u'aeam
233 5114 369 5178 dextera
395 5117 468 5193 ejus
494 5117 675 5222 plantatam
707 5120 865 5182 continua
920 5120 1011 5180 tione
1029 5133 1102 5188 sua,
1123 5132 1254 5178 necnon
1275 5117 1372 5177 domo
1395 5117 1499 5192 patris
1522 5119 1594 5192 eJ'us
1612 5132 1713 5194 egre·

108 5201 276 5268 immitens
296 5223 510 5280 conservans,
533 5208 569 5271 in
587 5210 680 5271 illam
695 5213 751 5289 qui
769 5213 864 5274 salu·
919 5215 1026 5284 diane,
1045 5212 1177 5275 iturus
1168 5228 1202 5273 ιιι
1220 5213 1342 5274 terram
1359 5226 1457 5288 quam
1472 5209 1538 5271 sibi
1552 5214 1713 5277 Dominus

108 5286 216 5357 briter
208 5317 308 5378 ipsam
335 5303 502 5378 excolant,
527 5307 709 5369 evellentes
732 5311 865 5372 sarculo
920 5313 1033 5373 divina
1063 5308 1283 5387 inspiratione
1314 5310 1523 5372 monstraret
1551 5311 1587 5370 ut
1611 5325 1715 5388 expe-

110 5399 138 5447 ιι
153 5406 276 5473 vomere,
296 5417 361 5478 quo
381 5401 522 5477 samgar
535 5407 718 5467 sexcentos
742 5407 867 5469 Philis-
920 5408 1021 5470 ditius
1041 5407 1191 5468 curreret
1211 5405 1252 5465 ad
1269 5403 1421 5464 bravium
1436 5404 1621 5467 vocationis
1640 5424 1712 5470 eoe-

109 5481 188 5550 theca
205 5499 373 5573 percussit,
395 5498 510 5575 spinas
530 5502 563 5563 et
581 5500 722 5563 tribulos
742 5518 784 5565 ex
803 5520 865 5565 ea·
920 5505 1024 5576 lestis,
1041 5508 1075 5565 et
1087 5501 1149 5580 per
1168 5502 1342 5576 angustam
1359 5501 1487 5576 portam
1504 5507 1614 5578 posset
1628 5504 1714 5576 laci..

220 5641 331 5686 ramos.
352 5643 427 5686 roras
446 5631 493 5688 Vl.
1559 5634 1574 5688 7
