3950 6200
126 298 182 359 lot
669 297 995 362 PROLEGOMENA.
1016 326 1056 344 -
1082 296 1190 358 VITA.
1692 295 1752 357 i06

126 456 217 518 dabat
237 454 322 516 dirui
344 456 525 534 aliqnando
548 458 662 520 domos
684 459 823 530 erectas,
846 457 905 518 ant
958 453 1752 532 suipromissumconsiliumpraetermitti'rran·

125 552 234 616 1661166
260 554 383 615 exinde
410 556 568 627 amoveri,
595 557 623 616 si
647 557 770 633 aliquid
794 557 829 616 in
854 555 903 615 eis
958 554 1047 614 61666
1063 553 1173 614 autem
1194 553 1335 629 quodam
1352 555 1501 627 temporo
1523 552 1576 613 vir
1597 551 1656 611 Dei
1675 567 1750 612 oum

124 650 305 727 perciperet,
336 651 424 726 quod
458 654 588 713 ratione
622 651 902 730 appropriationis
958 650 1463 726 suosocioperApuliamjnxta
1474 651 1607 716 Barum,
1623 648 1751 710 invenit

123 747 172 808 vel
189 748 447 823 sumptuositatis
462 751 665 813 contrarium
687 750 775 811 esset
795 764 901 810 evau-
958 749 993 808 in
1014 748 1070 809 via
1092 747 1227 808 bursam
1250 762 1414 821 magnam,
1431 746 1526 823 quasi
1545 745 1644 822 plena
1663 747 1752 807 esset

124 843 190 905 licae
198 844 394 920 paupertati.
957 845 1121 915 denariis,
1141 844 1397 914 tumescentem,
1421 859 1520 921 quam
1544 843 1666 904 usitato
1690 858 1751 903 vo-

156 943 246 1002 Hanc
263 941 316 1001 sui
338 941 470 1004 dicebat
493 944 619 1005 ordinis
639 944 900 1013 fundamentum,
958 942 1075 1002 cabulo
1091 941 1240 1002 Fundam
1256 940 1435 1017 appellant.
1457 940 1610 1001 Monetur
1624 956 1644 1000 a
1659 940 1750 1000 socio

122 1039 171 1100 cni
193 1038 359 1100 substrato
387 1041 547 1116 primarie
575 1042 624 1103 sic
652 1041 761 1102 omnis
790 1043 901 1102 struc—
958 1055 1085 1115 pauper
1108 1039 1250 1110 Christi,
1275 1040 1308 1100 et
1333 1039 1497 1099 instanter
1519 1037 1689 1098 inducitur
1714 1038 1751 1100 ut

121 1137 188 1197 tura
213 1135 386 1211 religionis
413 1138 579 1209 innititur,
606 1139 640 1200 ut
659 1139 765 1214 ipsius
793 1137 902 1196 firmi-
957 1135 1058 1197 bursa
1079 1136 1216 1197 tollatur
1231 1151 1249 1196 e
1266 1138 1367 1205 terra,
1385 1137 1418 1196 et
1433 1136 1572 1210 pecunia
1588 1135 1749 1211 pauperi·
1815 1155 1823 1164 “

122 1235 182 1295 1616
200 1232 361 1306 firmetur,
385 1237 419 1296 et
436 1236 610 1296 eversione
634 1234 780 1295 funditus
804 1249 902 1295 ever·
957 1232 1019 1294 bns
1043 1233 1209 1308 erogetur.
1235 1232 1358 1294 Rennit
1378 1232 1476 1294 homo
1492 1231 1562 1303 Dei,
1579 1247 1750 1293 commen-

120 1330 211 1391 tatur.
224 1330 370 1392 Docebat
380 1332 531 1407 proinde,
545 1332 632 1394 sicut
640 1330 845 1393 revelatione
857 1330 904 1390 di·
957 1335 1026 1394 tum
1038 1330 1208 1391 affirmans
1220 1328 1292 1391 fore
1304 1329 1428 1391 diaboli
1440 1330 1475 1390 in
1488 1329 1588 1390 bursa
1598 1329 1746 1398 inventa,

122 1427 248 1499 dicarat,
263 1442 371 1489 sacrae
392 1427 565 1504 religionis
585 1429 773 1505 ingressum
788 1427 830 1489 ab
845 1426 903 1487 illo
957 1429 991 1491 et
1019 1427 1154 1489 fratrem
1182 1444 1249 1488 non
1275 1427 1417 1489 suadere
1443 1442 1512 1487 rem
1541 1425 1661 1498 meriti,
1692 1425 1749 1486 sed

122 1523 183 1586 fore
203 1524 427 1586 inchoandum
446 1527 638 1602 evangelico
654 1525 754 1586 verbo
769 1547 776 1584 :
794 1527 832 1585 st
849 1526 904 1585 cis
958 1525 1110 1602 peccati:
1132 1525 1249 1585 Aliena
1271 1524 1401 1585 scilicet
1424 1525 1605 1599 surripere,
1631 1538 1670 1583 ac
1692 1522 1752 1584 do·

120 1623 283 1697 perfectus
296 1636 385 1693 esse,
401 1626 498 1694 uode,
513 1625 547 1684 et
561 1625 669 1684 vende
683 1625 812 1693 emoto,
828 1636 904 1694 quoe
958 1639 1050 1685 nare.
1069 1622 1239 1684 Recedunt
1258 1622 1298 1681 de
1317 1623 1401 1691 loco,
1419 1620 1578 1682 festinant
1593 1620 1656 1682 iter
1671 1635 1750 1696 per·

122 1721 219 1789 16166,
240 1720 276 1780 et
301 1723 345 1781 do
363 1723 585 1794 pauperibus.
608 1719 728 1797 (Matt,
749 1734 820 1785 xix,
835 1716 901 1796 21.)
958 1721 1058 1781 ficere
1071 1721 1224 1796 coeptum.
1246 1718 1309 1779 Sed
1332 1718 1478 1779 nondum
1493 1717 1634 1794 quiescit
1648 1716 1752 1778 frater

123 1814 251 1892 ideoque
265 1830 336 1877 non
357 1816 424 1877 nisi
446 1816 688 1893 expropriatos,
705 1805 739 1877 el
753 1815 904 1891 61111166-
957 1834 1064 1879 vacua
1077 1818 1199 1893 pietate
1210 1816 1356 1888 delusus,
1368 1815 1477 1876 virum
1488 1815 1547 1876 Dei
1558 1815 1749 1887 molestans,

121 1913 198 1973 nitus
223 1913 411 1976 retinentes
435 1914 630 1976 admittebat
662 1914 705 1974 ad
740 1913 901 1983 ordinem,
958 1914 1055 1993 quasi
1076 1915 1133 1990 qui
1148 1914 1188 1974 de
1204 1913 1382 1975 relevanda
1407 1927 1590 1988 pauperum
1610 1911 1752 1987 penuria

121 2012 180 2071 tum
191 2012 329 2086 propter
348 2011 484 2072 verbnm
506 2011 613 2072 sancti
633 2010 817 2086 Evangelii,
834 2011 902 2071 tum
959 2028 1024 2073 non
1056 2013 1200 2073 curaret.
1227 2010 1402 2087 acquievit
1427 2009 1561 2070 tandem
1584 2010 1637 2069 vir
1661 2009 1752 2070 mitis

122 2107 207 2167 etiam
224 2122 268 2167 ne
285 2106 444 2169 ferentin
464 2107 657 2169 scandalum
671 2107 773 2168 loculi
788 2122 902 2168 reser-
958 2109 1069 2170 redire
1083 2109 1124 2169 ad
1137 2109 1257 2179 locum,
1271 2124 1338 2168 non
1360 2109 1397 2169 ut
1417 2106 1531 2168 fratris
1546 2106 1751 2167 voluntatem

121 2204 188 2264 vati.
203 2204 301 2266 Unde
313 2205 349 2265 in
360 2204 511 2265 Maronia
524 2205 757 2266 anchonitana
770 2203 903 2280 quidam
958 2205 1150 2284 perficeret,
1188 2206 1246 2266 sed
1281 2207 1317 2267 ut
1351 2205 1521 2280 detegeret
1554 2202 1751 2264 diabolicam

121 2301 230 2376 petenti
249 2301 295 2361 ad
311 2302 463 2362 ordinem
477 2303 592 2377 recipi,
607 2317 707 2362 verus
722 2316 904 2377 pauperum
958 2304 1119 2364 fraudem.
1131 2303 1295 2364 Reversus
1306 2304 1445 2377 estergo
1458 2301 1499 2361 ad
1514 2301 1664 2361 Fundam
1677 2316 1752 2361 cnm

121 2398 300 2473 patriarcba
314 2398 488 2475 respondit
503 2420 510 2458 :
528 2399 564 2459 Si
575 2399 627 2461 vis
640 2398 763 2459 Christi
779 2412 905 2473 paupe-
958 2399 1073 2470 fratre,
1095 2401 1128 2461 et
1145 2402 1269 2476 Juvene
1292 2398 1445 2474 quodam,
1463 2397 1606 2473 quierat
1627 2398 1662 2457 in
1684 2396 1750 2457 via.

120 2494 321 2572 ribusjungi,
339 2495 541 2572 pauperibus
566 2496 623 2557 tna
645 2494 818 2556 distribue.
834 2496 904 2565 Quo
959 2498 1116 2560 Oratione
1128 2496 1311 2572 praemissa,
1317 2495 1412 2571 jubet
1422 2495 1513 2556 socio
1524 2495 1617 2555 illam
1626 2494 1751 2554 levare.

122 2592 236 2664 audito,
261 2594 416 2670 perrexit
447 2592 562 2664 bomo,
587 2594 620 2654 et
645 2592 762 2653 ductus
791 2606 904 2650 amore
959 2593 1186 2655 Tremefactus
1208 2592 1311 2655 frater
1337 2591 1521 2667 obstupuit,
1551 2591 1753 2652 diabolicum

122 2690 244 2761 carnali,
255 2705 320 2751 sua
329 2690 401 2750 suis
410 2690 556 2766 reliquit,
567 2690 680 2766 nilque
688 2686 901 2765 pauperibus.
955 2695 1027 2770 jam
1050 2691 1267 2768 praesentiens
1291 2691 1493 2764 monstrum3
1517 2688 1652 2765 propter
1670 2688 1753 2749 obe-

122 2787 228 2846 Verum
242 2803 322 2848 cum
338 2787 412 2859 hoc,
436 2787 495 2847 illo
509 2787 686 2854 referente,
701 2786 754 2846 vir
770 2786 904 2846 sanctus
959 2789 1094 2851 dientiae
1108 2792 1221 2849 tamen
1237 2788 1360 2848 sanctae
1380 2786 1583 2859 mandatum,
1598 2786 1752 2847 dubieta-

41 2871 42 2878 ¹
123 2882 902 2960 1111188111,(1111361161ἰηΰΐθρᾶῐὶθῦθΐθΐίθΰὸ,
958 2888 1025 2949 tem
1054 2885 1192 2961 abigens
1216 2884 1344 2955 cordis,
1370 2899 1504 2944 manum
1537 2883 1687 2945 extendit
1710 2883 1753 2943 ad

41 3043 43 3060 ‚
123 2979 214 3041 dixit:
231 2982 326 3042 Vade
341 2981 430 3042 viam
449 2983 546 3053 tuam,
561 2980 665 3043 frater
679 2996 804 3051 musca,
822 2993 905 3055 quo·
958 2985 1105 3046 bursam.
1129 2985 1168 3044 nt
1190 2997 1270 3043 eece
1291 2997 1428 3059 serpens
1453 2997 1519 3042 non
1544 2981 1692 3041 modicus
1712 2980 1752 3040 de

41 3126 43 3169 ἰ
123 3076 199 3139 niam
221 3079 372 3140 nondum
389 3079 544 3141 aristide
559 3078 761 3141 domoretde
776 3092 904 3153 cogna-
959 3080 1060 3142 bursa
1085 3081 1240 3152 exiliens,
1267 3080 1433 3157 simulque
1457 3094 1531 3141 oum
1552 3079 1624 3156 ipsa
1646 3077 1755 3140 subito

123 3175 199 3236 tione
210 3180 278 3238 tua.
296 3177 563 3253 consangnineis
577 3177 643 3238 tuis
655 3177 713 3237 tua
726 3175 857 3245 dedisti,
873 3174 905 3235 et
960 3195 1174 3252 evanescens,
1196 3177 1395 3240 diabolicam
1417 3177 1644 3252 deceptionem
1660 3175 1755 3236 fratri

41 3292 42 3339 3
123 3270 315 3337 defraudasti
326 3289 490 3351 pauperes
501 3296 508 3334 :
518 3273 637 3348 dignus
651 3289 717 3334 non
728 3289 763 3333 66
779 3288 906 3350 paupe-
960 3277 1168 3339 monstravit.
1183 3276 1321 3337 Hostilis
1338 3276 1448 3351 itaque
1460 3273 1616 3335 versutiae
1631 3272 1757 3348 depre-

41 3446 42 3453 ,
123 3368 201 3431 ribus
210 3372 338 3433 sanctis
351 3371 486 3432 sociari.
498 3370 667 3447 Incoepisti
678 3387 698 3431 a
709 3386 821 3441 carne,
833 3371 906 3431 rni-
961 3375 1066 3436 hensa
1080 3372 1224 3444 fallacia,
1240 3373 1326 3433 dixit
1334 3373 1388 3433 vir
1400 3372 1535 3432 sanctus
1550 3370 1591 3431 ad
1607 3370 1753 3431 socium:

41 3498 42 3505 ,
122 3480 224 3528 nusum
239 3468 493 3530 fundamentum
507 3468 671 3544 spirituali
689 3467 825 3529 fabricae
836 3468 906 3529 col·
961 3470 1108 3533 Pecunia
1122 3470 1229 3531 serris
1243 3470 1314 3541 Dei,
1328 3485 1347 3529 o
1360 3469 1474 3540 frater,
1488 3467 1572 3528 nihil
1586 3466 1677 3528 aliud
1692 3466 1754 3535 est,

41 3574 42 3617 t
122 3560 237 3627 beasti.
251 3565 367 3628 Rediit
377 3565 532 3626 animalis
545 3564 644 3626 homo
654 3564 695 3625 ad
710 3581 799 3635 suos,
814 3567 847 3626 et
857 3580 907 3626 re·
961 3584 1061 3647 quam
1076 3566 1244 3637 diabolus,
1258 3569 1292 3627 et
1304 3565 1440 3627 coluber
1454 3580 1652 3627 venenosus.

124 3662 363 3740 petiitsna,quee
372 3661 574 3739 pauperibus
582 3662 771 3738 relinquere
780 3662 906 3733 nolens,
1001 3664 1130 3726 Accidit
1147 3666 1220 3741 post
1239 3664 1311 3724 haec
1326 3663 1490 3741 quoddam
1510 3660 1663 3722 mirabile
1682 3662 1759 3722 viro

123 3759 241 3822 11116116
264 3760 473 3837 propositum
496 3760 594 3821 citius
620 3759 808 3835 dereliquit.
831 3760 906 3819 Alio
961 3765 1088 3834 sancto,
1112 3761 1189 3821 dum
1225 3777 1261 3823 se
1294 3763 1336 3823 ad
1369 3761 1537 3822 civitatem
1562 3762 1755 3830 senensem,

41 3896 43 3911 ,
124 3871 238 3935 qnoque
251 3859 404 3934 tempore
417 3872 491 3918 cum
506 3857 542 3917 in
554 3857 627 3918 loco
643 3858 775 3919 Sanctae
789 3856 906 3917 Mariae
961 3875 1064 3922 causa
1090 3859 1255 3935 exigente,
1276 3857 1484 3920 transferret.
1514 3860 1594 3918 Tres
1623 3856 1756 3934 quidem

41 4000 42 4003 ¹
125 3950 158 4012 de
170 3955 381 4027 portiuncula
392 3956 484 4015 tanta
497 3957 586 4015 esset
599 3953 722 4030 inopia,
736 3953 821 4030 quod
838 3968 905 4013 non
960 3958 1119 4019 mulieres
1146 3957 1374 4033 pauperculae,
1403 3957 1548 4025 statura,
1578 3955 1687 4026 aetate,
1717 3970 1758 4014 ac
1788 4030 1791 4037 Ι

126 4054 222 4123 posset
229 4052 419 4129 hospitibus
427 4051 585 4112 fratribus
594 4050 906 4127 supervenientibus
960 4055 1047 4116 faeie
1062 4055 1247 4131 peremnia
1262 4053 1400 4124 similes,
1423 4053 1457 4113 in
1479 4052 1622 4129 quadam
1637 4052 1669 4111 ei
1684 4067 1758 4111 ma-

127 4149 290 4210 socundum
319 4149 532 4210 necessitatis
561 4148 763 4223 exigentiam
793 4148 907 4224 provi·
960 4168 1026 4228 gna
1048 4152 1187 4228 planitie
1209 4151 1298 4213 inter
1318 4150 1515 4226 campilium
1540 4151 1574 4209 et
1598 4149 1758 4209 Sanctum

128 4240 287 4316 deri,adiit
297 4247 407 4307 virum
420 4247 480 4307 Dei
490 4246 637 4307 vicarius
650 4261 741 4316 suus,
754 4244 906 4320 allegans
961 4251 1131 4321 Quiricum
1156 4249 1385 4317 occurrerunt,
1403 4263 1524 4307 novum
1543 4245 1755 4306 salutationis

127 4344 282 4415 penuriam
305 4344 458 4415 fratrum,
475 4344 508 4405 et
529 4346 644 4421 petens
657 4346 696 4404 ut
709 4343 905 4404 intrantium
961 4345 1192 4407 munusculum
1207 4345 1237 4405 61
1253 4344 1442 4405 offerentes.
1460 4345 1548 4403 Bene
1562 4342 1686 4414 veniat,
1701 4342 1759 4402 in·

41 4512 42 4515 η
129 4439 312 4501 lumborum
337 4457 391 4501 res
415 4440 546 4517 aliquas
571 4456 746 4502 reservare
776 4440 902 4511 liceret,
961 4444 1089 4521 quiunt,
1104 4442 1237 4502 domina
1252 4442 1441 4517 paupertas.

41 4596 43 4617 ,
129 4534 162 4593 ad
189 4553 266 4614 quas
302 4538 537 4614 expendendas
569 4553 745 4599 recurrere
769 4539 907 4614 possent
1001 4544 1071 4612 Quo
1103 4539 1232 4609 audito,
1262 4554 1361 4599 verus
1389 4539 1595 4615 paupertatis
1628 4540 1761 4600 amator

41 4630 43 4699 ῗ
128 4628 230 4694 fratres
254 4636 402 4711 tempore
427 4636 622 4711 opportuno.
650 4634 699 4695 Ad
729 4650 826 4711 quem
852 4636 906 4695 vir
960 4638 1124 4699 indicibili
1139 4636 1285 4712 repletus
1299 4639 1350 4697 est
1360 4637 1494 4712 gaudio,
1510 4638 1622 4713 utpote
1635 4637 1691 4713 qni
1703 4636 1758 4695 ni-

130 4732 256 4802 sanctus,
285 4734 423 4808 superni
463 4732 595 4793 consilii
634 4748 700 4793 non
739 4732 903 4808 ignarus:
960 4736 1008 4795 llil
1021 4737 1055 4796 in
1067 4751 1102 4796 se
1114 4733 1324 4796 salutandum
1337 4733 1758 4795 bominibustamlibenter

129 4821 216 4897 absit,
232 4829 386 4906 inquit,a
409 4829 515 4901 nobis,
540 4828 644 4890 frater
667 4830 854 4900 carissime,
870 4831 906 4891 ut
960 4833 1111 4903 haberet,
1127 4847 1226 4908 qnam
1242 4831 1327 4907 quod
1354 4832 1421 4892 illae
1442 4831 1670 4892 decreverant.
1688 4832 1756 4888 Su-

41 4922 42 4975 3
131 4935 179 4994 pro
188 4926 300 5000 quovis
315 4926 449 4988 bomine
465 4926 565 5002 impie
577 4942 717 5002 agamus
735 4927 770 4986 in
788 4930 903 5001 Regu·
959 4931 1030 4991 bito
1055 4927 1302 5006 disparentibus
1327 4930 1407 5000 illis,
1425 4926 1674 4991 considerantes
1689 4926 1759 4986 fra-

130 5015 195 5077 lam.
208 5022 294 5082 Malo
315 5025 347 5084 te
369 5024 476 5084 altare
495 5023 644 5099 Virginis
666 5023 821 5099 gloriosae
842 5039 906 5083 nu·
959 5031 1029 5090 tres
1044 5029 1127 5089 socii
1143 5030 1209 5089 tam
1225 5027 1457 5091 admirabilem
1479 5025 1574 5085 ineis
1594 5023 1759 5084 similitu-

132 5113 207 5186 dem,
233 5134 306 5179 cum
333 5121 516 5183 necessitas
551 5121 584 5181 id
618 5121 775 5198 requirit,
806 5136 904 5197 quam
961 5118 1756 5194 dinem,salutationis,occursus,etdisparentiae

133 5216 231 5276 matra
252 5218 457 5294 paupertatis
470 5220 594 5289 votum,
611 5220 644 5279 et
658 5218 903 5279 observantiam
960 5220 1153 5291 novitatem,
1165 5222 1340 5297 mysticum
1350 5217 1474 5293 aliquid
1486 5213 1653 5289 designari
1665 5215 1756 5277 circa

134 5308 297 5387 Evangelii,
315 5316 440 5392 aliquid
462 5316 515 5378 vel
539 5316 705 5377 modicum
726 5316 902 5377 attentare.
960 5318 1069 5379 virum
1099 5319 1262 5389 sanctum,
1285 5330 1351 5376 non
1374 5311 1650 5375 irrationabiliter
1674 5330 1755 5389 per-

136 5405 248 5469 uranus
271 5412 359 5472 enim
380 5412 514 5474 habebit
536 5412 632 5474 beata
658 5414 772 5489 Virgo,
796 5414 904 5474 sancti
960 5414 1156 5490 penderent.
1172 5417 1259 5474 Sane
1275 5411 1420 5488 peritias
1433 5411 1755 5483 tres,utvidebatur,

137 5500 286 5581 Evangelii
307 5509 450 5586 perfecte
474 5512 608 5572 servato
633 5511 786 5584 consilio,
807 5526 904 5571 snum
961 5512 1119 5572 mulieres
1148 5508 1387 5587 pauperculas,
1414 5508 1462 5568 sic
1486 5509 1644 5570 uniformi
1669 5509 1756 5571 facie

139 5596 226 5662 altare
236 5603 352 5682 detegi,
371 5622 468 5683 quam
488 5607 588 5670 altari
608 5609 810 5680 subornato,
827 5608 904 5669 silit
960 5610 1186 5681 occurrentes,
1203 5608 1252 5668 sic
1274 5606 1456 5668 salutantes
1471 5605 1616 5681 insolite,
1631 5608 1680 5668 sic
1699 5624 1757 5668 su-
