3950 6200
87 266 139 328 733
438 207 572 327 ¹PARS
600 262 745 325 PRIMA.
761 273 802 308 f-
820 260 1041 326 bxrosliio
1068 259 1114 322 IN
1140 259 1341 323 PSALMOS.
1662 265 1723 328 734

88 425 280 501 longarum,
310 422 400 485 idest
423 422 735 501 multiplicationem
761 420 876 486 Eccle-
930 435 985 483 ros
1000 419 1073 482 dies
1094 419 1245 497 despicit,
1267 417 1436 482 laetahitur
1456 418 1493 480 in
1508 418 1632 494 laturo,
1648 438 1725 484 cum

88 523 160 596 siae3
181 521 298 597 postea
320 519 492 598 subiungit
507 541 515 580 ε
530 538 550 581 c
571 523 637 581 Pro
652 535 704 592 ee,
720 518 807 597 quod
819 517 874 580 la·
929 516 1056 580 videbit
1067 518 1189 579 Filium
1203 518 1265 579 Dei
1278 518 1314 579 in
1329 517 1475 580 bumana
1487 520 1607 580 natura
1617 535 1626 593 ;
1636 520 1725 584 unde

87 618 427 695 boraritanimaejus,
439 615 877 693 videbitseminismnltipli·
927 614 1014 678 bene
1036 614 1187 693 sequitur
1204 638 1211 675 ε
1228 615 1362 678 Videbit
1382 615 1528 692 lapidem
1547 617 1726 680 stanneum

89 715 245 779 sationem
261 715 422 777 Ecclesia
435 718 468 777 et
480 713 697 786 saturabitur,
715 730 789 776 curn
805 713 877 775 cla·
930 712 1277 775 inmanuZorobabel.
1287 713 1466 776 zorobabel
1478 714 1512 775 in
1522 715 1727 791 terpretatur

86 813 219 876 manarit
230 813 266 872 in
281 828 393 885 cruce,
406 812 536 874 scilicet
549 832 557 871 ε
572 812 659 873 Stilo
681 809 744 890 (i).
769 811 875 874 Habet
929 810 1092 886 Magister
1105 809 1298 906 Babylonis,
1315 811 1348 873 et
1360 811 1529 887 significat
1544 812 1725 889 Christum,

86 926 160 987 ergo
174 910 283 971 Filius
296 925 433 971 cansam
445 909 606 971 adversus
618 911 766 980 Patrem,
780 908 877 986 quasi
930 909 988 985 qui
997 908 1091 970 venit
1101 908 1136 968 in
1148 908 1319 982 mundum,
1336 911 1371 969 ut
1386 909 1519 971 scholas
1534 907 1678 986 regeret,
1689 912 1728 975 ut

86 1009 190 1071 dicat:
207 1007 408 1079 Promisisti,
428 1007 516 1085 qnod
538 1006 687 1069 Ecclesia
708 1006 874 1084 multipli·
929 1004 1726 1083 sicperdoctrinamsnamcivesBabyloniscives

87 1105 221 1175 cabitur,
235 1105 330 1167 etita
344 1106 528 1176 saturarer,
546 1105 575 1165 si
596 1118 754 1181 ponerem
772 1103 875 1165 vitam
930 1101 1051 1165 tierent
1063 1103 1268 1177 Jerusalem
1286 1104 1320 1164 et
1333 1103 1369 1163 in
1384 1103 1486 1180 nujus
1505 1119 1617 1178 manu,
1638 1105 1728 1168 idest

87 1217 259 1279 meampro
274 1217 396 1279 genere
410 1202 568 1264 humano.
592 1201 745 1263 Animam
765 1202 873 1278 posui,
930 1200 1095 1277 potestate
1113 1201 1188 1261 erat
1202 1200 1289 1277 lapis
1303 1203 1475 1262 stanneus.
1498 1204 1536 1263 in
1554 1202 1666 1280 lapide
1678 1203 1728 1265 si·

88 1301 182 1365 atriu
194 1300 341 1377 aliquem
364 1300 510 1372 invenio,
533 1299 590 1375 qni
604 1313 657 1361 me
681 1314 741 1376 per
757 1314 875 1361 exem·
930 1297 1109 1373 gnificatnr
1131 1297 1295 1369 soliditas,
1319 1297 1507 1361 etlirmitas
1526 1298 1725 1374 divinitatis,

89 1399 172 1476 plum
205 1397 303 1459 bonae
337 1396 604 1459 conversationis
626 1396 754 1458 imitari
780 1396 873 1458 velit.
930 1395 987 1472 qui
1000 1394 1124 1456 dicitur
1138 1396 1299 1456 stanneus
1315 1398 1451 1473 propter
1471 1396 1725 1473 humanitatem,

88 1496 169 1558 ilinc
193 1494 353 1573 estquod
380 1495 461 1556 dicit
484 1494 590 1555 isaias
610 1492 674 1573 (40,
700 1492 734 1574 4)
752 1515 759 1554 :
774 1511 792 1554 s
807 1495 875 1570 Ego
929 1505 1004 1569 quae
1032 1492 1126 1569 qnasi
1151 1491 1320 1568 plumbum
1342 1493 1420 1569 igne
1454 1493 1621 1570 passionis
1646 1507 1725 1558 cre-

89 1593 153 1654 dixi
183 1613 191 1653 ε
217 1595 256 1653 In
284 1607 426 1654 vacuum
464 1590 627 1663 laborari,
666 1590 739 1653 sine
774 1606 875 1652 cansa
930 1590 1020 1651 mata
1035 1587 1109 1660 suit,
1131 1590 1167 1651 ut
1185 1605 1246 1651 nos
1268 1594 1459 1667 purgareta
1481 1589 1564 1653 ioece
1586 1593 1726 1668 peccati.

87 1706 163 1768 pane
183 1687 232 1769 (2)
260 1689 453 1766 consumpsi
480 1687 710 1750 tortitudinem
738 1704 846 1750 meam
866 1709 873 1748 :
929 1688 1016 1748 Hinc
1031 1686 1132 1748 etiam
1143 1687 1330 1750 habeturin
1342 1688 1515 1752 Ezechiele
1526 1687 1591 1767 (21,
1604 1687 1658 1769 31)
1674 1692 1728 1752 :In

88 1790 166 1865 iirgo
176 1786 344 1864 judicium
359 1801 468 1847 meum
481 1801 556 1847 cum
572 1786 724 1858 Domino,
748 1787 781 1848 et
792 1801 875 1863 opus
930 1783 1009 1860 igne
1020 1782 1145 1846 luroris
1156 1785 1222 1846 mei
1233 1784 1374 1848 sufflabo
1391 1786 1427 1847 in
1438 1787 1483 1858 te,
1500 1786 1534 1848 et
1545 1785 1630 1848 dabo
1644 1786 1677 1848 te
1691 1787 1728 1848 ln

89 1902 189 1947 meum
204 1902 280 1947 cum
291 1888 359 1947 Deo
372 1899 459 1947 meo.
473 1885 578 1947 etsie
596 1899 677 1960 ergo
693 1884 799 1945 Filius
816 1884 875 1946 Dei
931 1897 1051 1943 manus
1066 1881 1237 1945 labrorum
1253 1880 1300 1961 (4)
1316 1884 1558 1961 insipientium,
1570 1885 1604 1946 et
1618 1884 1727 1945 labri·

90 1983 298 2062 conqueritur
310 1982 415 2054 Patri,
429 1982 507 2060 quia
519 1997 581 2043 nos
592 1983 738 2059 peccatis
751 1981 875 2043 nostris
931 1980 1080 2042 cantium
1089 1980 1358 2058 interitumquia
1370 1982 1652 2057 sanguismeusin
1662 1998 1730 2044 me·

89 2079 282 2143 frustramus
292 2080 419 2142 iontem
431 2095 501 2141 sua
519 2071 699 2158 passionis,
716 2080 877 2157 quantum
928 2077 987 2139 dio
1003 2078 1101 2140 terrae
1112 2078 1345 2141 clamanscum
1360 2079 1625 2155 sanguineabel.
1638 2083 1729 2144 Bene

88 2178 119 2240 in
139 2178 238 2241 nobis
253 2199 261 2239 ε
275 2178 365 2239 unde
383 2177 549 2256 judicium
577 2192 674 2239 suum
699 2176 781 2239 dicit
803 2190 878 2238 esse
931 2175 1025 2243 dicit,
1049 2176 1085 2237 in
1107 2176 1185 2251 igne
1207 2175 1330 2238 furoris
1352 2175 1494 2239 sufflabo
1513 2176 1549 2238 in
1563 2179 1614 2254 tc;
1628 2179 1726 2255 quasi

88 2291 154 2337 cum
169 2278 238 2337 Deo
251 2275 368 2337 contra
381 2289 453 2335 nos.
468 2273 739 2350 Eccejudicinm,
757 2273 799 2334 de
812 2289 877 2351 quo
932 2273 1022 2336 dicat
1041 2294 1050 2334 :
1071 2273 1292 2337 sufflaveram
1318 2274 1354 2336 in
1379 2276 1456 2351 igne
1484 2276 1662 2352 passionis,
1691 2278 1730 2340 ut

89 2372 722 2450 supra21ruurpaettmendeludtctc
736 2385 823 2433 urso.
838 2372 879 2432 st
933 2387 1112 2449 purgarem
1127 2375 1171 2444 te,
1191 2371 1248 2434 sed
1272 2387 1340 2434 non
1354 2388 1390 2434 es
1403 2374 1582 2449 purgatus;
1600 2376 1633 2436 et
1650 2374 1727 2437 ideo

89 2473 192 2532 amen
217 2469 373 2547 quamvis
404 2468 549 2532 fructum
584 2484 652 2531 non
680 2470 878 2530 consecutus
933 2467 1086 2531 conflabo
1107 2469 1140 2531 te
1154 2469 1190 2530 in
1204 2469 1319 2531 furore
1333 2486 1420 2545 meo,
1436 2470 1601 2534 etdebote
1615 2473 1727 2534 inma-

90 2583 154 2629 snm
167 2569 205 2629 in
219 2567 291 2629 iliis
305 2566 581 2644 perpessionem,
600 2581 685 2645 opus
697 2582 807 2627 meum
821 2567 877 2627 ta·
933 2565 1725 2645 nusiabrcruminsipientium,idestdaemcnum.

93 2666 220 2728 menest
235 2681 313 2727 cum
323 2666 392 2726 Deo
407 2679 493 2735 meo,
510 2663 597 2725 idest
615 2677 675 2741 par
689 2663 878 2741 passionem
934 2664 1030 2726 Sicut
1050 2662 1145 2727 faber
1164 2664 1329 2742 insipiens
1349 2682 1417 2730 non
1440 2666 1532 2728 aliud
1549 2666 1641 2740 iacit,
1660 2667 1729 2730 nisi

91 2762 128 2824 ad
140 2763 313 2825 dexteram
323 2762 384 2823 Dei
398 2761 621 2824 Patrissedso
634 2759 751 2823 truens
768 2761 880 2838 potio·
933 2761 1074 2825 tundere
1099 2762 1282 2836 metallum,
1306 2765 1340 2827 et
1358 2764 1469 2841 ipsum
1490 2764 1696 2827 deteriorare
1719 2786 1728 2825 ε

93 2859 177 2921 ribus
187 2860 290 2921 bonis
308 2859 429 2920 Patris.
932 2859 983 2921 sic
997 2858 1165 2922 daemones
1179 2862 1276 2939 quasi
1290 2860 1378 2922 labri
1393 2862 1532 2938 pessimi
1546 2878 1648 2940 super
1660 2863 1732 2924 ani·

125 2956 340 3019 consimilem
352 2956 504 3032 questum
514 2951 819 3018 habetinieremia
833 2952 877 3033 (6,
934 2972 1007 3018 mas
1021 2960 1234 3036 peccatorum
1258 2974 1326 3020 non
1343 2959 1476 3022 cessant
1498 2959 1675 3032 fabricare,
1698 2960 1732 3022 et

92 3054 169 3117 ibat
184 3053 240 3135 30)
268 3074 276 3115 ε
302 3053 462 3116 «Deiecit
482 3051 716 3125 sufflatorium,
738 3052 774 3114 in
800 3052 879 3129 igne
932 3069 993 3118 eas
1014 3055 1055 3118 ad
1068 3056 1240 3119 interitum
1263 3056 1401 3133 ducere
1427 3057 1461 3120 et
1483 3057 1557 3129 boc,
1581 3057 1729 3135 iuquam,

93 3156 318 3230 consumptum
341 3152 392 3213 est
405 3149 588 3228 plumbum,
609 3149 733 3212 frustm
753 3150 881 3213 conda·
935 3153 1011 3215 ideo
1032 3152 1080 3228 nt,
1096 3154 1175 3230 quie
1190 3155 1328 3230 sanguis
1346 3170 1439 3216 meus
1459 3154 1493 3215 in
1507 3155 1617 3217 medio
1631 3156 1730 3217 terrae

93 3250 136 3311 rit
161 3249 329 3312 conflator
354 3271 361 3310 :
385 3247 523 3311 malitiae
553 3248 643 3309 enim
671 3263 788 3310 eorum
811 3263 879 3309 non
935 3249 1097 3310 clamans.

94 3345 881 3423 suntconsumptae.Argentumreprobnmrocate
976 3346 1094 3408 Simila
1116 3345 1258 3407 babetur
1281 3346 1316 3407 in
1335 3345 1478 3409 'ihrenis
1492 3345 1538 3427 (3,
1552 3349 1590 3409 61
1606 3350 1640 3410 et
1653 3347 1728 3428 63):

94 3459 155 3506 ecs.
177 3463 197 3506 a
216 3442 441 3522 Conqueritur
465 3459 545 3520 ergo
567 3444 674 3504 Filius
698 3443 769 3515 Dei,
789 3444 879 3519 quia,
934 3442 1105 3505 «Audisti
1128 3443 1343 3520 opprobrium
1365 3459 1492 3516 eorum,
1518 3445 1668 3518 Domine,
1699 3447 1733 3509 at

94 3541 170 3606 sicut
193 3541 379 3621 plumbum,
405 3544 478 3619 ejus
492 3556 552 3602 cor
565 3542 796 3617 consumptum
819 3541 879 3602 est.
937 3540 1027 3601 labia
1040 3539 1284 3616 insurgentium
1295 3540 1329 3600 in
1342 3556 1395 3602 me
1410 3538 1469 3619 (ὅ),
1487 3542 1683 3616 sessionem,
1700 3546 1733 3605 et

95 3640 179 3702 Sicut
200 3640 294 3702 enim
315 3638 485 3715 plumbum
506 3639 585 3714 igne
602 3638 820 3710 consumitur,
846 3638 883 3701 ut
937 3637 1218 3699 resurrectionem
1238 3652 1354 3699 eorum
1368 3638 1481 3700 vidisti
1492 3636 1552 3718 (6).
1568 3640 1635 3701 iste
1647 3655 1735 3702 rer-

94 3739 247 3814 pnrgetur
267 3737 454 3813 argentum,
479 3735 624 3797 siccare
646 3735 770 3798 Christi
803 3734 882 3812 igne
938 3751 996 3796 sus
1008 3734 1211 3807 intitulatur,
1231 3738 1305 3806 Sic,
1326 3734 1381 3812 qui
1404 3735 1734 3813 interpretaturvul-

94 3836 252 3910 passienus
266 3835 414 3895 cremata
426 3832 500 3905 init,
517 3835 554 3894 ut
570 3848 632 3894 nna
647 3847 880 3910 purgaremur.
938 3847 1018 3908 nus;
1035 3847 1075 3893 ac
1090 3832 1120 3892 si
1142 3831 1269 3894 diceret
1283 3831 1443 3893 Dominus
1452 3849 1513 3912 per
1526 3834 1706 3896 ieremiam
1723 3856 1732 3896 z

94 3930 212 3995 Deiecit
240 3930 464 3993 sufflatorium
494 3951 502 3991 z
527 3932 598 3991 Hoc
632 3928 745 3991 dicere
776 3930 885 4006 potest
938 3929 1141 3990 vnlneratus
1154 3942 1227 3990 sum
1241 3930 1376 4015 propter
1385 3929 1579 4007 iniquitates
1590 3932 1732 4006 vestras,

96 4028 395 4107 sufflator,quandc
407 4042 570 4105 campana
584 4042 653 4088 uon
664 4026 749 4089 bene
763 4025 884 4103 recipit
938 4025 1073 4087 attritus
1087 4042 1161 4088 sum
1176 4028 1312 4103 propter
1331 4027 1459 4089 scelera
1482 4030 1611 4104 vestrm
1627 4030 1661 4091 et
1674 4044 1735 4093 vos

98 4124 231 4188 turmam
245 4146 257 4201 3
271 4128 305 4187 et
329 4125 365 4187 in
389 4124 485 4187 nobis
513 4124 627 4186 deficit
648 4124 884 4198 sufflatorium
938 4123 1079 4185 vulnera
1094 4138 1195 4201 super
1208 4123 1329 4187 vulnus
1341 4124 1528 4199 addidistis,
1547 4127 1643 4204 quasi
1663 4142 1735 4187 ern-

92 4224 168 4285 iesu
180 4221 317 4296 christi,
336 4237 412 4284 cum
427 4236 494 4284 non
510 4222 653 4283 uelimus
670 4234 731 4282 nos
751 4219 886 4283 conica
939 4220 1113 4298 plastrum,
1130 4221 1218 4284 idest
1233 4222 1532 4295 conversationem,
1557 4238 1601 4284 ex
1619 4223 1734 4285 multis

94 4334 181 4383 mare
201 4319 354 4398 passioni
371 4319 493 4397 ipsius;
518 4322 553 4381 et
577 4318 653 4380 ideo
670 4317 758 4379 bene
772 4318 886 4395 sequi-
939 4315 1096 4395 operibns
1109 4317 1204 4395 quasi
1216 4334 1259 4379 ex
1273 4317 1387 4380 multis
1401 4318 1732 4382 herbisconlcctnm:

94 4418 144 4478 tnr
158 4439 166 4479 ε
182 4416 323 4480 Malitiae
338 4428 455 4479 eorum
478 4432 547 4478 non
568 4416 647 4477 sant
666 4416 882 4492 consumptae.
939 4414 979 4476 st
1007 4415 1117 4477 oleum
1139 4415 1392 4487 misericordiae,
1420 4416 1508 4493 quod
1540 4418 1629 4478 esset
1652 4417 1735 4480 mihi

95 4515 184 4577 Unde
201 4516 389 4592 umectum
411 4517 598 4588 reprobum
611 4513 702 4575 recte
714 4512 886 4575 nosvocat
939 4512 1135 4585 remedium,
1153 4513 1263 4589 potins
1278 4511 1477 4575 debuissetis
1492 4530 1670 4590 apponere.
1695 4517 1736 4579 at

94 4612 188 4687 Deus,
212 4613 370 4690 quonlam
384 4610 453 4674 ioex
474 4610 684 4689 peccatorum
712 4609 763 4672 ita
789 4609 885 4671 nobis
938 4610 1016 4671 ideo
1034 4608 1251 4686 conqueritur
1274 4608 1367 4671 Patri
1390 4608 1506 4672 dicens
1534 4631 1542 4671 ε
1566 4613 1736 4675 «Audisti

95 4709 249 4781 adheret,
274 4708 361 4787 qued
384 4709 443 4770 rix
465 4707 507 4770 ab
526 4721 567 4769 ea
596 4722 773 4784 passumus
787 4722 887 4784 sepa-
939 4705 1294 4783 opprobriumeorum,
1308 4706 1502 4780 immineat
1515 4707 1607 4770 labia
1621 4710 1736 4772 insun-

95 4806 173 4880 rari,
191 4806 245 4868 rel
265 4806 420 4884 purgari3
443 4805 477 4868 et
497 4804 573 4867 ideo
592 4804 711 4867 merito
737 4819 886 4881 conque·
938 4803 1088 4880 gentium
1106 4803 1143 4864 in
1165 4816 1228 4866 me.
1246 4806 1325 4866 Haec
1340 4806 1418 4867 sunt
1438 4804 1529 4866 labia
1545 4805 1734 4868 seductoris

95 4902 406 4966 riturcouliaturse
419 4902 557 4977 trustra
570 4902 745 4964 multasse.
767 4902 885 4964 Etza-
940 4900 1155 4973 blandientis,
1187 4900 1221 4963 et
1249 4901 1408 4978 jurantis,
1431 4902 1465 4964 et
1498 4902 1735 4979 exprobrantis

94 4999 683 5080 cbariae(4,10)ccQuidespexitdies
696 4996 884 5078 pernosci),
941 4998 1073 5061 Christo
1088 4996 1304 5075 fragilitatem
1324 4999 1480 5062 bumanae
1492 4998 1616 5069 carnis,
1634 5012 1735 5077 quam

96 5094 269 5170 letabitur,
287 5101 320 5161 et
342 5096 469 5158 videbit
490 5095 641 5173 lapidem·
659 5097 837 5159 stanneum
851 5098 886 5158 in
941 5095 1090 5172 suscepit
1101 5111 1161 5173 pro
1175 5095 1283 5158 nobis.
1301 5096 1430 5171 Lingua
1444 5095 1534 5157 enlm
1555 5093 1735 5157 multorum

97 5209 196 5257 mauu
206 5193 494 5259 zorobabelsiile
505 5193 652 5272 inquam,
664 5194 720 5271 qui
731 5194 888 5256 transitu·
942 5192 1093 5256 estsicut
1106 5194 1235 5255 securis
1247 5192 1427 5262 carnificis,
1439 5208 1513 5270 quae
1528 5193 1735 5256 membratim

130 5379 169 5445 (l)
190 5377 425 5447 iaann.,li,28.
994 5375 1011 5432 i
1041 5375 1329 5448 Vulg.:beminum.
1402 5393 1404 5397 ’

131 5452 140 5512 t
192 5449 445 5531 Vulgaetyane:
603 5517 608 5529 Ι
657 5516 664 5530 ι
993 5447 1011 5503 5
1044 5445 1130 5518 vulg.
1146 5446 1245 5527 :mibi

131 5519 161 5587 (3
194 5519 276 5592 ang.
294 5519 384 5588 :Quis
398 5531 476 5577 enlm
491 5515 543 5575 des
581 5524 622 5575 xli
637 5515 700 5574 dies
720 5516 847 5589 parvus?
861 5524 890 5574 et
981 5516 1023 5589 (6)
1044 5516 1150 5587 vulg:
1164 5516 1238 5573 vide.

99 5586 158 5644 icta
180 5595 274 5659 untur,
287 5595 315 5644 el
327 5587 465 5645 videbunt
478 5587 535 5660 lapi
557 5601 603 5644 ern
617 5593 781 5655 stanneum,
797 5594 852 5644 etc.
1283 5596 1285 5599 ·
