3950 6200
94 358 142 421 229
589 346 696 408 PARS
718 346 861 407 PRIMA.
879 376 919 391 -
932 346 1163 408 EPISTOLAE.
1639 350 1700 410 230

93 518 150 579 tera
166 509 330 582 custodire,
358 524 433 587 quas
463 507 636 570 continent
660 504 760 568 verba
788 521 849 567 sua
903 506 1076 579 ministris,
1102 506 1161 585 qui
1188 508 1263 584 post
1276 522 1353 569 eum
1379 506 1488 580 erunt,
1514 507 1548 569 et
1569 509 1701 571 caeteris

93 609 398 685 occasionem
434 620 552 668 moneo
587 619 700 666 omnes
728 603 848 665 fratres
904 604 1095 666 custodibus
1105 605 1137 666 et
1148 604 1357 680 guardianis,
1370 604 1426 681 qui
1442 606 1530 677 suut,
1543 606 1576 667 et
1589 606 1698 680 erunt,

93 725 172 781 neos,
185 706 216 769 st
227 707 261 766 in
275 705 404 766 Christo
419 703 581 775 conforto,
598 702 759 780 quatenus
776 701 851 761 ubi·
904 702 942 763 ut
952 701 1016 762 hoc
1031 702 1191 779 scriptum
1203 700 1359 773 habeant,
1374 705 1567 778 operentur,
1580 704 1612 766 et
1628 706 1702 766 stu-

92 819 206 883 cunque
229 789 416 864 invenerint
442 801 556 863 divina
585 798 685 861 rerba
713 798 848 876 scripta,
905 798 998 861 diose
1032 799 1206 875 reponant.
1235 801 1275 860 Et
1296 814 1399 861 exoro
1426 799 1529 877 ipsos,
1557 801 1593 862 ut
1627 818 1701 879 qnae

92 901 308 979 sicutpossunt,
324 901 547 974 venerantum
576 897 609 958 et
628 898 787 973 quantum
808 895 849 957 ad
906 896 1031 972 scripta
1041 897 1225 969 suntineo,
1238 896 1383 958 sollicite
1395 896 1519 961 faciant
1527 899 1700 971 custodiri,

90 1017 133 1063 sos
144 999 270 1076 spectat,
290 998 404 1058 sinon
424 997 501 1058 sunt
520 993 664 1072 reposita
681 992 778 1062 bene,
795 992 850 1054 vel
905 1008 946 1055 ac
969 994 1163 1070 diligentius
1179 993 1361 1055 observari.
1376 996 1415 1057 Et
1433 995 1615 1058 secundum
1637 996 1701 1059 be-

90 1098 235 1158 inhonesto
245 1095 398 1173 jacerent
410 1094 446 1154 in
458 1095 532 1155 loco
552 1092 664 1171 aliquo
686 1091 849 1167 dispersa,
906 1090 1108 1169 neplaciium
1119 1091 1354 1168 omnipotentis
1364 1093 1435 1160 Dei,
1447 1108 1546 1161 nunc,
1558 1110 1701 1171 semper,

88 1194 265 1271 recolligant,
283 1196 316 1255 et
330 1192 506 1270 reponant,
522 1189 723 1253 honorantes
738 1188 772 1249 in
783 1202 851 1249 ser·
906 1188 1012 1250 donec
1036 1188 1138 1251 fuerit
1161 1188 1304 1250 mundus
1327 1190 1402 1262 iste,
1422 1189 1586 1254 benedicti
1603 1206 1663 1253 vos
1682 1208 1703 1254 a

89 1291 214 1354 noiibus
234 1292 421 1361 Dominum,
438 1290 496 1367 qui
518 1289 644 1355 locutus
666 1289 727 1349 est.
746 1286 851 1347 Mults
906 1287 1058 1359 Domino,
1089 1287 1146 1364 qui
1170 1286 1317 1349 feceritis
1342 1286 1422 1361 ista3
1439 1288 1473 1349 et
1488 1288 1524 1349 in
1542 1289 1702 1351 aeternum

89 1389 157 1451 enim
174 1388 422 1450 sanctificantur
435 1402 496 1464 per
516 1385 615 1449 verba
636 1385 708 1457 Dei,
725 1385 759 1445 et
778 1384 851 1445 vir·
907 1385 1067 1447 Dominus
1082 1386 1126 1446 sit
1139 1383 1321 1446 vobiscum.
1337 1386 1453 1445 Amen.

89 1489 142 1548 tute
151 1484 321 1548 uerborum
333 1485 458 1546 Christi
470 1483 586 1546 altaris
603 1480 782 1545 conficitur
796 1496 854 1541 sa-

89 1584 276 1646 cramentum.
304 1582 472 1644 Confiteor
486 1583 646 1658 praetorea
661 1582 728 1640 Deo
746 1578 850 1651 Patri,
1158 1606 1361 1667 EPISTOLA
1375 1607 1448 1667 χΙΙ,
1516 1639 1520 1647 .

91 1681 204 1753 ethilio,
220 1681 253 1742 et
264 1679 408 1757 Spiritui
424 1680 555 1753 Sancto,
570 1678 604 1739 et
617 1676 852 1740 beataeMariae
1509 1742 1516 1754 ,

90 1779 227 1854 mm
252 1777 400 1853 Virgini,
426 1777 461 1840 et
487 1774 638 1841 omnibus
663 1774 789 1837 sanctis
817 1773 853 1835 in
1034 1741 1086 1800 Ad
1101 1739 1297 1800 sacerdotes
1312 1738 1418 1800 totins
1433 1740 1582 1801 Ordinis.

89 1874 160 1945 calc.
170 1876 199 1937 et
209 1875 243 1935 in
255 1878 363 1947 terra,
377 1875 412 1936 et
424 1871 574 1949 generali
588 1872 742 1933 ministro
752 1871 853 1948 hujus
909 1867 1053 1926 Fratribus
1069 1869 1139 1938 suis,
1160 1868 1211 1925 sed
1233 1868 1376 1941 precipue
1399 1867 1607 1939 sacerdotibus,
1622 1885 1701 1929 sum·

89 1971 232 2049 refigionis
250 1973 391 2044 nom,
412 1971 499 2033 sicut
515 1967 700 2031 venerabili
720 1967 853 2029 domino
943 1972 1023 2015 mum
1034 1956 1221 2015 Eucharistiae
1231 1956 1370 2015 honorem
1380 1966 1409 2014 ct
1417 1959 1606 2015 reverentiam
1621 1972 1702 2016 com·

88 2084 152 2142 neo,
165 2071 195 2131 et
210 2068 368 2130 omnibus
383 2066 610 2131 sacerdotibus
620 2065 756 2129 Ordinis
772 2080 853 2127 uos·
944 2044 1075 2116 ffl0⁰d⁸‘›
1106 2046 1302 2118 rationesque,
1332 2046 1435 2119 (1⁰1¹)OE
1460 2046 1489 2105 id
1518 2046 1703 2120 lefflufldfflts

88 2165 129 2236 tri,
151 2168 181 2229 et
201 2166 358 2229 omnibus
384 2167 461 2228 aliis
476 2164 637 2227 fratribus
655 2163 738 2225 meis
751 2161 855 2224 bene-
945 2134 1077 2207 pf⁰P⁰¹¹¹²
1091 2133 1144 2203 m·

88 2264 170 2338 dictis
184 2266 295 2328 omnia
311 2266 549 2342 peccatamea.
565 2265 604 2324 in
622 2260 854 2324 multisoffen-
949 2260 1138 2322 innomine
1160 2262 1283 2323 sanctas
1309 2260 1484 2322 Trinitatis
1507 2262 1540 2324 et
1566 2278 1703 2324 summae
1808 2278 1811 2283 ’

87 2360 176 2424 diores
185 2365 278 2440 gravi
294 2364 407 2441 culpa,
423 2360 614 2439 specialiter
628 2358 714 2437 quod
737 2360 852 2434 Regu·
909 2358 1059 2431 unitatis,
1083 2359 1192 2420 Patris
1205 2359 1238 2420 et
1250 2357 1340 2431 Filii,
1362 2359 1396 2420 et
1412 2358 1557 2436 Spiritus
1576 2360 1702 2430 Sancti,

88 2457 143 2530 iam,
157 2477 248 2538 quam
274 2461 420 2524 Domino
437 2457 588 2536 promisi,
617 2472 683 2518 non
708 2457 850 2528 servavi,
908 2471 1018 2517 amen.

87 2558 290 2632 henoticium,
317 2558 405 2620 sicut
426 2554 554 2633 Regula
578 2554 746 2631 praecepit,
770 2552 851 2626 dixi,
948 2552 1154 2617 Reverendis
1178 2554 1212 2615 et
1232 2552 1371 2615 multum
1391 2552 1570 2629 diligendis
1589 2552 1705 2614 fratri-

88 2652 140 2716 siro
149 2657 363 2734 negligentia,
379 2656 449 2717 sive
465 2653 669 2715 infirmitatis
691 2666 774 2713 meae
797 2666 854 2713 oc-
908 2649 971 2715 bus
998 2650 1181 2722 universis
1209 2650 1360 2726 generali
1386 2650 1541 2713 ministro
1570 2650 1704 2712 Ordinis
1769 2648 1778 2661 ‘

88 2751 204 2827 odone,
226 2755 303 2818 sire
333 2754 412 2831 quia
429 2753 589 2829 ignorans
604 2765 676 2811 sum
692 2750 725 2812 et
738 2747 851 2813 idiota.
908 2748 1076 2811 Minorum
1099 2748 1232 2810 domino
1254 2763 1327 2819 suo,
1348 2750 1382 2809 et
1395 2749 1526 2810 caeteris
1541 2747 1704 2811 ministris

88 2847 200 2928 Ideoque
215 2868 275 2929 per
300 2850 414 2914 omnia
437 2865 510 2922 orn,
535 2848 621 2909 sicut
635 2862 779 2924 possum,
796 2862 854 2922 ge-
908 2843 1135 2922 geueralibus,
1152 2845 1210 2923 qui
1231 2846 1306 2922 post
1326 2860 1402 2906 eum
1418 2847 1526 2919 erunt,
1543 2850 1575 2907 ot
1591 2847 1704 2907 omni-

89 2947 204 3011 nalem
219 2949 394 3012 dominum
409 2963 520 3009 meum
534 2945 734 3017 ministrum,
756 2945 793 3006 ut
803 2944 854 3005 fa·
907 2944 970 3007 hus
980 2942 1154 3015 ministris,
1167 2945 1201 3005 et
1209 2942 1412 3016 custodibus,
1430 2945 1464 3006 et
1477 2942 1705 3006 sacerdotibus

87 3042 135 3106 dat
155 3047 315 3124 Regulam
341 3045 385 3108 ab
414 3044 568 3108 omnibus
594 3041 794 3107 observari:
823 3043 856 3105 et
909 3041 1129 3105 fraternitatis
1152 3039 1320 3118 ejusdem,
1344 3041 1380 3103 in
1408 3042 1539 3105 Christo
1568 3042 1706 3104 humili·

85 3137 174 3205 clerici
195 3145 310 3209 dicant
338 3143 484 3206 officium
504 3159 579 3205 cum
602 3138 775 3204 devotione
794 3156 855 3202 co·
908 3139 981 3218 bus,
1006 3139 1040 3201 et
1057 3138 1211 3200 omnihus
1233 3139 1440 3216 simplicibus
1462 3142 1495 3201 et
1520 3139 1707 3201 obedienti-

85 3252 140 3300 ram
159 3244 232 3311 heo,
257 3246 296 3306 ut
324 3242 454 3319 possint
474 3255 534 3318 per
558 3241 718 3300 unitatem
737 3239 855 3300 mentis
909 3237 982 3309 bus,
998 3236 1114 3313 primis
1130 3235 1477 3299 etuovissimisfratsr
1490 3237 1702 3309 Franciscus,

84 3335 191 3410 placere
213 3342 292 3413 Deo,
313 3342 348 3401 et
371 3355 438 3400 non
462 3354 536 3400 cum
559 3336 746 3398 lascivitate
763 3336 854 3398 vocis
909 3334 1008 3395 homo
1019 3334 1097 3396 vilis
1109 3334 1142 3394 et
1155 3334 1312 3405 caducus,
1324 3336 1436 3396 vester
1445 3349 1567 3411 parvus
1575 3350 1709 3408 servus,

84 3445 160 3495 aures
170 3438 279 3514 populi
293 3437 505 3520 demulcere;
522 3435 556 3496 et
569 3449 635 3494 non
651 3431 854 3495 attendentes
909 3432 1051 3493 salutem
1073 3431 1109 3492 in
1133 3446 1173 3492 so
1192 3431 1249 3508 qui
1269 3431 1420 3504 redemit,
1442 3433 1476 3493 et
1494 3432 1576 3492 lavit
1590 3447 1654 3493 nos·
1666 3431 1701 3494 in

82 3531 231 3595 melodiam
246 3535 355 3606 vocis,
373 3533 431 3594 sed
447 3532 700 3594 consonantiam
722 3532 853 3605 mantis,
909 3529 1073 3605 sanguine
1095 3541 1166 3600 suo,
1183 3528 1344 3589 Dominus
1361 3530 1460 3591 ,lesus
1482 3528 1633 3591 Christus
1648 3529 1704 3591 al·
1788 3589 1794 3590 ff

84 3628 110 3687 ut
119 3645 175 3692 rox
189 3630 373 3695 concordet
384 3630 500 3703 menti,
514 3645 608 3691 mens
623 3644 703 3691 vero
718 3643 855 3692 concor·
908 3627 1059 3690 tissimus
1072 3627 1191 3698 Filius,
1208 3641 1329 3687 nomen
1341 3625 1403 3695 illi,
1418 3627 1474 3703 qui
1485 3627 1536 3689 est
1545 3625 1703 3689 benedic·

82 3718 123 3786 dot
144 3726 412 3804 beo.1tgoenim
440 3724 598 3802 promitto
623 3724 694 3786 haec
718 3723 856 3788 firmiter
909 3726 963 3788 tus
974 3724 1010 3785 in
1023 3723 1158 3785 saeoula.
1173 3725 1291 3784 Amen.

83 3821 233 3897 custodire,
249 3823 343 3886 sicut
358 3821 487 3885 dederit
499 3821 582 3883 mihi
591 3821 734 3899 gratiam
747 3822 853 3884 Deus:
949 3821 1069 3884 Audite
1082 3820 1219 3892 domini,
1234 3820 1308 3892 filii,
1322 3821 1356 3882 et
1377 3818 1497 3883 fratres
1513 3821 1590 3896 mei,
1607 3823 1703 3885 auri·

81 3912 137 3979 lec
146 3918 316 3993 fratribus,
332 3920 390 3999 qui
401 3935 530 3982 mecum
546 3921 635 3990 sunt,
650 3916 854 3980 observanda
908 3919 971 3982 hus
992 3919 1153 3997 percipite
1176 3918 1277 3984 rerba
1302 3934 1387 3979 mea.
1413 3919 1575 3983 inclinate
1601 3936 1703 3982 aures

81 4011 185 4078 haiam
194 4019 227 4080 in
241 4018 370 4090 officio,
380 4018 413 4079 et
423 4017 556 4079 cacteris
567 4015 645 4077 aliis
653 4015 851 4078 constitutis.
909 4015 1150 4083 cordisvestri,
1165 4016 1198 4078 et
1213 4014 1343 4078 obedite
1355 4016 1430 4076 voci
1445 4016 1523 4077 Filii
1540 4016 1610 4077 Dei.
1621 4019 1704 4079 Ser·

81 4109 260 4194 Quicumque
285 4117 401 4178 autem
427 4113 569 4177 fratrum
588 4113 660 4175 haec
679 4113 855 4176 absentare
907 4113 1032 4176 ratein
1051 4113 1121 4175 toto
1145 4112 1246 4174 corde
1270 4114 1382 4174 vestro
1407 4113 1561 4175 mandata
1585 4116 1658 4190 ejus
1672 4117 1706 4176 et

82 4207 236 4286 noluerint,
262 4228 335 4275 non
363 4214 462 4273 teneo
484 4226 542 4273 eos
575 4210 768 4282 catholicos,
789 4226 855 4272 nec
909 4211 1053 4274 concilia
1063 4213 1137 4287 ejus
1151 4208 1298 4287 perfecta
1308 4210 1418 4272 menie
1436 4210 1581 4287 implete.
1593 4212 1706 4273 Gond-

81 4298 300 4387 lrahesmeos3
319 4310 398 4372 nolo
421 4308 523 4371 etiam
545 4308 637 4385 ipsos
651 4306 776 4380 videre,
790 4323 853 4369 nec
908 4309 1025 4371 femini
1041 4308 1084 4381 ei,
1101 4308 1261 4386 quoniam
1279 4307 1397 4380 bouus,
1414 4308 1447 4369 et
1461 4308 1607 4369 exaltate
1628 4323 1704 4370 eum

82 4395 164 4476 loqui,
174 4406 279 4471 donec
291 4406 525 4485 poeniteutiam
538 4405 678 4482 egerint.
695 4407 765 4466 Hoc
783 4405 854 4470 ilco
908 4407 945 4468 in
955 4405 1111 4483 operibus
1126 4404 1259 4467 vestris.
1271 4407 1453 4482 Tamquam
1468 4403 1546 4465 tiliis
1559 4421 1595 4466 se
1607 4406 1704 4468 nobis

82 4491 112 4557 dc
122 4503 264 4566 omnibus
279 4504 372 4577 aliis,
384 4505 443 4582 qui
452 4503 605 4579 vagando
618 4503 755 4575 radunt,
769 4505 855 4581 post·
909 4502 1182 4579 offertDomimus
1188 4504 1286 4563 Deus.
1296 4503 1461 4578 Deprecor
1468 4501 1581 4580 itaque
1587 4519 1704 4566 omnes

83 4596 169 4665 licita
186 4603 326 4679 Regulae
347 4600 526 4678 disciplina
542 4620 550 4660 ι
567 4600 726 4678 quoniam
745 4600 856 4662 Domi-
908 4600 1029 4662 fratres
1051 4615 1127 4661 cum
1147 4598 1261 4660 osculo
1274 4598 1406 4675 pedum,
1421 4600 1453 4661 st
1474 4615 1550 4661 cum
1564 4601 1704 4665 caritate

83 4703 131 4753 ΠΜ
142 4699 251 4760 noster
263 4702 365 4762 iesus
379 4697 533 4760 Christus
544 4697 634 4758 dedit
649 4697 751 4760 vitam
762 4714 854 4760 amm
909 4714 974 4776 qua
989 4712 1135 4774 possum,
1147 4697 1184 4757 ut
1194 4711 1326 4757 omnem
1340 4697 1574 4771 reverentiam,
1592 4700 1626 4761 et
1636 4715 1705 4760 om·

82 4800 115 4847 110
125 4794 270 4867 perderet
281 4795 488 4858 sanctissimi
501 4794 613 4857 Patris
621 4794 852 4858 obedientiam.
909 4811 984 4857 nem
1015 4795 1186 4867 honorem,
1210 4794 1512 4871 quantumcumque
1537 4796 1700 4872 poteritis,

83 4883 705 4964 Egofrateriiranciscushomovilis,et
720 4893 854 4969 indigna
909 4890 1096 4955 exhibeatis
1118 4892 1250 4968 corpori
1266 4892 1298 4954 et
1310 4892 1466 4967 sanguini
1485 4893 1616 4954 Domini
1628 4908 1705 4954 nos·

83 4987 214 5051 natura
241 4991 375 5052 Domini
403 4990 474 5062 Dei,
499 4989 574 5050 dico
600 5005 660 5066 per
682 4990 855 5051 Dominum
909 4992 953 5054 tri
964 4994 1044 5054 Jesu
1059 4989 1194 5061 Christi,
1205 4990 1241 5050 in
1252 5006 1329 5067 quo,
1341 5005 1415 5066 quae
1428 4990 1463 5050 in
1478 4990 1571 5051 coelis
1582 4991 1615 5053 et
1627 5007 1701 5067 quae

84 5079 176 5145 iesum
200 5087 369 5149 Christum
395 5087 544 5164 generali
576 5087 728 5150 ministro
755 5088 854 5149 totius
908 5089 944 5152 in
958 5088 1071 5159 terris,
1083 5088 1161 5150 sunt
1170 5086 1344 5164 pacificata
1356 5089 1391 5148 et
1405 5086 1620 5148 reconciliata
1634 5103 1702 5149 om·

85 5178 236 5256 refigioms
254 5185 392 5258 nostra,
417 5188 451 5247 et
474 5184 628 5248 omnibus
642 5185 854 5261 generalibus
908 5185 1072 5263 nipotenti
1082 5187 1261 5260 Deo.Rogo
1274 5184 1374 5245 etiam
1386 5185 1420 5244 iu
1430 5184 1570 5245 Domino
1585 5200 1700 5247 omnes

113 5327 146 5399 ll)
159 5333 235 5391 itanc
249 5334 407 5407 Epistolsm
425 5334 532 5391 babent
543 5334 733 5391 communiter
744 5349 853 5394 omues.
909 5334 958 5392 lib.
971 5334 998 5404 2,
1012 5348 1075 5407 cap.
1090 5332 1139 5403 la;
1155 5331 1319 5395 liebolledo,
1335 5331 1383 5387 lib.
1399 5332 1426 5399 2,
1440 5346 1503 5403 cap.
1519 5332 1569 5402 163
1580 5339 1608 5390 et
1621 5298 1698 5392 uler-

87 5395 187 5459 licnm
207 5403 278 5461 libro
320 5406 392 5464 nmo
414 5407 495 5476 cons.
514 5405 558 5475 li,
572 5406 762 5478 sparsimper
777 5406 854 5477 plura
909 5421 965 5478 oue
981 5404 1072 5462 codex
1093 5404 1184 5461 Assia.
1205 5399 1276 5459 Sunt
1300 5410 1394 5459 lernen
1409 5416 1444 5458 ex
1467 5403 1521 5471 his,
1580 5404 1701 5475 iputaut

87 5470 171 5545 sapim
192 5421 410 5549 simfpan,
430 5474 540 5534 folii.
562 5477 686 5534 donum.
710 5478 771 5534 utri
823 5493 856 5534 ne
909 5480 1043 5548 scriptam
1060 5473 1149 5532 inisse
1170 5473 1254 5530 alicui
1271 5473 1530 5555 congregationis
1576 5476 1700 5558 capitulo

88 5551 205 5621 locs,
220 5553 330 5604 uectat.
344 5548 374 5616 ²3
392 5545 481 5604 Rodul
503 5548 557 5603 hus
571 5545 643 5603 libro
654 5546 791 5617 secundo,
816 5549 854 5606 ol.
910 5547 1037 5621 generali
1059 5562 1066 5602 ε
1089 5545 1209 5603 ilbertus
1232 5557 1355 5614 namque
1378 5550 1407 5599 et
1427 5544 1541 5601 codices
1559 5546 1700 5605 Assrsiani

89 5619 119 5662 mr
137 5623 146 5664 ι
162 5613 378 5699 littliitttotb.
401 5621 453 5674 oct.
480 5563 556 5677 flat..
585 5619 718 5701 superius
750 5621 855 5690 citata3
910 5617 962 5676 sub
985 5616 1087 5674 eodem
1111 5613 1192 5672 titulo
1212 5627 1277 5670 earu
1306 5622 1457 5741 segonum,
1482 5616 1609 5698 acnalias
1628 5616 1701 5677 duas

91 5676 201 5753 Uberius,
218 5686 289 5745 lrbro
302 5686 436 5756 οοοιιιιᾱο,
452 5702 516 5761 cap.
537 5691 569 5758 ⁷3
582 5689 738 5760 blariacus,
752 5691 764 5749 l
782 5699 854 5762 part.
910 5687 1119 5762 precedentem
1132 5693 1161 5743 et
1172 5683 1327 5742 Rebolledo
1357 5699 1413 5742 unc
1427 5685 1559 5759 prolign.
