3950 6200
104 266 142 328 os
575 217 581 226 ⁸
653 257 977 335 pnuunuonqnau.
1000 291 1042 312 -
1060 263 1169 323 vira.
1689 263 1731 323 oe

102 405 174 488 'simo
185 422 265 500 stylo
273 419 457 499 descripsit
469 423 503 483 s.
517 421 750 484 Bonaventura
764 420 879 484 cardi·
931 422 1022 484 tione
1041 422 1161 483 instrui
1177 419 1294 499 possit,
1308 421 1343 483 et
1354 419 1398 481 ad
1412 435 1560 481 amorem
1575 420 1647 493 Dei,
1670 435 1730 498 per

100 523 174 584 nalis
186 519 268 599 (Lib.
283 521 358 590 VII,
381 522 423 581 de
434 521 550 596 Signis
563 522 723 591 ecclesie,
740 534 812 597 cap.
830 517 876 598 1).
930 518 1021 580 beati
1042 518 1213 580 Francisci
1229 518 1420 595 exemplum·
1438 518 1632 579 instaurari.
1660 520 1730 594 iugo

933 613 983 692 (ut
997 631 1112 677 verum
1127 614 1248 693 fatear)
1275 631 1350 676 oum
1367 615 1473 676 sancti
1492 614 1663 676 Francisci
1678 613 1731 676 vi·

133 743 280 818 mm
291 743 514 816 Limam,
533 744 711 814 episcopm
732 744 838 803 Vero,
931 715 999 774 tam
1021 712 1107 788 lego,
1125 728 1190 773 non
1208 713 1316 773 solum
1335 712 1511 785 accendor,
1526 713 1583 773 sed
1609 712 1644 773 in
1656 715 1730 791 ejus

428 839 559 899 nem·
932 809 1148 871 meditatione
1168 810 1256 870 totus
1274 809 1475 883 exardesco;
1492 811 1603 886 utpote
1615 810 1649 871 in
1665 825 1730 888 quo

931 908 1025 967 tanta
1054 905 1159 966 divini
1183 906 1307 966 amoris
1329 906 1465 967 claritas
1493 905 1676 980 effulserit3
1695 907 1731 969 ut

131 1009 260 1069 uliano
280 989 352 1068 diui
375 1006 544 1068 Francisci
558 1006 672 1079 vitam,
685 1005 804 1067 heatus
819 1006 878 1068 ille
931 1002 1070 1080 angelus
1096 1004 1217 1079 potius,
1246 1004 1344 1079 atque
1365 1017 1408 1063 ex
1431 1009 1585 1080 supremo
1600 1004 1727 1077 ordine,

96 1107 314 1170 Bonauentura
327 1107 361 1165 S.
376 1107 416 1167 R.
425 1107 462 1165 Ε.
477 1104 673 1175 cardinalis,
690 1103 724 1165 et
739 1104 874 1181 episco-
931 1101 988 1177 qui
1003 1101 1103 1161 ardor
1111 1101 1144 1161 et
1155 1100 1348 1161 incendium
1363 1100 1494 1170 dieitur,
1510 1102 1616 1178 magis
1629 1117 1730 1178 quam

98 1202 362 1281 pusllbanensis,
373 1201 591 1263 Franciscani
601 1201 744 1263 instituti
755 1218 879 1264 nonso-
931 1198 1030 1258 homo
1056 1198 1123 1258 dici
1152 1213 1249 1273 posse
1276 1197 1440 1259 videatur.
1472 1199 1608 1275 Semper
1640 1200 1730 1260 enim

99 1300 441 1371 lunsectator,verum
452 1301 486 1360 et
497 1299 701 1359 instauratur
711 1300 744 1360 et
755 1299 877 1372 rectum
930 1295 1143 1356 beatissimus
1159 1295 1233 1366 iste,
1248 1295 1450 1369 cogitatione
1461 1295 1495 1355 in
1511 1295 1595 1356 coelo
1611 1311 1729 1358 versa·

99 1399 145 1459 uir
161 1398 193 1457 in
214 1396 338 1457 diuinis
362 1396 542 1472 scripturis
564 1395 823 1469 eruditissimus,
837 1397 878 1457 de
931 1393 1045 1465 natum
1073 1407 1204 1469 semper
1238 1391 1321 1452 felix
1355 1395 1428 1469 ejus
1456 1394 1570 1454 anima
1600 1409 1730 1458 summo

98 1511 156 1572 qno
167 1495 346 1571 praeceptor
358 1496 431 1569 ejus
445 1493 688 1554 Alexanderab
702 1494 804 1554 Hales
821 1494 876 1554 di·
931 1491 1067 1551 Auctori
1083 1490 1261 1566 purissime
1283 1489 1316 1551 et
1334 1490 1557 1551 intentissime
1582 1490 1731 1553 inhaere-

98 1589 596 1665 ccresolebat3inBonarentura
605 1589 709 1651 adam
721 1603 879 1667 peccasse
931 1587 987 1649 bat
1000 1609 1006 1646 :
1021 1589 1104 1649 adeo
1117 1587 1164 1659 ut,
1172 1603 1240 1663 prae
1254 1588 1377 1648 amoris
1388 1588 1617 1662 magnitudine
1628 1587 1729 1667 (quod

101 1703 156 1750 non
166 1686 310 1761 videtum
325 1701 411 1762 puro
425 1701 465 1747 ao
475 1685 618 1763 simplici
632 1687 718 1763 stylo
729 1685 878 1763 descrip-
932 1685 1122 1746 hominibus
1142 1685 1335 1762 plerumque
1359 1685 1593 1746 ardentissime
1611 1702 1730 1748 aman-

103 1786 147 1853 sii
158 1785 241 1845 tanta
256 1798 374 1845 rerum
385 1784 492 1859 copia,
507 1784 540 1845 et
551 1783 789 1846 sententiarum
800 1799 880 1860 gra-
932 1783 1021 1845 tibus
1035 1784 1229 1859 contingere
1243 1781 1341 1862 solet)
1353 1782 1520 1844 alienatus
1531 1799 1551 1845 a
1562 1783 1728 1856 sensibus,

100 1881 183 1945 ritate
195 1881 377 1956 mlertam3
391 1881 428 1943 ut
441 1881 530 1944 totus
552 1880 695 1943 mundus
715 1884 789 1960 ejus
806 1882 878 1944 lac-
933 1882 1032 1959 atque
1046 1884 1141 1944 extra
1156 1897 1194 1944 se
1209 1896 1283 1944 esse
1296 1881 1477 1946 uideretur.

380 2494 590 2620 vira
662 2411 948 2621 uului
987 2494 1433 2672 unnnursu

662 2751 682 2794 Α
700 2751 727 2794 Β.
748 2749 953 2795 aonlvnnrtml
972 2750 1150 2795 consumere„

414 2987 417 2992 Q
529 2912 639 2976 (Juxta
661 2913 849 2970 'Vaticanum
876 2903 1052 2967 editionem
1077 2927 1160 2966 anuo
1185 2913 1286 2978 idtio.)

366 3155 599 3216 pgoqoqqs,
935 3136 1053 3201 umbra
1072 3136 1430 3200 mortisirradiatione
1454 3135 1650 3214 praefulgida
1671 3137 1727 3199 di·

934 3236 1023 3297 rexit
1036 3236 1072 3295 in
1088 3235 1207 3305 lucem,
1224 3236 1258 3295 et
1273 3236 1431 3311 tanquam
1446 3249 1544 3296 arcus
1558 3234 1731 3310 refulgens

133 3330 285 3407 Apparuit
320 3331 433 3406 gratia
466 3332 525 3393 Dei
562 3332 746 3396 salvatoris
770 3334 880 3396 nostri
934 3332 1023 3393 inter
1036 3331 1176 3395 nebulas
1190 3332 1306 3407 gloria
1322 3330 1382 3410 (4),
1399 3332 1530 3407 signum
1550 3332 1585 3391 in
1605 3347 1641 3393 se
1661 3334 1729 3393 Do-

102 3422 202 3487 diebus
220 3428 295 3489 istis
309 3428 510 3490 nouissimis·
524 3430 559 3490 in
579 3446 675 3493 servo
695 3448 757 3492 suo
773 3433 881 3495 Frau—
936 3429 1050 3491 minici
1065 3428 1199 3489 foederis
1213 3430 1470 3505 repraesentans,
1487 3443 1602 3504 pacem
1618 3432 1650 3491 et
1664 3445 1723 3490 sa-

104 3521 177 3584 cisoo
198 3525 354 3586 omnibus
376 3542 455 3587 rere
477 3526 669 3600 humilibus,
695 3529 730 3589 et
755 3531 878 3591 sanciae
934 3527 1037 3605 lutam
1055 3526 1298 3601 evangelizarit
1311 3525 1513 3597 bominibus,
1532 3526 1681 3587 existens
1696 3528 1730 3588 et

34 3646 35 3657 2
103 3623 288 3696 paupertatis
304 3623 439 3696 amicis;
456 3624 513 3701 qui
532 3625 828 3701 superaffluentem,
845 3628 880 3687 in
933 3623 1006 3700 ipse
1019 3622 1160 3698 angelus
1172 3637 1261 3684 verae
1276 3622 1369 3699 pacis
1380 3620 1444 3701 (5);
1461 3623 1643 3684 secundum
1656 3624 1731 3684 imi-

34 3716 36 3777 l
104 3729 136 3775 eo
156 3718 211 3779 Dei
240 3720 507 3781 misericordiam
533 3727 743 3795 venerantes,
772 3724 879 3801 ipsius
934 3720 1090 3783 tatoriam
1100 3735 1230 3797 quoque
1241 3720 1492 3781 similitudinem
1505 3722 1729 3782 praecursoris

34 3812 36 3835 ³
104 3814 282 3878 erudiuntur
304 3817 469 3894 exemplo,
490 3818 693 3894 impietatem
715 3822 748 3882 et
768 3838 879 3885 saecu-
934 3818 1240 3889 destinatusaDeo,
1259 3818 1397 3879 utviam
1410 3830 1534 3895 parans
1549 3818 1729 3881 indeserto

105 3906 175 3971 laria
192 3912 360 3974 desideria
381 3914 528 3976 funditus
548 3916 725 3992 abnegare,
747 3919 880 3981 Christo
934 3917 1106 3979 altissimae
1126 3916 1343 3992 paupertatis,
1365 3916 1432 3977 tam
1457 3917 1610 3992 exemplo
1630 3933 1730 3993 quarn

106 4007 299 4071 mulormiter
314 4012 438 4083 vivere,
455 4013 489 4073 et
502 4012 543 4073 ad
558 4013 690 4075 beatam
710 4031 801 4091 spem
815 4016 879 4077 de·
933 4012 1277 4091 verbupoenitentiam
1292 4012 1662 4092 praedicaietzprimum
1677 4030 1731 4075 su·

108 4102 212 4167 siderio
230 4107 398 4181 indefesso
419 4109 524 4171 sitire.
541 4112 578 4171 In
597 4113 706 4188 ipsum
724 4129 877 4191 namque,
913 4130 916 4139 ·
933 4127 1047 4187 pernae
1061 4111 1178 4186 gratia
1193 4112 1383 4186 praeventus
1398 4109 1506 4181 donis,
1522 4111 1645 4173 dehinc
1659 4110 1731 4173 vir·

108 4200 461 4282 utrerepauperculum
473 4208 507 4268 et
520 4209 697 4271 contritum
710 4208 769 4290 (1),
786 4213 879 4273 tauta
933 4210 1015 4268 tutis
1037 4208 1172 4269 invictae
1197 4207 1359 4269 adauctus
1381 4207 1523 4279 meritis,
1541 4207 1730 4284 prophetali

107 4295 178 4359 Deus
194 4302 347 4363 excelsus
363 4302 578 4379 benignitatis
598 4306 879 4371 condescensione
933 4318 1064 4383 quoque
1077 4306 1224 4383 repletus
1239 4305 1370 4382 spiritu,
1382 4318 1512 4365 necnon
1528 4306 1562 4366 et
1575 4304 1728 4381 angelico

107 4398 245 4471 respexit,
274 4399 362 4476 quod
391 4416 458 4461 non
487 4400 594 4464 solum
629 4404 670 4465 de
698 4405 879 4467 mundialis
933 4404 1110 4480 deputatus
1143 4402 1266 4473 osflcio,
1299 4401 1520 4478 incendioque
1552 4403 1729 4478 seraphion

108 4496 352 4558 conuersationis
371 4498 508 4574 pulvere
524 4501 698 4563 suscitavit
718 4514 876 4579 egenum
932 4503 1022 4565 totus
1040 4500 1177 4576 ignitus,
1199 4502 1233 4561 et
1252 4500 1288 4560 ut
1307 4500 1359 4559 vir
1378 4498 1609 4563 hierarchious
1628 4516 1729 4563 curru

108 4599 203 4673 lemn
223 4594 322 4655 etiam
341 4595 544 4671 evangelicae
567 4598 780 4674 perfectionis
795 4616 877 4676 pro·
932 4599 1032 4675 igneo
1046 4612 1179 4659 sursum
1199 4598 1325 4668 vectus,
1349 4596 1437 4658 sicut
1458 4611 1503 4658 ex
1523 4598 1629 4675 ipsius
1650 4599 1729 4660 vitae

111 4678 259 4763 sessorem,
285 4691 414 4763 ducem,
446 4694 545 4772 atque
569 4711 755 4771 praeconem
777 4698 880 4761 effec-
933 4697 1075 4759 decursu
1097 4694 1286 4757 luculenter
1308 4695 1457 4772 apparet,
1482 4694 1730 4758 rationabiliter

111 4778 180 4855 tun,
198 4786 230 4847 in
252 4788 360 4850 lucem
380 4788 471 4853 dedit
491 4791 707 4865 credentium,
730 4796 766 4855 ut
784 4796 881 4857 testi-
933 4793 1167 4869 comprobatur
1189 4792 1322 4854 renime
1345 4792 1380 4852 in
1406 4792 1527 4869 spiritu
1550 4794 1583 4855 et
1605 4793 1729 4854 virtute

112 4881 233 4944 nonium
254 4886 460 4962 perhibendo
489 4887 531 4948 de
555 4889 680 4952 lumine
703 4889 763 4970 (2),
789 4895 878 4954 viam
933 4889 1015 4951 Elias
1029 4888 1089 4969 (6).
1353 4880 1355 4883 ’

113 4969 216 5042 luonet
225 4984 315 5058 pacis
325 4984 367 5044 ad
378 4984 479 5047 corda
490 4985 637 5047 fidelium
645 4990 784 5051 Domino
796 5006 880 5066 prae-
973 4986 1117 5065 Ideoque
1131 4987 1272 5049 alterius
1285 4985 1383 5048 amici
1399 4985 1523 5061 sponsi,
1537 4986 1570 5047 et
1579 4984 1729 5060 Evange-

113 5080 232 5143 maret.
253 5082 315 5142 llic
340 5082 475 5153 etenim,
492 5084 588 5160 quasi
603 5086 701 5149 stella
716 5088 880 5149 matutina
932 5084 1020 5147 lisiae
1033 5087 1174 5147 loannis
1188 5084 1427 5146 vaticinatione
1442 5083 1588 5143 veridica
1604 5082 1665 5143 sub
1679 5083 1728 5143 si·-

114 5164 246 5237 iumedio
258 5178 388 5239 nehulae
404 5178 452 5258 (3)
469 5174 569 5242 claris
583 5182 660 5243 vitae
673 5187 705 5245 et
718 5184 880 5247 doctrinm
933 5182 1121 5244 militudine
1139 5182 1250 5258 angeli
1261 5180 1471 5247 ascendentis
1484 5178 1526 5243 ab
1541 5180 1616 5240 ortu
1630 5180 1727 5248 solis,

115 5265 217 5331 micans
237 5272 431 5351 fulgoribus,
449 5277 603 5341 sedentes
625 5279 660 5339 in
681 5281 828 5342 tenebris
847 5283 881 5344 et
933 5282 1133 5358 signumque
1146 5280 1206 5342 Ilei
1220 5280 1289 5341 viri
1304 5278 1469 5348 habentis,
1486 5276 1648 5338 astruitur
1660 5294 1727 5339 non

141 5420 175 5567 r}
187 5429 231 5497 lu,
246 5445 320 5502 cxvi,
336 5447 364 5490 v.
382 5434 410 5489 2.
970 5436 1012 5510 (b)
1029 5439 1164 5506 lbid.,1x.

150 5495 165 5551 l
186 5500 272 5571 ioan,
288 5518 308 5571 ι,
326 5518 353 5560 v.
369 5505 395 5560 7.
968 5511 1007 5581 (6)
1024 5507 1158 5575 blaiseii,
1171 5522 1213 5576 ur,
1229 5521 1256 5562 v.
1274 5505 1299 5562 l.

142 5566 175 5641 (3)
189 5570 302 5641 aulen,
316 5589 344 5643 n,
360 5588 389 5628 v.
403 5574 430 5631 6.
909 5610 910 5613 =
970 5582 1010 5654 (6)
1025 5578 1079 5648 Gi,
1096 5580 1187 5650 iutro,
1203 5593 1228 5633 c.
1243 5592 1282 5635 ιι.

234 5711 345 5757 ιιτιιοι.
365 5714 441 5755 rous
459 5700 507 5756 vl.
