3950 6200
501 501 641 562 SERMO
661 501 791 561 CCLVI.

248 681 290 737 De
308 677 419 736 duobus
444 675 609 734 fluminibus
630 674 793 749 Babylonis,
814 675 923 733 scilicet
946 672 980 731 16
996 673 1040 730 in·

281 850 291 869 ,
335 765 670 834 16611616666616,6116
685 767 803 822 transitu
819 762 951 821 dulcoris.

244 942 358 1013 Super
375 938 521 1010 flumina
535 939 729 1011 1161616616,
754 938 989 997 1616661166
1007 936 1042 996 et

424 1036 595 1107 1166116616.
611 1034 716 1113 (Ρ661.
733 1035 801 1105 136,
815 1022 860 1109 1.)

285 1204 357 1267 1166
371 1203 509 1264 flumina
522 1204 599 1264 snnt
610 1200 802 1278 Babylonis,
819 1201 948 1263 scilicet
959 1200 1043 1261 Cho-

243 1298 317 1376 bar,
332 1303 366 1364 et
381 1301 500 1377 Tigris.
523 1298 654 1361 Chobar
673 1302 786 1360 autem
803 1300 1041 1376 interpretatur

245 1399 403 1477 gravedo,
420 1401 453 1459 et
476 1397 644 1473 significat
658 1396 885 1458 infirmitatem
902 1396 1038 1457 carnis:

245 1497 354 1573 Tigris
390 1496 630 1571 1616666616166
663 1493 773 1566 66166,
807 1495 841 1555 61
873 1492 1042 1568 significat

244 1595 422 1657 transitum
450 1592 644 1670 temporalis
673 1590 915 1653 delectationis.
951 1592 1040 1651 Bene

244 1693 355 1753 66166
368 1690 441 1751 haec
451 1690 516 1751 duo
529 1690 686 1751 dicuntur
700 1688 850 1760 1166166,
862 1688 941 1765 6616
955 1687 1042 1748 61661

244 1789 279 1849 16
307 1786 443 1849 flumine
469 1785 621 1864 quaedam
648 1800 727 1862 pars
742 1784 872 1854 defluit,
889 1783 1040 1862 quaedam

244 1885 373 1947 affluit:
388 1885 437 1945 616
459 1898 592 1961 666666
618 1883 725 1944 affluit
743 1880 829 1960 quod
851 1883 980 1957 gravat,
1008 1882 1042 1943 et

244 1984 309 2045 cito
326 1982 431 2044 effluit
449 1981 537 2060 quod
561 1981 713 2042 delectat.
730 1983 777 2042 De
792 1979 939 2048 Chobar,
954 1979 1041 2042 idest

244 2080 285 2142 de
299 2079 493 2157 gravedine,
517 2078 679 2140 habemus
702 2078 881 2155 Sapientiae
897 2077 941 2156 (9,
961 2075 1038 2155 15);

244 2180 410 2255 «Corpus,
428 2176 514 2255 6661
531 2175 767 2253 corrumpitur,
784 2177 949 2251 aggravat
960 2175 1040 2236 ani-

244 2291 343 2346 mam,
365 2276 399 2336 et
413 2276 547 2337 terrena
562 2272 763 2335 inhabitatio
781 2272 939 2349 deprimit
957 2287 1039 2333 sen-

243 2388 318 2435 sum
329 2373 432 2433 multa
444 2372 663 2448 cogitantem
677 2387 696 2430 »
709 2372 743 2432 et
752 2371 787 2431 in
801 2369 1038 2431 Ecclesiastico

244 2468 310 2549 (10,
339 2469 370 2547 1)
388 2469 627 2546 :soccupatio
657 2483 778 2544 magna
809 2467 886 2528 1616
913 2466 960 2546 (1)
989 2468 1041 2529 661

243 2566 397 2629 omnibus
421 2567 622 2637 hominihus,
639 2567 800 2642 etjugum
814 2581 917 2641 grave
939 2580 1041 2640 66666

244 2664 332 2727 illios
346 2665 462 2736 Adam,
484 2664 573 2726 6116
592 2663 703 2725 exitus
725 2663 766 2725 de
790 2663 907 2725 666166
923 2662 1039 2724 661616

243 2778 371 2834 66666,
385 2762 540 2839 usquein
555 2762 644 2823 1166
655 2760 835 2837 sepulturae
848 2760 884 2820 in
898 2762 1040 2823 matrem

243 2859 404 2930 omnium,
421 2876 439 2918 6
454 2861 488 2919 61
501 2857 563 2920 161
579 2856 624 2935 (7,
642 2856 695 2935 20)
710 2860 879 2919 :sFactus
893 2873 966 2918 sum
981 2856 1040 2917 mi·

241 2955 412 3032 himetipsi
424 2955 577 3031 gravis.»
595 2951 721 3015 066616
729 2956 780 3016 661
788 2954 918 3031 61111661
927 2954 1036 3025 homo,

242 3055 276 3118 et
296 3052 443 3131 seipsum
461 3067 564 3129 grave
582 3051 711 3130 pondus
726 3053 848 3130 666161.
871 3051 950 3114 166
963 3054 1041 3113 tan-

676 262 709 321 S.
737 261 911 323 ANTONII
940 259 1128 321 PADUANI
1157 259 1295 320 OPERA
1323 259 1470 320 ouum.
1817 261 1883 321 1211
1960 270 1961 277 ’

1138 421 1184 481 De
1198 419 1302 495 Tigri,
1319 419 1404 480 idest
1416 417 1603 491 velocitate,
1621 419 1654 480 61
1671 417 1884 479 1166616166-
1960 436 1961 445 ’

1098 515 1249 579 16111166
1265 514 1545 578 161666616161
1561 515 1625 596 (30,
1640 515 1692 594 15)
1707 537 1716 575 ι
1732 533 1751 573 ‹
1766 515 1881 576 Abstu-

1097 614 1136 675 lit
1152 612 1200 692 (2)
1215 615 1310 691 quasi
1337 616 1456 675 ventus
1479 612 1682 674 desiderium
1710 630 1819 674 6666
1835 615 1882 674 :et

1097 710 1307 773 6616166166
1322 711 1517 788 pertransiit
1531 711 1622 771 salus
1637 726 1751 771 mea.»
1766 712 1882 772 Ventus

1096 809 1184 871 tollit
1195 809 1407 880 desiderium,
1427 824 1501 869 cum
1515 824 1569 868 res
1583 808 1778 869 transitoria
1792 812 1882 869 61666

1096 908 1212 969 nitatis
1226 907 1369 969 destruit
1391 906 1584 983 appetitum.
1598 905 1712 966 Nubes
1727 908 1834 967 66166
1850 906 1881 969 16
1960 934 1961 951 .

1096 1009 1200 1070 altum
1215 1008 1367 1084 erigitur,
1384 1006 1440 1067 sed
1456 1021 1524 1067 non
1539 1005 1663 1081 ligitur,
1685 1005 1764 1082 quia
1781 1005 1879 1080 gloria

1097 1121 1339 1183 perversorum,
1356 1120 1420 1183 quo
1453 1104 1554 1165 altior
1575 1105 1637 1172 661,
1658 1102 1727 1163 iixa
1743 1118 1807 1162 non
1823 1104 1877 1162 661.

1097 1204 1227 1266 116616
1243 1203 1358 1265 eodem
1372 1201 1417 1280 (9,
1430 1203 1471 1262 25
1483 1203 1517 1263 61
1532 1198 1587 1275 26)
1597 1217 1632 1261 ε(
1642 1200 1719 1261 Dies
1729 1199 1879 1261 6616616

1096 1301 1205 1362 616666
1220 1301 1354 1362 1666661
1364 1313 1520 1361 cursore:
1534 1297 1700 1374 ingerunt,
1717 1297 1880 1357 6166661

1096 1397 1363 1461 16666116666.
1380 1396 1654 1459 Pertransierunl
1675 1395 1772 1472 quasi
1786 1410 1878 1454 nares

1096 1511 1193 1572 poma
1205 1497 1417 1573 portantes.»
1432 1496 1555 1555 Cursor
1565 1492 1763 1570 quandoque
1772 1507 1878 1567 espec·

1096 1596 1144 1655 tat
1161 1608 1260 1670 quem
1281 1592 1420 1654 6666161
1438 1591 1532 1652 :dies
1548 1591 1659 1652 66166
1674 1589 1816 1652 hominis
1830 1589 1878 1648 ri·

1095 1692 1163 1752 tam
1182 1690 1403 1767 praetendunt,
1418 1689 1453 1751 61
1471 1689 1643 1758 nunciant,
1666 1702 1766 1764 quam
1777 1688 1877 1747 tamen

1096 1790 1202 1849 66616
1217 1788 1409 1848 imminente
1422 1802 1488 1848 non
1498 1785 1687 1862 expectant
1702 1784 1877 1856 06166166

1096 1900 1193 1962 6666
1206 1887 1326 1962 portat,
1341 1884 1477 1946 odorem
1490 1882 1623 1961 quidem
1639 1882 1753 1953 sentit,
1769 1881 1824 1942 661
1842 1881 1876 1940 16

1097 1983 1205 2045 166616
1215 1999 1282 2044 666
1292 1982 1412 2044 sentit:
1426 1982 1475 2043 616
1485 1981 1628 2043 6166616
1638 1979 1756 2040 116166
1766 1978 1877 2039 nostris

1096 2081 1156 2141 Dei
1171 2079 1405 2157 promissionis
1421 2079 1556 2141 616666
1571 2078 1745 2148 66611666,
1768 2075 1822 2137 sed
1843 2074 1877 2135 de

1096 2178 1206 2240 fructu
1225 2194 1293 2240 non
1307 2180 1490 2254 gustamus,
1510 2177 1566 2238 sed
1591 2175 1669 2238 aliis
1688 2174 1875 2250 gustandum
1942 2190 1961 2218 ·.

1096 2276 1293 2337 deserimus.
1307 2278 1389 2337 1166
1399 2274 1626 2336 Ecclesiastici
1640 2271 1705 2351 (40,
1720 2275 1755 2334 11
1767 2271 1806 2332 ad
1814 2271 1874 2348 13)-;

1094 2379 1230 2452 ‹Aquae
1251 2375 1416 2435 6666616
1432 2387 1523 2434 6666
1551 2372 1876 2433 66666166660666

1095 2488 1227 2544 66666,
1255 2473 1289 2534 61
1314 2468 1727 2548 161661166161611166,61
1752 2467 1875 2527 1116616

1095 2568 1253 2629 66666166
1279 2567 1390 2630 616111.
1417 2565 1618 2628 substantia
1644 2564 1821 2640 16616666
1834 2559 1874 2640 (3)

1094 2666 1191 2743 quasi
1206 2665 1328 2727 fluvius
1343 2663 1598 2726 siccabuntur.»
1614 2664 1698 2723 Ecce
1711 2676 1808 2738 quam
1821 2675 1873 2719 re·

1094 2764 1152 2825 lox
1183 2762 1286 2824 116116
1316 2761 1502 2823 substantia
1532 2759 1785 2837 temporalium,
1813 2771 1874 2833 666

1094 2860 1252 2937 1666666
1273 2859 1396 2920 fluvius
1421 2857 1636 2920 transitorius
1654 2854 1874 2917 velociterde-

1094 2958 1250 3021 siccatur.
1276 2959 1357 3020 Item
1387 2955 1567 3033 sapientise
1595 2952 1751 3033 (5,15):
1772 2954 1872 3026 ‹speu

1094 3056 1188 3134 impii
1211 3055 1307 3134 quasi
1332 3055 1454 3131 lanugo
1470 3054 1531 3126 661,
1551 3067 1624 3131 666.
1639 3069 1659 3114 6
1674 3048 1873 3114 6661616111-

240 3154 310 3216 tam
334 3151 550 3229 gravedinem
570 3151 604 3213 in
627 3165 740 3222 carne,
765 3151 815 3212 tot
840 3150 983 3212 6166666
1003 3150 1038 3211 16
1094 3154 1148 3216 166
1164 3174 1171 3214 :
1189 3156 1222 3216 61
1235 3156 1393 3231 1666666
1405 3168 1521 3231 spuma
1533 3151 1683 3227 gracilis,
1699 3161 1875 3227 quaeapro·

242 3250 356 3310 anima
371 3248 503 3310 tolerat.
524 3247 613 3309 Idem
631 3245 764 3326 (30,11)
782 3247 1038 3309 :sRharetram
1094 3252 1180 3314 cella
1202 3252 1446 3329 dispergitur.»
1473 3249 1620 3322 Arundo,
1645 3252 1743 3325 cujus
1762 3247 1873 3307 lruclm

242 3362 337 3407 suam
353 3343 495 3423 aperuit.
512 3346 545 3407 61
554 3345 675 3406 afflixit
688 3360 752 3417 me,
769 3347 803 3406 et
821 3345 962 3408 166666
978 3359 1040 3421 po-
1093 3350 1217 3425 lanugo
1243 3350 1304 3421 est,
1332 3349 1444 3425 fragili
1466 3348 1595 3410 calamo
1610 3347 1730 3422 surgit,
1746 3342 1873 3407 616611·

242 3443 311 3504 suit
337 3443 373 3504 in
392 3459 429 3504 os
451 3458 573 3504 meum.
590 3460 608 3502 6
632 3442 832 3503 Ρ16661666
846 3441 990 3518 aperuit,
1006 3442 1040 3503 et
1093 3449 1189 3509 catur
1204 3447 1239 3508 in
1254 3448 1322 3509 luto
1337 3468 1345 3507 ε
1360 3447 1408 3508 616
1426 3446 1496 3507 6116
1510 3445 1623 3506 carnis
1638 3442 1809 3518 fragilitati
1822 3440 1873 3500 in·

242 3540 373 3612 afflixit,
400 3556 475 3601 cum
508 3539 632 3616 sagitta
661 3540 808 3601 carnalis
833 3539 1038 3601 infirmitatis
1093 3545 1222 3616 nititur,
1245 3544 1314 3605 luto
1333 3542 1552 3605 immunditiae
1573 3541 1762 3612 radicatum
1789 3539 1873 3613 cuius

243 3638 411 3699 hominem
433 3636 609 3715 percussit.
632 3638 787 3698 Fraenum
803 3638 914 3702 autem
927 3637 962 3697 in
980 3652 1039 3698 666
1093 3641 1221 3704 1666166
1236 3641 1358 3717 lanugo
1370 3643 1432 3711 est,
1449 3640 1605 3718 quianon
1622 3638 1755 3715 quaerit,
1769 3636 1828 3696 nisi
1843 3634 1874 3693 ut

242 3736 319 3813 equi
349 3734 391 3796 ad
414 3734 653 3796 comedendum
671 3733 820 3812 impedit,
843 3735 876 3795 61
897 3749 918 3795 6
938 3749 1038 3795 cursu
1093 3738 1225 3801 deliciis
1261 3739 1440 3800 nutriatur.
1472 3738 1536 3798 1116
1560 3737 1674 3797 66166
1704 3734 1826 3796 innotus
1855 3744 1873 3790 a

243 3832 492 3910 666661661616
512 3831 807 3893 661661166666111.
831 3831 886 3892 Sic
901 3834 935 3893 et
953 3847 1038 3907 gra·
1093 3838 1191 3898 vento
1215 3835 1354 3898 6611666
1378 3834 1480 3896 febris
1492 3834 1677 3909 exurgente
1698 3831 1832 3899 tollitur,
1845 3827 1874 3887 et

241 3928 326 3990 vedo
351 3929 445 3989 carui
469 3928 626 4006 imposita
651 3927 777 3990 61666
806 3928 1038 3990 delectationis
1093 3933 1315 4012 6666166666
1325 3924 1874 4009 gracilisaprocellaiuturijudicii

242 4026 341 4087 dehet
360 4025 544 4097 retrahere,
571 4026 638 4086 eta
659 4041 761 4087 cursu
775 4026 963 4103 iniquitatis
979 4042 1039 4103 666
1093 4031 1286 4108 1166166166.

239 4124 388 4200 regimen
408 4122 548 4185 rationis
567 4122 665 4185 16161
683 4126 847 4185 66661666.
864 4124 956 4184 6116
973 4139 1036 4186 6ο-
1133 4130 1289 4206 Sequitur
1305 4149 1313 4189 ε
1327 4131 1370 4190 In
1383 4129 1544 4189 solicitus
1557 4128 1716 4187 inmerito
1726 4128 1798 4196 ejus
1809 4135 1875 4182 666

241 4221 316 4283 dem
345 4220 409 4302 (30,
439 4219 493 4300 16)
514 4222 635 4283 :Nunc
661 4222 773 4282 66166
797 4221 974 4284 marcescit
1000 4221 1036 4281 in
1089 4230 1273 4300 pendimus
1296 4239 1430 4302 organo
1444 4225 1575 4286 nostra.
1601 4222 1739 4293 Salices,
1756 4219 1872 4282 nobiles

241 4320 436 4396 memetipso
447 4319 560 4380 anima
569 4335 654 4391 666,
668 4321 701 4380 61
713 4318 885 4396 666611661
898 4333 951 4379 66
965 4318 1037 4380 1166
1092 4325 1170 4385 6661
1183 4323 1284 4398 hujus
1297 4322 1423 4389 mundi,
1437 4321 1470 4382 61
1482 4322 1645 4397 66166166,
1661 4319 1718 4396 661
1732 4317 1874 4394 rigantur

241 4416 444 4479 afflictionis.
461 4434 479 4476 6
496 4417 694 4478 Sanctorum
706 4418 819 4477 anima
843 4430 932 4477 nunc
946 4431 1038 4476 mar-
1092 4420 1126 4480 in
1137 4419 1331 4481 fluminibus
1342 4411 1873 4495 Babylonis,scilicetabundanm

241 4514 346 4574 cescil
363 4535 371 4572 ε
391 4512 449 4573 661
469 4514 677 4590 666166166
689 4515 815 4575 aeterna
830 4512 1037 4576 exultatione
1091 4517 1191 4593 hujus
1220 4517 1346 4578 mundi.
1374 4515 1437 4577 Sed
1465 4518 1578 4577 tamen
1602 4514 1736 4576 steriles
1760 4514 1873 4573 sunta

241 4611 399 4682 61666666
415 4612 448 4670 61
471 4626 571 4686 quam
596 4610 693 4672 modo
715 4611 851 4672 afflictio
876 4609 1034 4687 possidet,
1090 4613 1177 4676 hono
1201 4629 1313 4691 opere.
1330 4615 1369 4675 16
1389 4612 1442 4673 his
1461 4608 1876 4689 66666616616666661166·

166 4749 168 4754 ⁴
240 4708 312 4770 1166
329 4707 455 4769 laetitiae
474 4705 616 4768 hilarem
633 4707 758 4769 reddet.
776 4707 1036 4770 11661666166
1090 4713 1200 4774 16666
1213 4726 1350 4786 organa,
1365 4711 1463 4785 juxta
1476 4708 1559 4769 illud
1579 4707 1732 4770 Michaeae
1746 4705 1787 4782 (1,
1801 4701 1851 4780 10)
1866 4721 1873 4759 :

240 4805 306 4888 (30,
324 4803 396 4885 17):
410 4805 541 4866 «Nocte
565 4803 754 4880 6661666166
766 4820 803 4865 66
817 4820 926 4866 6666
941 4804 1037 4866 dolo·
1090 4810 1159 4869 «ln
1179 4808 1262 4870 Geth
1289 4807 1393 4868 nolite
1419 4805 1648 4873 annunciare,
1666 4801 1818 4881 lacrymis
1836 4813 1875 4858 ne

240 4903 335 4965 ribus
351 4920 358 4965 :
373 4901 472 4980 61661
482 4917 534 4963 66
544 4901 731 4973 66661661,
744 4917 810 4963 666
821 4902 1004 4978 16661661,
1017 4920 1035 4962 6
1091 4905 1239 4983 ploretis,
1251 4905 1286 4965 in
1298 4904 1395 4966 domo
1406 4903 1554 4980 pulveris
1565 4900 1770 4978 6616666666
1781 4911 1876 4959 cons-

240 5002 337 5079 quasi
349 5001 454 5061 dicat:
469 4999 628 5077 quidquid
642 4999 736 5062 estin
752 5000 954 5072 me,·doloris
969 4999 1037 5077 ple·
1090 5003 1259 5079 pergite.»
1285 5002 1369 5062 Geth
1398 5000 1637 5076 interpretatur
1669 4996 1822 5060 torcular,
1846 4993 1876 5051 61

238 5115 320 5159 666
344 5099 550 5173 6616666666
579 5097 667 5157 6616
693 5101 853 5173 gravatur
871 5114 931 5158 suo
951 5113 1037 5174 pon·
1090 5099 1256 5175 significat
1278 5097 1429 5173 potentes
1455 5096 1554 5173 hujus
1580 5093 1710 5164 saeculi,
1735 5090 1875 5168 quisunt

239 5195 331 5268 dere,
359 5196 392 5255 61
411 5194 578 5255 daemones
600 5194 699 5255 etiam
720 5195 755 5256 in
778 5196 873 5256 66616
888 5194 1035 5256 661666
1089 5195 1236 5258 torcular
1246 5191 1764 5272 pauperumperoppressionem;
1778 5187 1873 5247 idest:

239 5309 300 5371 666
317 5291 534 5354 tentationem
554 5306 620 5353 non
638 5292 754 5354 sinunt
769 5291 953 5369 quiescere.
1090 5298 1189 5355 0666
1205 5292 1452 5370 praedicatores,
1473 5289 1577 5351 nolite
1596 5288 1812 5356 annunciare,
1830 5285 1875 5343 la·

184 5484 198 5538 's
276 5503 567 5576 (1)1616.;666616.

276 5576 315 5644 qt)
329 5575 414 5644 vulg,
430 5591 436 5630 ;
454 5573 612 5632 66666636(
1125 5505 1165 5578 (3)
1180 5503 1266 5576 Vulg.
1283 5520 1290 5562 :
1306 5502 1487 5575 injustorum.
