3950 6200
253 227 312 289 671
675 223 708 286 S.
739 219 915 284 ANTONH
945 220 1134 282 Pandam
1161 221 1298 283 OPERA
1326 222 1474 285 ouum.
1822 229 1865 292 672

253 378 1052 461 mmputoroomuuuntsupervit-um0011ae-

253 483 368 545 redem
383 479 485 552 mihi;
509 477 596 540 idest
618 491 720 553 super
737 476 889 538 eumdem
915 476 1049 547 Filium,

255 579 370 657 quiin
397 577 525 639 unitate
556 573 749 637 substantiae
777 574 860 635 mihi
892 573 1048 635 cohaeret.

117 725 124 734 .
255 674 448 751 Cumigilur
459 688 565 750 poenae
585 671 712 734 tramea
727 671 936 733 suscitetura
951 672 1051 731 Patre

254 770 370 833 contra
393 770 526 840 Filium,
549 771 583 831 et
604 772 788 840 Pastorem,
805 768 1050 828 cumimmunis

255 867 356 929 luerit
377 883 397 929 a
422 869 558 944 peccato
588 888 596 926 ε
621 866 761 929 multum
788 864 971 927 timendum
1001 866 1052 927 est

256 979 353 1027 servo
366 964 478 1025 inutili
490 964 531 1025 de
546 978 655 1040 poeua,
677 979 751 1023 cum
766 961 944 1039 multiplici
959 962 1049 1022 irre·

253 1062 336 1125 titus
349 1061 450 1123 luerit
464 1060 572 1137 culpa.
597 1060 691 1121 Unde
711 1058 894 1120 Ezechielis
909 1056 956 1136 (1,
967 1056 1022 1135 25)
1040 1075 1047 1117 :

256 1159 369 1219 «Cum
384 1157 480 1218 fleret
501 1172 680 1233 rexsuper
693 1155 946 1226 firmamentum,
962 1154 1048 1230 quod

254 1254 329 1317 erat
341 1270 441 1332 super
451 1254 552 1330 caput
564 1268 691 1324 eorum,
708 1252 850 1319 stabant,
862 1253 895 1313 et
910 1251 1051 1313 submil-

255 1351 371 1416 tebant
388 1351 460 1412 alas
477 1350 866 1412 suas.»Firmamentum
887 1348 976 1409 istud
999 1349 1052 1409 est

257 1448 421 1520 Christus,
438 1447 494 1524 qui
510 1447 561 1509 θεῖ
574 1461 675 1523 super
684 1446 784 1523 caput
797 1447 958 1518 nostrum,
972 1445 1050 1522 quia

254 1544 562 1622 incomparabiliter
571 1544 706 1606 excellit
715 1559 811 1605 omne
822 1559 904 1621 opus
914 1542 1048 1614 bonum,

256 1643 292 1704 et
316 1658 446 1704 omnem
464 1641 630 1719 justitiam
654 1643 814 1704 nostram.
843 1642 924 1701 Cum
948 1640 1051 1715 igitur

255 1739 314 1801 liat
325 1755 392 1801 vox
406 1754 506 1816 super
520 1738 640 1815 ipsum,
654 1739 770 1812 restat,
785 1739 822 1799 ut
836 1753 896 1798 nos
911 1736 1052 1799 submit-

255 1836 366 1898 tamus
377 1834 449 1896 alas
467 1835 612 1907 οοεῖεθε,
631 1833 720 1896 idest
739 1833 825 1895 bona
840 1848 953 1910 opera,
970 1832 1049 1910 qui·

251 1930 315 1993 bus
335 1931 371 1991 in
386 1931 491 1993 altum
517 1931 766 1992 volamus1nec
787 1932 989 2007 reputemus,
1010 1943 1050 1990 ea

251 2042 326 2090 esse
340 2028 483 2106 alicuius
497 2028 670 2101 momenti,
685 2027 738 2089 vel
753 2027 889 2089 valoris.

294 2125 451 2203 sequitur
468 2128 532 2186 :de
545 2138 654 2186 manu
668 2127 775 2186 cartu.
799 2122 899 2185 Canis
922 2122 986 2184 iste
999 2125 1051 2183 est

250 2221 415 2293 diabolus,
433 2221 692 2299 quiindiscrete,
709 2221 743 2282 et
755 2221 828 2283 siue
844 2218 1049 2281 causanobis

251 2318 405 2390 oblatrat,
422 2333 485 2379 nec
499 2332 561 2378 nos
573 2317 654 2379 sinit
665 2317 803 2395 pacifice
820 2316 976 2378 incedere
991 2331 1051 2391 per

253 2415 355 2477 viam.
383 2415 476 2476 Licet
498 2415 587 2476 enirn
615 2414 650 2475 iu
680 2413 878 2492 quibusdam
904 2412 1051 2474 latrandi

1105 382 1159 442 cet
1170 380 1271 441 ardor
1286 381 1573 459 concupiscentia.
1582 383 1739 460 Sequitur
1751 385 1868 451 chamle

1105 477 1214 538 vineis
1229 476 1304 538 istis
1321 499 1328 537 :
1345 479 1378 539 et
1396 493 1561 540 venenum
1582 480 1735 557 aspidum
1756 482 1868 546 insana·

1104 573 1187 644 bile;
1201 573 1264 635 hoc
1279 577 1329 636 est
1341 577 1459 636 mentis
1474 576 1661 648 obduratio,
1679 593 1753 655 quae
1767 580 1870 641 contu-

1104 672 1231 733 sionem
1263 671 1360 733 tollit.
1401 673 1493 734 Siout
1520 674 1609 735 enim
1640 674 1733 752 aspis
1766 676 1869 739 obturat

1105 783 1215 840 aures,
1232 784 1273 829 ne
1287 769 1402 830 audiat
1412 770 1622 833 incantantes
1635 793 1643 830 :
1657 773 1706 832 sic
1717 771 1870 834 obduratur

1104 865 1308 942 inpeccatis,
1332 882 1375 927 ne
1390 882 1506 928 rocem
1524 868 1752 943 predicatoris
1769 871 1868 940 audiat

1104 961 1226 1023 timens
1240 963 1314 1024 erui
1327 963 1368 1025 de
1382 963 1519 1025 latebris
1530 965 1699 1036 vitiorum,
1713 966 1870 1043 sicutaspis

1104 1057 1146 1119 de
1170 1075 1314 1120 caverna
1340 1076 1412 1121 sua.
1435 1061 1591 1137 sequitur
1611 1083 1619 1121 ε
1641 1064 1711 1123 Νθθ
1736 1062 1770 1122 in
1796 1080 1869 1139 agros

1103 1157 1192 1217 tuos.
1206 1157 1286 1232 Agri
1310 1157 1367 1217 isti
1389 1172 1455 1217 non
1476 1161 1552 1220 sunt
1575 1160 1648 1234 agri
1664 1160 1869 1234 primitiarum,

1104 1253 1171 1313 imo
1186 1253 1265 1314 sunt
1274 1252 1452 1324 maledicti,
1467 1253 1586 1330 quibus
1596 1255 1770 1317 maledixit
1779 1258 1869 1329 David,

1104 1348 1182 1425 quia
1197 1349 1233 1409 in
1254 1349 1304 1411 eis
1329 1349 1523 1411 interiectus
1542 1352 1593 1412 θεῖ
1608 1352 1689 1412 Saul
1703 1367 1774 1423 rex,
1787 1355 1869 1415 etlo-

1106 1445 1246 1520 cauas,
1261 1446 1348 1507 unde
1368 1447 1404 1507 in
1433 1447 1578 1509 secundo
1601 1451 1728 1524 Regum
1754 1449 1797 1527 (1,
1812 1450 1870 1528 ab:

1103 1543 1262 1605 «Montes
1289 1542 1421 1615 (belboe,
1451 1559 1513 1605 nec
1538 1560 1605 1617 ros,
1624 1560 1686 1606 nec
1712 1545 1871 1622 pluviave-

1103 1639 1199 1700 niant
1224 1654 1325 1716 super
1342 1655 1413 1713 vos,
1438 1656 1545 1717 neque
1564 1641 1632 1704 sint
1653 1642 1688 1702 in
1708 1641 1798 1703 robis
1817 1644 1870 1717 agri

1103 1735 1367 1812 primitiarum.»
1380 1738 1461 1813 Agri
1471 1738 1694 1814 primitiarum
1706 1740 1782 1800 sunt
1793 1754 1871 1815 opera

1104 1833 1218 1894 nostra
1231 1831 1319 1894 bona
1333 1834 1451 1910 prima,
1464 1835 1497 1895 et
1508 1835 1623 1896 electa.
1640 1835 1693 1896 llli
1707 1851 1784 1898 vero
1801 1850 1872 1896 nure

1105 1930 1156 1990 tes
1177 1931 1296 1992 deboc
1309 1931 1398 2003 sunt,
1414 1930 1501 1992 idest
1520 1931 1651 1993 lubrici.
1669 1935 1747 1994 Haec
1760 1935 1809 1993 est
1825 1949 1869 1992 su-

1105 2025 1230 2102 perbia,
1247 2042 1321 2103 qum
1341 2025 1382 2088 de
1403 2029 1540 2105 peccato
1559 2028 1594 2089 in
1609 2031 1778 2105 peccatum
1796 2043 1872 2090 ruere

1104 2122 1195 2195 iacit,
1222 2123 1259 2185 ut
1284 2123 1507 2186 interficiatur
1528 2140 1590 2186 rex
1618 2126 1717 2196 Saul,
1742 2126 1872 2186 uidelicet

1104 2219 1178 2296 ipse
1201 2219 1363 2300 Christus,
1392 2222 1479 2285 sicut
1501 2222 1678 2298 Apostolus
1698 2223 1739 2284 ad
1762 2223 1872 2284 Galatas

1105 2315 1149 2394 (3,
1167 2315 1199 2396 1)
1217 2333 1258 2377 :e
1273 2319 1358 2380 Ante
1372 2334 1512 2394 quorum
1522 2318 1638 2380 oculos
1650 2320 1797 2381 Christus
1810 2334 1873 2395 pre·

1105 2414 1250 2490 scriptus
1272 2415 1332 2486 est,
1357 2416 1391 2476 et
1411 2414 1459 2494 (3)
1480 2415 1673 2476 crucifixus.
1693 2432 1713 2476 b
1736 2415 1873 2478 Jonatbas

1105 2509 1206 2571 etiam
1221 2509 1430 2586 interficitur,
1445 2512 1502 2589 qui
1515 2511 1753 2588 interpretatur
1768 2512 1872 2574 colum·

1103 2606 1156 2679 ba,
1181 2605 1338 2669 videlicet
1363 2607 1484 2669 donum
1511 2609 1657 2685 Spiritus
1686 2610 1805 2671 Sancti.
1827 2610 1873 2668 Se-

1104 2703 1217 2780 quitur
1238 2719 1247 2764 :
1267 2720 1287 2763 c
1312 2706 1423 2780 Aquas
1448 2705 1489 2766 de
1507 2706 1617 2782 puteis
1631 2707 1700 2768 tuis
1715 2722 1778 2767 non
1795 2704 1871 2766 bibe-

1103 2816 1188 2861 mus.
1205 2801 1341 2876 «Aqua
1354 2801 1426 2863 istae
1441 2801 1603 2877 puteales,
1621 2802 1663 2864 ad
1675 2819 1756 2880 quas
1776 2802 1873 2863 biben-

1103 2897 1162 2958 das
1175 2898 1305 2973 oportet
1317 2898 1499 2970 incurvari,
1511 2901 1589 2961 sunt
1599 2899 1728 2961 delicia
1739 2902 1871 2968 terrena,

1103 3009 1177 3070 quae
1191 2994 1264 3056 sine
1274 2996 1410 3070 peccato
1422 3009 1489 3056 non
1501 2995 1713 3058 hauriuntur.
1722 2995 1782 3058 Sed
1796 3009 1873 3070 aque

1101 3090 1265 3164 viventes,
1279 3091 1366 3169 apud
1400 3094 1516 3166 Deum,
1543 3092 1703 3155 salientes
1727 3093 1762 3155 in
1787 3093 1870 3153 ritan

1102 3190 1273 3252 aeternam.

1142 3286 1300 3362 Sequitur
1315 3308 1323 3346 ε
1336 3288 1439 3349 Salva
1460 3302 1516 3349 me
1536 3302 1583 3350 eac
1610 3292 1797 3351 moloonia.
1816 3289 1869 3348 beo

1101 3382 1165 3443 iste
1174 3382 1397 3458 estdiabolus,
1414 3383 1455 3445 de
1467 3387 1562 3461 cuius
1575 3400 1634 3446 ore
1654 3386 1735 3462 petit
1752 3382 1869 3449 salvari

1101 3478 1218 3555 dequo
1241 3480 1345 3541 Joelis
1355 3480 1400 3558 (1,
1413 3480 1448 3560 6)
1465 3502 1473 3541 ε
1495 3498 1515 3541 c
1532 3484 1631 3554 Gens,
1656 3481 1806 3544 ascendet
1823 3495 1873 3539 su·

251 2526 388 2574 causam
401 2527 467 2573 non
481 2511 614 2584 babeat,
631 2511 667 2574 in
681 2512 737 2573 via
755 2510 946 2587 hujusmodi
959 2525 1050 2571 sem·

251 2624 314 2687 per
324 2609 499 2686 inquietat,
515 2611 549 2669 et
568 2623 628 2685 per
642 2623 780 2685 pravam
803 2607 1049 2683 suggestionem

250 2704 526 2767 laceraretentat
537 2704 1051 2768 HicestillerexSebonAmor·

249 2801 430 2872 rhaeorum,
448 2800 488 2861 de
508 2817 573 2878 quo
594 2801 716 2877 legitur
739 2802 961 2863 Numerorum
983 2798 1048 2878 (21,

250 2895 317 2975 22),
340 2896 427 2974 quod
452 2895 512 2957 tilii
539 2896 642 2958 Israel
671 2898 875 2973 rogaverunt
901 2912 989 2971 eum,
1014 2899 1050 2958 ut

252 3006 312 3054 eos
333 2992 488 3054 incedere
509 2993 715 3070 permitteret
730 3008 789 3070 per
801 2995 924 3055 terram
940 3009 1046 3065 suam,

252 3088 400 3153 dicentes
434 3112 442 3152 a
474 3091 550 3154 Non
587 3089 826 3153 declinabimus
860 3090 897 3152 in
931 3090 1048 3152 vineas

250 3187 339 3260 tuas,
376 3187 434 3250 rel
462 3188 497 3249 in
531 3203 631 3264 agros
667 3189 758 3260 tuos,
795 3202 856 3250 nec
896 3187 1048 3248 bibemus

250 3298 357 3363 aquas
391 3299 435 3346 ex
466 3285 576 3362 puteis
609 3284 687 3345 tuis.
725 3283 835 3346 sehon
873 3284 1047 3361 interpre-

248 3380 340 3443 tatur
358 3381 498 3444 tentatio
520 3381 703 3443 oculorum.
724 3380 787 3442 ilic
807 3381 857 3442 est
882 3379 1045 3452 diabolas,

250 3477 309 3554 qui
322 3477 463 3540 diversae
485 3477 678 3540 tentationis
700 3477 806 3540 oculis
819 3477 976 3539 humanis
991 3476 1046 3538 la-

249 3589 353 3650 queos
373 3575 477 3651 pouit.
504 3574 567 3646 Qui
588 3574 673 3636 bene
694 3573 818 3634 dicitur
838 3589 900 3635 rex
922 3577 1046 3634 Amor-

247 3671 428 3744 rhaeorum,
441 3671 498 3749 qui
508 3671 747 3746 interpretatur
756 3671 956 3731 amaricans.
967 3671 1047 3731 Post

249 3768 467 3831 tentationem
480 3768 570 3829 enim
583 3768 765 3839 oculorum,
775 3782 949 3843 poenarum
958 3781 1047 3827 ama-

249 3863 430 3925 ritudinem
443 3864 576 3940 infligit.
593 3866 689 3925 Hunc
703 3863 860 3925 debemus
872 3879 1004 3939 rogare,
1016 3863 1045 3924 si

249 3959 412 4021 Israelita
426 3975 551 4032 sumus,
575 3961 612 4022 ut
626 3961 795 4036 permittat
816 3976 878 4021 nos
903 3975 963 4037 per
976 3961 1047 4021 ter-

247 4069 332 4128 ram,
348 4055 434 4117 idest
450 4070 510 4132 per
523 4055 683 4130 mundun,
697 4056 732 4116 in
743 4071 808 4132 quo
828 4055 943 4117 mundi
958 4070 1046 4116 arna·

249 4156 341 4214 tores
378 4152 537 4230 possidet,
565 4152 711 4215 transire
747 4152 820 4214 sine
847 4152 1043 4215 tentatione.

249 4249 341 4322 Quod
367 4250 397 4310 si
421 4250 605 4312 dixerimus
624 4251 721 4311 :Non
749 4248 990 4311 declinabimus
1009 4249 1045 4308 iu

1101 3589 1160 3652 per
1175 3573 1223 3655 (4)
1238 3578 1362 3638 terram
1378 3592 1486 3638 meam
1510 3577 1617 3647 tortis,
1643 3582 1677 3640 et
1700 3579 1874 3640 innumera·
1902 3600 1905 3609 ·

1100 3671 1178 3732 bilis
1193 3692 1201 3731 :
1218 3671 1334 3734 dentes
1350 3675 1422 3750 eJus
1438 3673 1475 3735 ut
1494 3673 1610 3735 dentes
1632 3674 1751 3748 leonis,
1771 3676 1800 3734 et
1811 3685 1870 3732 mo·

1100 3767 1189 3828 lares
1199 3769 1272 3845 elus
1283 3770 1320 3830 ut
1331 3770 1434 3830 catuli
1446 3769 1593 3831 leonis.»
1617 3772 1750 3843 Dentes,
1768 3767 1871 3846 quibus

1100 3863 1253 3926 diabolus
1265 3864 1408 3936 truncat,
1429 3868 1507 3927 sunt
1521 3866 1629 3943 prima
1650 3868 1792 3943 peccata,
1806 3862 1871 3940 qui·

1099 3959 1192 4021 busa
1207 3960 1372 4023 charitate
1387 3963 1532 4038 separat,
1545 3964 1608 4024 eta
1623 3979 1760 4041 corpore
1769 3958 1872 4022 Christi

1099 4056 1276 4134 abrumpit.
1304 4058 1461 4131 Molares,
1492 4059 1612 4137 quibus
1645 4061 1750 4134 molit,
1778 4060 1808 4119 et
1829 4056 1872 4115 at·

1099 4152 1187 4225 terit,
1213 4153 1293 4216 sunt
1322 4156 1458 4231 peccata
1486 4155 1687 4231 inveterata,
1709 4158 1822 4233 etjam
1842 4150 1871 4210 in

1099 4250 1374 4312 consuetudinem
1399 4249 1550 4323 deducta,
1576 4252 1697 4329 quibus
1721 4253 1809 4314 homo
1823 4249 1870 4309 at·

117 4340 121 4345 ’
246 4345 364 4408 vineas
385 4348 469 4417 tuas,
491 4362 623 4425 semper
641 4348 752 4410 umen
772 4346 868 4407 nobis
887 4344 1042 4407 oblatrat

249 4442 313 4503 Sed
326 4445 487 4521 quaesunt
498 4444 571 4505 istae
585 4443 705 4514 vineae,
722 4443 757 4504 in
770 4428 852 4521 qu'as
864 4456 932 4503 non
944 4441 1046 4503 debe·

247 4553 323 4599 mus
350 4538 541 4601 declinaret
567 4539 650 4611 Illae,
678 4539 719 4601 de
744 4538 864 4616 quibus
889 4538 1043 4603 dicitur:

248 4634 350 4697 «Ura
372 4650 487 4697 eorum
511 4651 576 4697 uua
589 4635 688 4708 tellis,
705 4637 738 4698 et
763 4635 850 4697 botri
866 4635 1044 4697 amarissi-

247 4730 294 4792 mi
303 4730 362 4811 (2).
379 4734 489 4794 ›Haec
503 4732 555 4794 est
563 4732 635 4807 ira;
651 4735 689 4793 ln
710 4731 787 4794 telle
806 4732 896 4794 enim
918 4731 1043 4792 irasci-

247 4844 334 4891 mur.
349 4830 428 4891 Haec
438 4828 499 4901 est,
517 4829 666 4906 inquam,
682 4829 746 4901 ira,
755 4844 828 4905 quae
843 4842 973 4905 semper
982 4843 1043 4889 nos

249 4926 471 5003 persequitur,
502 4920 701 4987 et-maxime
727 4924 816 4997 illos,
843 4938 927 5001 quos
951 4924 1044 4986 videt

246 5021 465 5084 continentes.
482 5021 644 5084 Naturale
661 5022 713 5083 est
731 5021 843 5082 odium
862 5021 951 5082 inter
964 5020 1045 5082 dra-

247 5132 375 5190 conem,
410 5117 444 5179 et
471 5116 698 5194 elephantem,
731 5116 816 5179 idest
848 5116 937 5178 inter
968 5115 1044 5178 dia-

248 5213 373 5286 bolum,
388 5214 423 5274 et
437 5213 684 5287 continentem;
713 5213 801 5275 unde
824 5212 908 5276 bene
935 5213 1044 5290 sequi·

246 5312 320 5386 tur;
336 5314 395 5372 Fet
415 5313 606 5372 draconum
625 5312 746 5372 clitum
768 5325 901 5382 eorum,
918 5309 1042 5372 videli-

284 5441 326 5508 (1)
338 5441 422 5496 toan.
440 5440 483 5509 lu,
496 5441 541 5497 ll.

284 5509 327 5578 (3)
342 5510 423 5566 Dent.
440 5510 485 5579 31,
496 5510 531 5568 31
545 5517 574 5568 et
584 5511 628 5568 33.

1098 4346 1197 4408 tritus
1209 4347 1267 4408 vix
1282 4348 1391 4423 potest
1402 4362 1589 4424 resurgere.
1612 4348 1766 4427 Sequitur
1780 4363 1788 4406 ε
1803 4344 1872 4405 Ele

1097 4445 1259 4504 cornibus
1270 4446 1492 4505 unicornium
1513 4446 1743 4507 numilitatem
1760 4454 1869 4503 nemu

1101 4538 1289 4609 Unioornis,
1310 4539 1378 4601 alio
1402 4541 1499 4601 modo
1521 4543 1663 4603 vocatur
1684 4542 1870 4605 rhinoceros,

1098 4634 1224 4695 animal
1238 4635 1368 4697 scilicet
1379 4635 1677 4712 indignabundum,
1694 4638 1727 4698 in
1741 4634 1807 4697 nari
1818 4645 1872 4692 sua

1097 4729 1225 4792 habens
1239 4746 1356 4794 cornu.
1372 4733 1435 4793 iiic
1447 4734 1500 4794 est
1513 4732 1678 4806 diabolus,
1694 4734 1780 4808 origo
1796 4727 1872 4789 indi·

1097 4827 1277 4903 guntionis,
1301 4829 1334 4889 el
1350 4828 1526 4905 superbiae.
1543 4829 1605 4891 Hic
1627 4829 1724 4892 habet
1745 4824 1868 4905 iqnarb

1097 4923 1185 4984 idest
1199 4924 1233 4986 iu
1249 4924 1473 5000 suggestione,
1488 4941 1562 5003 quae
1577 4941 1741 5003 perraras
1753 4920 1870 4985 intelli·

1097 5019 1186 5095 gitur
1201 5023 1337 5097 propter
1355 5021 1679 5097 perceptibilitatem,
1695 5036 1786 5086 cornu
1801 5017 1869 5079 ela·

1096 5116 1222 5186 tionis,
1257 5117 1335 5193 quia
1367 5118 1469 5179 elatio
1504 5120 1663 5195 praecedit
1704 5118 1869 5196 peccatum.

1097 5214 1219 5274 Corrtra
1243 5212 1305 5273 hoc
1337 5213 1418 5275 dicit
1446 5214 1480 5274 in
1503 5214 1565 5277 Job
1588 5214 1652 5295 (10,
1674 5214 1725 5293 21)
1744 5231 1751 5269 =
1768 5214 1871 5272 Num·

1096 5312 1177 5382 quz'd
1204 5323 1311 5382 portes
1337 5312 1503 5372 urczuaun
1539 5315 1576 5373 tu
1610 5316 1745 5375 οονίοοε
1773 5305 1869 5378 tilis?

1132 5437 1173 5507 (3)
1187 5437 1269 5507 Vulq.
1282 5438 1312 5496 iu
1323 5437 1415 5495 vobis.

1132 5507 1174 5578 (l)
1192 5509 1274 5578 (οἱ).
1291 5509 1418 5567 θεοθοάἰῖ
1432 5509 1471 5567 lu.
