3950 6200
103 325 152 389 dit
468 327 576 389 Palis
607 326 752 412 Palma,
774 356 812 370 -
834 325 1055 386 EXPOSITIO
1084 325 1129 385 ΙΝ
1158 325 1361 386 PSALMOS.
1677 326 1737 385 clo

105 489 173 558 lum,
189 483 334 562 projecit
346 484 518 570 civitates:
535 488 619 548 Ecce
631 484 738 546 ioedus
753 484 886 560 ruptum
1221 504 1362 564 SERMO
1385 504 1454 563 xv,
1517 531 1520 540 .

103 582 887 657 interereatoremetcreaturam.Etnonrepu-
1067 627 1068 630 ¹

103 679 174 741 tavit
189 678 454 740 homiues2Ecce
472 678 658 741 inimicitiae
670 679 758 740 inter
770 680 884 748 Deum,
941 660 982 716 ⁰⁰
1006 658 1116 716 insidiis
1134 658 1249 730 dimin
1265 667 1293 716 θῑ
1314 658 1351 717 (Ῐθ
1365 658 1533 733 (ῙθθθΡῑῑθῦθ
1556 659 1736 759 Ρῗθῦὃῑῇχῦθ

101 778 126 838 et
144 775 326 837 hominem.
352 777 408 838 Sic
433 776 559 838 iecerat
587 776 739 838 diabolus
761 797 770 837 z
799 775 886 836 unde
977 748 1125 820 multiplici
1145 748 1211 818 finer
1233 755 1263 806 ‘³‘
1278 747 1361 830 9⁰⁰⁶
1382 763 1432 806 ⁰⁰?
1451 755 1609 821 90⁰⁰⁸1⁰f¹⁸
1634 746 1736 804 dmm?

101 874 189 935 homo
199 873 377 950 judicium,
393 876 425 935 et
440 889 575 935 causam
588 890 663 935 cum
679 889 718 934 eo
732 872 884 934 hahebat.
976 843 1089 893 eiuras.

101 970 251 1032 Dominus
271 973 383 1032 autem
407 971 486 1032 iecit
501 970 680 1049 judicium,
704 972 887 1033 etcausam
941 990 1081 1049 [mmm
1106 988 1304 1062 defecerunt
1335 990 1482 1062 srameoe
1507 991 1545 1049 m
1568 989 1674 1061 finem
1702 988 1736 1049 et

102 1071 172 1144 ojus,
195 1068 327 1130 scilicet
351 1068 509 1141 hominia,
525 1074 660 1132 soluens
685 1069 887 1148 inimicitius
944 1107 947 1114 ·
981 1085 1500 1148 civitateseommpegtruoemg
1514 1083 1585 1164 (ps,
1602 1087 1634 1157 9,
1648 1083 1694 1164 7,)

101 1169 130 1227 io
140 1179 251 1228 carate
263 1180 341 1234 sua,
350 1167 387 1227 ut
396 1165 519 1227 dicitur
528 1166 569 1227 ad
584 1166 747 1243 Ephesios
763 1163 808 1243 (2,
822 1163 885 1244 14).

102 1261 321 1324 dteffundens
336 1262 534 1338 sanguinem
549 1278 657 1334 suum,
677 1261 802 1324 delevit
821 1260 888 1321 clli-
982 1264 1123 1324 tramea
1139 1261 1264 1324 diaboli
1288 1263 1339 1325 est
1353 1262 1531 1325 delectatio
1550 1262 1735 1331 saecularis,

101 1359 297 1436 rographum
309 1359 446 1432 decreti,
462 1360 550 1436 quod
562 1362 634 1422 erat
659 1363 775 1421 contra
798 1374 884 1419 eum.
941 1362 975 1422 et
999 1361 1151 1432 tentatie,
1180 1361 1252 1422 sive
1282 1361 1498 1437 prosperitas.
1537 1363 1584 1422 De
1609 1360 1737 1422 tramea

102 1459 184 1518 Hauc
195 1459 324 1518 terram
340 1455 519 1518 inebriavit
531 1456 716 1534 liquoribus
731 1455 887 1517 decarne
942 1458 1174 1535 prosperitatis
1189 1458 1313 1520 dicitur
1326 1459 1511 1520 Ezechielis
1523 1457 1616 1537 (21,9
1628 1460 1661 1520 et
1670 1456 1733 1537 10).

101 1569 151 1615 sua
171 1552 431 1630 profluentibus,
454 1553 616 1617 videlicet
630 1568 718 1631 aqua
748 1554 781 1615 et
808 1568 889 1614 san·
942 1555 1112 1617 «Gladius
1133 1556 1295 1618 exacutus
1316 1558 1377 1628 est,
1404 1557 1438 1618 et
1458 1556 1593 1617 limatus
1615 1553 1676 1633 (3),
1704 1557 1739 1617 ut

100 1651 191 1727 guine
213 1651 254 1712 in
274 1651 448 1727 passione,
473 1650 596 1712 sudore
615 1651 649 1714 et
676 1649 833 1728 lacrymis
853 1650 887 1710 in
943 1653 1049 1715 caedat
1066 1653 1231 1714 victimas.
1256 1655 1425 1715 Exacutus
1449 1654 1510 1726 est,
1529 1654 1565 1714 ut
1583 1652 1738 1715 scindat:

100 1749 256 1811 oratione.
278 1750 316 1809 In
331 1764 429 1826 aqua,
449 1747 620 1810 mundatio
635 1748 691 1809 :in
712 1747 885 1823 sanguiue,
943 1750 1078 1812 limatus
1091 1751 1142 1812 est
1156 1752 1193 1811 ut
1206 1749 1390 1827 splendeat.
1409 1768 1428 1811 a
1443 1750 1614 1827 Decipitur
1628 1752 1740 1812 autem

101 1846 289 1923 purpuratio
313 1845 519 1922 designatur.
553 1846 628 1912 Non
663 1846 771 1907 solum
798 1845 888 1906 enim
942 1846 1083 1920 stultus,
1120 1848 1177 1925 qui
1210 1847 1421 1925 splendorem
1453 1848 1664 1918 considerat,
1706 1848 1740 1909 et

101 1943 236 2004 mundos
246 1957 308 2003 nos
321 1942 522 2014 essevoluit,
535 1942 593 2004 sed
605 1945 643 2004 ut
657 1958 732 2004 cum
746 1957 786 2004 eo
795 1943 888 2006 veste
942 1945 1049 2007 aciem
1077 1960 1143 2007 non
1167 1945 1322 2021 attendit3
1349 1946 1392 2007 de
1420 1962 1485 2023 qua
1513 1945 1740 2007 Ecclesiastici

100 2040 182 2116 regia
195 2039 390 2101 induamur.
403 2042 440 2101 in
455 2040 610 2102 oratione
620 2039 723 2102 sudor
737 2039 801 2101 ruit
812 2055 888 2101 cum
943 2041 1008 2122 (21,
1021 2045 1052 2115 2,
1069 2043 1111 2104 ad
1125 2041 1159 2123 4)
1176 2064 1184 2104 2
1201 2059 1220 2103 ‹
1236 2044 1336 2116 Quasi
1362 2059 1382 2104 a
1410 2043 1496 2105 facie
1518 2042 1645 2105 colubri
1664 2043 1740 2119 iuge

101 2137 330 2215 lacrymiszldt
342 2139 456 2211 scotus
469 2137 665 2214 eat,inquit,
679 2140 886 2212 eadmerus,
942 2142 1080 2218 peccata
1105 2162 1113 2201 ι
1140 2141 1174 2203 et
1198 2141 1228 2202 si
1257 2143 1443 2202 accesseris
1471 2140 1512 2203 ad
1532 2141 1604 2212 illa,
1632 2140 1741 2201 susci·

100 2236 180 2297 sicut
197 2234 310 2312 pacitae
327 2238 509 2311 scripsistis
525 2236 748 2297 demtrrentis
764 2238 802 2296 io
817 2235 890 2296 ter-
943 2237 1036 2314 pient
1046 2239 1090 2299 te.
1103 2238 1224 2299 Dentes
1239 2238 1358 2312 leonis,
1371 2237 1489 2299 dentes
1505 2240 1588 2313 ejus,
1611 2236 1741 2298 interfl-

100 2346 172 2393 rcm
186 2330 257 2410 (1);
280 2331 368 2393 unde
383 2327 552 2394 etmeruit
570 2330 725 2393 exaudiri
735 2346 803 2407 pro
824 2346 888 2394 aue
943 2335 1069 2397 cientes
1090 2335 1220 2396 animas
1241 2334 1424 2396 hominum.
1444 2335 1545 2406 Quasi
1569 2333 1740 2410 romphaea

100 2429 317 2491 merentia:
328 2428 366 2490 ut
378 2429 412 2491 et
425 2443 486 2490 nos
496 2429 533 2489 in
548 2429 700 2491 oratione
714 2430 828 2490 nostra
841 2429 890 2489 si·
943 2431 995 2493 bis
1009 2433 1108 2493 acuta
1122 2432 1231 2493 omnis
1254 2431 1426 2509 iniquitas,
1442 2431 1549 2507 plagae
1564 2432 1658 2492 illius
1673 2445 1741 2492 non

102 2526 160 2586 mul
181 2525 340 2598 interius,
363 2528 397 2587 et
420 2526 579 2587 exterius.
601 2526 637 2586 in
662 2539 764 2588 carne
788 2526 888 2588 ride·
944 2529 1736 2592 estsanitas.»luhacauctoritatetrianotantur.

102 2620 181 2694 licet,
196 2625 231 2684 et
244 2623 359 2685 anima
380 2622 599 2684 resolvamur.
628 2621 792 2700 Liqueliat
810 2638 889 2686 caro
944 2624 1163 2703 comparatur
1173 2627 1262 2688 enim
1274 2627 1446 2703 peccatum
1464 2626 1613 2699 colubro,
1634 2626 1737 2700 leoni,

102 2718 132 2779 in
149 2718 329 2781 sudorem:
346 2715 459 2780 anima
469 2720 503 2780 in
519 2716 719 2796 sanguinem
735 2721 888 2782 resolva-
944 2725 977 2786 et
989 2724 1189 2800 romphaeae:
1205 2725 1284 2801 quia
1295 2723 1429 2800 decipit,
1444 2725 1480 2786 ut
1492 2723 1646 2799 coluber;
1663 2725 1738 2785 ior·

101 2817 149 2877 tur
161 2816 411 2893 perlacrymas,
422 2832 496 2893 quae
510 2818 588 2879 sunt
600 2818 739 2893 sanguis
749 2819 888 2893 animae;
943 2821 1024 2884 titer
1036 2822 1138 2894 tenet,
1155 2822 1275 2897 utleo;
1302 2823 1336 2884 et
1359 2823 1396 2883 ut
1414 2821 1596 2897 romphaea,
1621 2820 1743 2884 occidit

37 2949 38 2952 =
101 2910 891 2991 etsiemerebimurexaudiri.Multiplicarit,lo·
945 2933 1011 2979 non
1033 2919 1142 2979 solum
1162 2918 1197 2979 in
1214 2933 1366 2996 corpore,
1392 2917 1450 2980 sed
1476 2920 1511 2979 in
1541 2920 1665 2980 anima.
1694 2921 1742 2980 De

100 3010 268 3086 cupieture
290 3012 417 3071 terram
435 3011 545 3083 istam,
572 3012 659 3073 sicut
682 3012 805 3074 dicitur
828 3014 891 3074 Eo·
944 3015 1115 3093 romphaea
1135 3016 1356 3079 tentationum
1383 3016 1419 3076 in
1438 3016 1553 3078 eodem
1578 3016 1740 3078 Ezechie-

102 3107 277 3169 clesiestici
292 3106 358 3186 (tet,
369 3106 424 3188 26)
438 3129 446 3169 ε
460 3111 620 3172 transite
630 3112 676 3171 ud
688 3124 745 3172 orae
759 3124 888 3185 munes,
945 3113 976 3174 le
987 3111 1052 3193 (21,
1069 3113 1133 3192 15).
1147 3130 1169 3174 c
1180 3116 1218 3174 In
1231 3115 1384 3175 omnihus
1400 3115 1505 3190 portis
1526 3129 1641 3175 eorum
1664 3114 1741 3175 dedi

102 3208 154 3277 oui
163 3206 406 3280 concupiscitis
419 3221 487 3278 me,
508 3206 542 3267 et
567 3222 589 3269 a
611 3200 891 3283 meditaturos
946 3210 1234 3273 conturbationem
1251 3211 1355 3286 gladii
1378 3210 1480 3282 acuti,
1502 3212 1536 3272 et
1550 3210 1657 3272 limati
1671 3210 1741 3288 (3);

102 3306 182 3364 meis
202 3305 441 3376 adimplemini
454 3301 515 3382 (2).
544 3304 620 3364 Non
645 3303 773 3364 tanttuu
797 3303 889 3375 dicit,
944 3307 1052 3369 limati
1062 3307 1103 3369 ad
1116 3306 1319 3383 fulgendum,
1333 3307 1422 3368 acuti
1433 3306 1475 3368 ad
1484 3306 1741 3370 occidendum.»

103 3396 294 3475 implemini,
309 3397 380 3471 sed,
396 3402 644 3475 adimplemini.
669 3402 754 3461 Ecce
773 3401 890 3463 multi·
945 3403 1151 3467 {nomnibus
1167 3404 1257 3466 enim
1267 3405 1382 3478 portis
1396 3419 1553 3465 sensuum
1570 3405 1662 3480 ponit
1674 3404 1743 3465 dia·

102 3494 414 3572 plexlocupletatio.
945 3500 1042 3562 bolus
1066 3500 1214 3577 gladium
1244 3500 1488 3572 tentationum,
1514 3501 1666 3561 limatum
1707 3501 1744 3563 ut

137 3594 216 3654 Item
228 3594 264 3654 in
279 3594 380 3656 tertia
394 3594 484 3656 terra
498 3594 549 3655 est
560 3608 681 3655 nomen
693 3595 892 3657 Dominiod·
946 3597 1130 3675 splendeat,
1148 3598 1282 3660 acutum
1298 3599 1334 3659 ut
1353 3598 1494 3660 occidat.
1511 3597 1630 3674 Fulget
1651 3597 1742 3659 enim

103 3692 274 3762 anirum,
313 3690 443 3753 scilicet
464 3690 613 3753 Ecclesia
641 3692 889 3769 triumphante,
946 3694 1033 3772 quod
1049 3694 1201 3766 delectat,
1214 3695 1364 3771 operitur
1374 3695 1462 3772 quod
1475 3694 1618 3756 cruciati
1645 3694 1740 3755 Unde

104 3787 261 3861 ouiaeam
275 3788 437 3861 visitarit,
465 3803 540 3849 cum
565 3788 758 3850 reaedicavit
778 3804 892 3851 muros
946 3793 982 3853 in
997 3791 1113 3853 eodem
1136 3791 1246 3869 (ibid,
1264 3791 1316 3871 16)
1327 3792 1479 3869 sequitur
1494 3808 1535 3851 z«
1557 3794 1740 3860 Exeruere,

103 3883 293 3956 Jerusalem,
310 3884 443 3962 quando
465 3885 599 3946 solvens
614 3885 808 3947 inimicitias
832 3901 891 3948 re·
944 3888 1030 3950 vade
1042 3888 1085 3950 ad
1101 3889 1283 3956 dexteram,
1305 3888 1375 3950 sive
1395 3888 1435 3950 ad
1450 3888 1637 3960 sinistram,
1653 3904 1741 3967 quo-

103 3980 290 4043 oouciliarit
312 3997 387 4058 quae
405 3982 441 4043 in
463 3982 568 4055 coelis,
593 3983 626 4043 et
646 3981 682 4042 in
697 3982 787 4043 terra
802 3987 890 4056 sunt,
947 4000 1088 4063 cumque
1107 3985 1206 4048 faciei
1231 3987 1298 4048 tuae
1323 3987 1374 4048 est
1388 3986 1572 4063 appetitus;
1597 3987 1638 4046 ad
1659 3986 1745 4047 dex·

104 4075 223 4137 taciens
236 4080 376 4155 utraque
389 4094 503 4139 unum.
519 4078 701 4140 inebriavit
714 4080 750 4139 in
763 4081 891 4140 amari·
945 4083 1053 4145 teram
1068 4083 1197 4145 scilicet
1209 4098 1327 4144 versus
1339 4082 1640 4158 Jerusalemndest
1650 4083 1742 4144 viros

102 4171 223 4246 tudine,
237 4174 278 4237 de
286 4190 354 4252 qua
367 4175 473 4236 isaias
485 4173 549 4255 (63,
567 4175 599 4255 1)
614 4197 623 4236 t
638 4180 721 4245 oum
738 4177 790 4239 est
813 4178 890 4252 iste,
944 4179 1204 4250 ecclesiasticos,
1229 4181 1282 4241 rel
1303 4180 1475 4242 sinistram
1500 4196 1620 4240 versus
1646 4183 1738 4240 Rao-

103 4272 162 4341 etci
191 4272 284 4333 uenit
309 4275 351 4334 cle
380 4275 503 4347 Edem,
532 4274 649 4335 tinctis
674 4275 824 4336 cestibus
851 4279 892 4337 de
947 4276 1390 4355 outo‚guodinterpretutur
1407 4276 1534 4352 grande
1556 4277 1740 4351 peccatum,

103 4367 473 4445 BosrotMultiplicavit
482 4370 687 4447 locupletare
696 4386 780 4444 eam,
791 4388 893 4449 quan·
944 4374 1035 4437 idest
1056 4373 1210 4436 homines
1230 4372 1421 4434 saeculares.
1437 4389 1456 4432 a
1473 4374 1513 4433 Et
1534 4372 1656 4434 cecidit
1669 4387 1742 4434 sors

102 4460 146 4522 do
178 4464 308 4538 gaudio,
324 4466 410 4543 quod
442 4468 516 4528 erat
543 4467 584 4528 de
613 4468 892 4546 contemplatione
946 4487 1049 4549 super
1068 4470 1256 4533 Jerusalem
1281 4470 1315 4531 et
1339 4469 1571 4546 interrogavit
1591 4471 1693 4542 idolo,
1710 4471 1743 4532 ct

103 4556 292 4624 divinitatis.
322 4561 478 4642 adjunxit
505 4564 664 4639 goudium
689 4565 730 4626 de
763 4566 892 4629 risione
946 4567 1117 4634 consulmt
1134 4568 1230 4628 emta.
1257 4566 1348 4627 Idola
1375 4567 1453 4628 sunt
1472 4568 1629 4652 figmenta
1652 4568 1741 4629 mala

102 4653 292 4728 glorificatae
302 4658 534 4722 humanitatis.
947 4666 982 4727 in
997 4664 1106 4726 mente
1122 4662 1279 4738 cogitata,
1291 4678 1365 4740 quae
1381 4678 1448 4724 non
1463 4666 1602 4740 possunt
1615 4666 1741 4741 pertici,

946 4764 1000 4825 rel
1013 4761 1055 4823 ad
1068 4760 1224 4823 effectum
1237 4760 1315 4822 duci
1331 4783 1338 4821 ε
1355 4761 1453 4823 Ereto
1463 4763 1542 4823 sunt
1556 4776 1651 4823 amor
1665 4778 1742 4822 car-

946 4860 1092 4933 nalium;
1113 4856 1233 4935 quibus
1256 4857 1489 4933 interrogatis,
1518 4859 1551 4919 et
1580 4858 1742 4920 consultis

946 4957 1098 5018 armatur
1112 4954 1265 5016 diabolus
1279 4957 1396 5017 contra
1410 4956 1429 5016 J
1432 4954 1608 5016 erusalem.

985 5059 1147 5115 muntem
1161 5052 1236 5114 istae
1251 5050 1410 5113 deliciunt
1422 5055 1459 5112 iu
1468 5052 1584 5122 tinem,
1602 5049 1687 5111 idest
1699 5064 1742 5110 ex

947 5149 1218 5213 consideratione
1239 5148 1317 5208 linis
1336 5147 1541 5223 multiplicis.
1559 5146 1742 5209 Attenden-

947 5248 1009 5309 dus
1024 5248 1076 5309 est
1087 5246 1176 5307 enim
1189 5245 1265 5306 linis
1278 5244 1547 5317 novissimorum,
1569 5242 1608 5305 de
1621 5243 1741 5321 quibus

142 5408 185 5475 (1)
202 5411 289 5485 Lucae,
304 5417 349 5485 ti,
365 5416 411 5474 ii.
947 5428 1041 5479 matus
1055 5428 1108 5478 est.
1724 5465 1726 5473 ,

144 5478 177 5546 (²
201 5484 274 5543 Vers.
287 5489 384 5544 Grece
399 5485 483 5545 LXX.
500 5487 586 5563 Vulg.
603 5488 770 5562 implemini.
983 5492 1024 5564 (l)
1044 5492 1130 5563 vulg.
1168 5489 1234 5547 ladit
1247 5491 1332 5559 oculi,
1348 5496 1376 5547 ot
1403 5489 1492 5546 limati
1513 5487 1549 5546 ad
1574 5487 1741 5561 fulgendum

144 5547 177 5615 (3
203 5553 281 5627 Vulg.
300 5558 424 5616 Gladius<
437 5567 573 5616 exacutus
594 5566 649 5627 ost,
667 5567 696 5616 et
718 5561 841 5618 limatus.
857 5562 893 5618 Ut
947 5563 1044 5629 amicti
1059 5561 1125 5619 edo
1170 5576 1227 5618 em.
1445 5570 1447 5575 ⁴

104 5616 201 5676 cedat
217 5625 351 5698 victimas,
372 5636 510 5686 exacutus
533 5636 577 5688 est
592 5645 600 5686 :
616 5636 646 5688 ut
669 5630 828 5704 splendeat,
856 5631 890 5689 li-

245 5762 354 5809 mrnon.
375 5766 449 5810 rous
469 5754 516 5812 Vi.
757 5784 766 5799 ·
1529 5755 1565 5811 ill
1663 5723 1665 5727 Ι
