3950 6200
214 255 272 315 113

213 575 432 648 adpeterent
448 574 481 634 et
495 575 627 648 iratres
639 577 760 639 Ereml
769 579 810 638 de
824 542 1004 667 1116611616.

471 704 506 761 tu
519 703 651 762 novemb.
669 705 749 762 1226.

339 824 538 890 [1166661111611.
552 826 607 876 ord.
622 827 802 886 Eremltarum,
817 828 883 892 122]

213 950 341 1007 Ecclesia
364 950 392 1007 S.
409 951 496 1007 Blasii
518 950 554 1007 de
574 952 707 1009 Brictinis
725 958 870 1026 assumpta
890 958 933 1010 est
954 951 1007 1009 sub

248 1039 423 1111 protectione
438 1040 466 1095 S.
484 1039 569 1108 Petri,
583 1048 611 1097 et
624 1040 659 1097 ab
671 1040 804 1097 omnibus
816 1040 963 1110 molestiis,
979 1038 1008 1097 6ι

247 1127 464 1200 gravaminibus
474 1126 549 1185 bona
565 1126 681 1186 fratrum
694 1128 858 1187 liberantur.

251 1262 921 1339 Honoriusepiscopns,servusservorum
933 1264 1004 1335 Dei,

212 1357 341 1419 dilectis
365 1358 444 1419 111116
470 1360 585 1436 priori,
612 1362 644 1421 61
674 1359 832 1421 iratribus
856 1361 1006 1421 ecclesiae

212 1456 323 1515 Erami
338 1455 378 1516 de
393 1456 561 1529 Brictinis,
579 1458 718 1518 salutem
735 1459 768 1518 et
781 1456 1006 1535 apostolicam

211 1551 487 1614 benedictionem.

252 1652 472 1712 sacrosancta
489 1653 638 1712 Romana
653 1651 802 1712 Ecclesia
817 1651 952 1713 devotos
972 1650 1007 1712 et

211 1746 355 1807 humiles
368 1763 410 1809 ex
424 1749 567 1810 assuetae
582 1748 715 1825 pietatis
730 1748 840 1809 6111616
855 1764 1004 1826 propen-

211 1845 281 1905 sius
296 1844 436 1919 diligere
450 1845 636 1916 consuevit,
653 1847 686 1906 et
700 1861 742 1906 ne
757 1861 935 1922 pravorum
948 1844 1006 1905 ho·

210 1940 335 2001 minum
361 1939 523 2001 molestiis
551 1941 729 2027 agitentur,
762 1957 820 2003 666
845 1942 1003 2018 tanquam

210 2037 266 2115 pia
282 2039 388 2099 mater
404 2054 473 2100 suae
490 2039 705 2114 protectionis
721 2039 903 2100 munimine
919 2054 1003 2100 666-

209 2133 333 2196 fovere.
357 2137 550 2212 Eapropter,
575 2135 688 2198 dilecti
709 2137 744 2197 in
767 2136 906 2197 Domino
927 2135 1002 2207 illii,

208 2232 329 2293 vestris
342 2232 443 2308 justis
458 2232 735 2308 postulationibus
750 2235 845 2308 grato
860 2249 1005 2294 concur-

209 2331 320 2390 rentes
336 2344 488 2397 assensu,
504 2346 663 2405 personas
679 2331 819 2402 vestras,
844 2331 877 2392 et
892 2330 1003 2391 locum

207 2426 245 2487 16
256 2441 319 2503 quo
335 2426 447 2486 divino
459 2427 538 2486 estis
549 2425 707 2503 obsequio
719 2426 910 2504 mancipati,
927 2444 1002 2488 cum

210 2523 362 2585 omnibus
377 2523 484 2593 bonis,
499 2540 572 2599 quae
585 2524 619 2584 in
635 2525 888 2600 praesentiarum
897 2525 1004 2585 ratio-

209 2620 366 2681 habiliter
376 2621 562 2696 possidetis,
575 2623 633 2682 aut
646 2621 681 2681 16
696 2621 841 2681 futurum
854 2621 1002 2682 honestis

209 2716 316 2777 modis
333 2715 447 2793 (dante
463 2715 616 2794 Domino)
632 2712 753 2793 poterit
771 2717 923 2794 adipisci,
941 2717 1002 2777 sub

208 2812 396 2874 beatiPetri
407 2812 774 2888 etnostraprotectione
786 2805 1010 2890 suscipimus,

209 2909 401 2986 specialiter
432 2910 542 2970 autem
569 2909 744 2970 ecclesiam
771 2913 803 2970 S.
831 2910 934 2970 Blasii
961 2911 1002 2970 da

206 3006 363 3068 Brictinis
396 3022 471 3067 cum
502 3006 713 3082 pertinentiis
749 3008 831 3079 suis,
868 3023 1003 3084 posses·

207 3105 331 3178 sinnas,
347 3106 380 3167 at
398 3105 464 3166 alia
485 3105 571 3166 bona
586 3108 708 3176 vestra,
725 3106 811 3167 sicut
833 3121 872 3166 ea
890 3106 1000 3166 omnia

204 3205 303 3280 juste,
316 3219 355 3265 ac
366 3203 503 3279 66611166
516 3202 702 3278 6666116116,
717 3202 810 3264 vobis
826 3204 859 3264 et
870 3219 930 3278 per
941 3218 1001 3263 vos

208 3301 315 3361 eidem
332 3301 482 3362 ecclesiae
502 3302 622 3362 vestrae
640 3301 838 3361 auctoritate
854 3300 1000 3375 Aposto-

206 3398 272 3459 lica
290 3399 534 3470 confirmamus,
557 3400 589 3460 et
608 3399 782 3475 praesentis
802 3398 918 3474 scripti
935 3413 1000 3474 pa-

205 3497 349 3557 trocinio
374 3497 626 3557 communimus.
653 3495 745 3556 Nulli
765 3511 845 3572 ergo
864 3495 1000 3556 omnino

160 3589 163 3596 ’
206 3594 377 3656 bominum
392 3594 493 3655 liceat
512 3594 598 3655 hanc
613 3594 768 3670 paginam
784 3595 1001 3654 6661666666-

205 3692 404 3755 firmationis
418 3694 452 3753 et
464 3692 679 3768 protectionis
694 3689 888 3766 infringere,
903 3690 954 3751 vel
968 3689 999 3750 ei

203 3805 288 3851 ausu
298 3789 475 3850 temerario
488 3789 665 3849 contraire.
682 3788 715 3847 Si
728 3788 801 3863 quis
812 3787 922 3847 autem
936 3786 999 3846 hoc

204 3888 368 3948 attentare
379 3885 638 3961 praesumpserit,
654 3883 914 3958 indignationem
927 3899 1000 3943 om-

204 3983 384 4059 nipotentis
399 3983 470 4052 Dei,
490 3983 522 4042 et
536 3980 708 4042 beatorum
727 3980 818 4041 Petri
835 3982 868 4039 et
888 3978 997 4050 Pauli,

203 4079 428 4157 apostolorum
450 4081 534 4154 ejus,
558 4093 594 4137 se
614 4077 748 4137 noverit
771 4077 997 4136 incursurum.

203 4180 323 4239 Datum
348 4175 515 4246 Laterani,
545 4176 588 4235 VI
614 4172 776 4235 kalendas
801 4173 996 4246 decembris,

203 4291 293 4337 auno
307 4274 493 4335 undecimo.

555 4516 647 4603 XVI

203 4671 255 4731 Ad
274 4668 485 4743 mopatrom
505 4667 539 4726 et
557 4667 690 4739 fratres
714 4664 849 4726 militiae
870 4664 999 4724 Christi

493 4765 532 4823 tn
547 4763 703 4823 Liuenta.

461 4901 496 4959 27
510 4896 644 4956 novemb.
660 4898 739 4954 1226.

335 5024 526 5092 [Turgenesius
539 5024 643 5074 1166166.
657 5020 765 5080 nusae,
780 5021 799 5078 1,
814 5019 865 5085 la]

202 5158 238 5213 Ut
252 5155 379 5226 recipere
391 5150 501 5224 possint
513 5148 692 5220 peregrinos,
706 5146 756 5218 qui
770 5145 800 5202 in
811 5144 928 5202 Livonia
945 5159 998 5216 pro

290 5241 357 5300 lidei
371 5239 577 5314 propagatione
592 5249 741 5293 remanere
757 5234 907 5292 voluerint.

241 5376 419 5446 Honorius,
440 5375 516 5445 etc„
533 5370 692 5447 magistro
708 5369 741 5430 61
758 5368 917 5429 iratribus
933 5368 998 5427 mi-

202 5476 283 5536 litiae
296 5471 419 5534 Christi
433 5472 467 5531 16
479 5470 630 5541 Livonia,
646 5468 710 5529 etc.

241 5572 360 5632 Vestra
386 5571 464 5640 Dee,
490 5571 523 5628 et
544 5564 733 5627 hominibus
757 5562 852 5639 grata
877 5560 997 5637 religio

821 262 996 325 HONORII
1017 263 1062 325 111
1084 264 1231 365 celtae.

1796 262 1859 322 144

1061 437 1122 483 666
1142 422 1271 484 inducit
1290 423 1335 494 ut,
1353 422 1388 484 in
1409 423 1528 500 quihus
1549 422 1734 485 secundnm
1750 424 1864 483 Deum

1060 519 1094 580 61
1104 520 1270 595 justitiam
1281 526 1468 597 possumus,
1484 521 1607 582 vestris
1622 519 1766 595 henigne
1780 534 1866 596 pre·

1061 616 1154 676 cibus
1169 633 1365 677 annuamus.
1387 619 1472 679 Hinc
1492 617 1643 695 estquod
1660 617 1865 679 161616666-

1061 714 1193 779 toritate
1216 715 1427 791 presentium
1449 715 1660 791 indulgemus
1678 715 1725 785 ut,
1747 714 1778 774 si
1800 714 1865 790 qui

1062 812 1309 887 peregrinorum
1332 813 1367 873 16
1382 813 1554 873 Livoniam
1575 812 1784 873 venientium
1797 826 1864 888 pro

1062 906 1126 969 ilde
1140 908 1303 970 catholica
1318 908 1524 971 defendenda
1546 910 1581 970 in
1603 909 1673 969 illis
1690 907 1862 985 partibus,

1061 1007 1119 1066 aut
1131 1005 1312 1075 dilatanda,
1324 1005 1493 1068 vobiscum
1508 1022 1568 1083 pro
1582 1006 1771 1066 castrorum
1783 1020 1865 1065 ves·
1949 1078 1950 1081 Ἴ

1060 1101 1188 1163 trorum
1201 1104 1361 1174 custodia,
1376 1119 1435 1164 seu
1448 1119 1508 1180 pro
1525 1103 1601 1164 aliis
1614 1102 1763 1164 servitiis
1778 1116 1865 1162 ves·

1060 1198 1122 1260 tris
1134 1200 1250 1276 sponte
1263 1216 1437 1261 remanere
1451 1200 1629 1271 voluerint,
1646 1200 1747 1261 liceat
1758 1198 1862 1260 vobis

1061 1311 1118 1357 ens
1146 1298 1293 1374 quandiu
1316 1297 1357 1359 de
1378 1298 1525 1374 ipsorum
1546 1297 1717 1358 voluntate
1739 1294 1859 1367 fuerit,

1061 1393 1164 1455 libere
1194 1396 1349 1457 retinere.
1383 1395 1476 1455 Nulli
1503 1409 1594 1470 ergo,
1620 1396 1696 1465 616,
1731 1393 1863 1453 nostre

1061 1492 1297 1563 concessionis,
1312 1493 1375 1553 etc.
1391 1492 1523 1567 Siquis,
1540 1492 1603 1553 etc.
1623 1491 1743 1551 Datum
1757 1490 1865 1549 Late-

1060 1589 1146 1659 rani,
1173 1592 1202 1651 V
1229 1589 1389 1651 kalendas
1414 1587 1611 1660 decembris,
1636 1602 1727 1649 anuo
1749 1585 1865 1647 unde-

1060 1701 1157 1747 ulmo.

1397 1845 1510 1932 XVII

1257 1998 1308 2058 Act
1325 1998 1418 2057 cives
1436 1997 1650 2057 Lubicenaes.
1716 2068 1721 2077 Ι

1319 2125 1501 2209 2816666661).
1518 2125 1597 2183 1226.

1208 2246 1343 2312 [lleklenh.
1355 2247 1477 2305 Urkund„
1489 2247 1511 2306 1,
1522 2247 1578 2306 321,
1591 2261 1618 2297 6.
1632 2245 1701 2311 dib]

1057 2371 1107 2429 Eis
1121 2370 1238 2428 mandat
1249 2380 1280 2428 ut
1294 2372 1518 2445 crucesignatos,
1527 2386 1599 2443 quos
1617 2369 1653 2428 ad
1666 2377 1781 2442 portum
1796 2372 1859 2429 Lu·

1092 2459 1238 2517 bicensem
1253 2462 1352 2517 venire
1366 2460 1528 2532 contigerit,
1542 2460 1603 2516 sive
1614 2460 1642 2515 in
1657 2460 1859 2516 166668666-

1092 2556 1128 2605 te
1148 2548 1316 2615 subsidium,
1342 2550 1403 2605 sive
1415 2555 1511 2625 contra
1530 2562 1659 2621 paganos
1676 2547 1807 2604 Litoniae
1821 2561 1862 2605 ac

1092 2637 1214 2694 Prussie
1237 2635 1421 2710 profecturos,
1441 2635 1565 2692 habeant
1582 2635 1754 2708 propensius
1768 2649 1856 2691 com·

1091 2725 1252 2793 mandatos,
1267 2732 1296 2781 et
1321 2739 1458 2797 personas
1474 2732 1559 2795 atque
1576 2738 1622 2780 res
1637 2724 1765 2794 ipsorum
1781 2737 1858 2780 con·

1092 2827 1207 2870 servare
1218 2812 1353 2869 studeant
1367 2812 1480 2868 illaesas.

1095 2938 1262 3000 Honorius
1273 2938 1584 3015 episcopusservus
1595 2951 1768 2998 servorum
1778 2936 1857 3005 Dei,

1057 3033 1186 3097 dilectis
1201 3034 1280 3095 liliis
1302 3034 1429 3095 ciuibus
1443 3032 1693 3105 Lubicensihus,
1709 3032 1859 3094 salutem

1056 3133 1089 3194 61
1102 3133 1324 3209 apostolicam
1339 3131 1613 3192 benedictionem.

1096 3231 1165 3291 Etsi
1189 3244 1304 3290 omnes
1329 3228 1550 3302 crucesignati
1572 3226 1777 3301 generaliter
1791 3226 1858 3287 sub

1055 3326 1253 3403 Apostolieae
1286 3325 1380 3386 Sedis
1414 3324 1620 3400 protectione
1652 3323 1856 3393 consistant,

1057 3424 1248 3502 specialiter
1271 3425 1382 3483 tamen
1409 3420 1679 3495 crucesignatos,
1703 3435 1788 3497 quos
1811 3421 1859 3481 ad

1056 3522 1188 3598 portum
1220 3518 1438 3580 Lubicensam
1472 3516 1703 3592 undecumque
1734 3517 1859 3578 venire

1055 3617 1242 3692 contigerit,
1259 3616 1329 3676 sive
1341 3616 1374 3675 in
1387 3617 1498 3674 Terrae
1506 3615 1635 3674 Sanctae
1650 3612 1856 3686 subsidium,

1056 3716 1126 3776 sive
1149 3715 1264 3775 contra
1291 3727 1437 3789 paganos
1464 3711 1611 3771 Livoniae
1640 3725 1680 3770 ac
1702 3711 1857 3772 Prussiae

1055 3811 1271 3889 prolecturus,
1297 3808 1357 3868 sub
1382 3809 1495 3868 nostra
1515 3806 1762 3882 etApostolicae
1786 3810 1856 3867 Se-

1054 3908 1105 3968 dis
1129 3906 1335 3984 protectione
1369 3903 1554 3979 recepimus
1588 3917 1662 3961 cum
1696 3901 1857 3963 omnibus

1054 4005 1150 4065 bonis
1177 4003 1300 4064 suiset
1324 4000 1524 4078 specialiter,
1554 4014 1626 4074 666
1650 3997 1691 4057 61
1718 4001 1857 4074 portum

1054 4102 1161 4177 ipsum
1180 4099 1331 4160 'delerent
1350 4097 1402 4158 vel
1422 4095 1593 4156 deducent.
1621 4093 1764 4170 Ideoque
1781 4096 1859 4156 uni-

1054 4197 1205 4259 versitati
1219 4197 1339 4256 vestrae
1359 4209 1418 4269 per
1436 4190 1625 4266 apostoliea
1645 4190 1772 4266 scripta
1789 4192 1855 4253 ilr-

1053 4296 1152 4355 miter
1168 4290 1372 4369 injungendo
1386 4287 1592 4358 mandamus,
1609 4289 1777 4363 quatenus
1794 4305 1856 4351 666

1053 4391 1166 4452 divino
1189 4391 1223 4450 et
1244 4389 1357 4449 nostro
1377 4385 1501 4446 iutuitu
1523 4383 1684 4445 habentes
1702 4400 1857 4461 propen-

1054 4489 1125 4548 sius
1137 4484 1394 4554 commendatos,
1410 4495 1568 4558 personas
1581 4482 1614 4541 et
1630 4495 1685 4539 res
1700 4479 1857 4556 ipsorum

1053 4598 1253 4646 conservare
1266 4579 1426 4642 studeatis
1442 4579 1576 4648 illaesas,
1591 4592 1658 4637 666
1671 4575 1857 4639 offenden-

1054 4686 1103 4743 tes
1116 4697 1173 4742 eos
1184 4681 1219 4740 in
1234 4677 1385 4755 personis
1401 4675 1458 4736 aut
1472 4673 1583 4744 rebus,
1598 4689 1660 4734 uec
1673 4673 1800 4734 offendi
1817 4676 1856 4738 in

1052 4783 1142 4841 terra
1164 4777 1217 4838 vel
1232 4773 1384 4837 districtu
1405 4772 1518 4833 vestro
1544 4769 1585 4830 ab
1612 4769 1690 4830 allis
1711 4772 1860 4846 permit-

1051 4878 1170 4946 tentes,
1194 4888 1268 4936 666,
1284 4869 1502 4946 impedientes
1531 4867 1589 4927 aut
1618 4866 1777 4942 impediri
1805 4869 1858 4929 si-

1052 4975 1179 5044 nentes
1196 4969 1372 5047 quominus
1390 4982 1448 5043 per
1459 4965 1589 5042 portum
1604 4963 1715 5039 ipsum
1731 4980 1857 5028 secure

1052 5069 1223 5133 transeant
1251 5081 1325 5127 cum
1351 5062 1502 5125 omnibus
1527 5057 1623 5120 honis
1654 5060 1741 5131 suis,
1769 5064 1856 5138 quin

1052 5169 1151 5228 immo
1175 5180 1234 5242 666
1249 5161 1436 5223 reverentia
1451 5162 1530 5220 lesu
1550 5157 1684 5228 Christi,
1701 5161 1802 5234 cujus
1817 5178 1857 5224 se

1052 5260 1209 5339 obsequio
1241 5257 1483 5335 manciparunt,
1517 5270 1589 5315 eam
1626 5253 1856 5320 humilitatem

1051 5359 1238 5423 exhibeatis
1254 5356 1390 5426 eisdem,
1418 5352 1504 5431 quod
1522 5353 1655 5412 aeternae
1670 5356 1852 5430 mercedis,

1052 5473 1150 5537 quam
1192 5471 1251 5532 pro
1290 5449 1479 5528 thusmodi
1512 5447 1626 5508 labore
1664 5457 1855 5526 promereri

1051 5554 1251 5624 desiderant,
1269 5550 1387 5611 merito
1400 5562 1474 5609 ease
1491 5544 1671 5623 participes
1686 5546 1852 5626 debeatis,
