3950 6200
253 306 313 371 159
424 386 429 397 ς
690 305 745 365 AD
767 301 906 364 OPERA
926 302 960 363 S.
984 298 1204 363 Fathtsct
1226 303 1452 363 ASSlSlATlS
1816 309 1862 369 tto

254 467 341 545 apud
361 480 397 528 se
414 465 580 528 rationem
598 464 817 541 perquireret,
832 460 1048 523 dubitationis
1101 459 1175 521 dem
1189 462 1264 539 ipsi,
1281 462 1338 539 qui
1358 462 1552 523 inimicitias
1572 478 1638 523 uon
1654 463 1799 537 habebat,
1818 469 1864 528 661

253 560 354 637 666611
365 558 536 636 cujusdam
550 557 707 633 scrupulo
725 554 868 617 titillari.
889 557 969 615 Cum
989 553 1049 628 igi·
1101 559 1199 620 alteri
1223 560 1364 631 cuidam,
1391 561 1447 636 qui
1462 559 1635 621 videbatur
1660 561 1775 623 similis
1795 567 1863 641 ejus,

252 660 308 719 tur
317 672 376 734 per
390 656 460 716 dies
476 655 648 731 plurimos,
665 654 884 715 sensualitate
897 652 1047 713 sumente
1101 658 1230 718 611666
1253 660 1325 719 6661
1344 658 1378 718 16
1401 658 1559 719 66611616
1583 658 1697 733 16666.
1717 661 1864 735 Exurgeus

251 756 417 831 rigorem,
443 754 609 813 luctamen
640 751 829 827 hujusmodi
857 748 1044 826 pateretur,
1101 753 1865 829 autemquidamdeinsidiis,cumh0stemsuum

163 926 169 931 ,
251 853 347 914 66616
362 850 539 912 dormienti
556 846 798 911 S.Franciscus
811 846 948 923 pedihus
962 847 1047 906 lutn·
1101 849 1189 909 hunc
1201 864 1277 910 esse
1290 850 1432 926 putaret,
1450 852 1515 911 tam
1533 851 1702 911 lethaliter
1724 867 1792 911 eum
1809 853 1866 927 pla-

252 948 351 1011 lentis
359 948 523 1025 apparuit,
535 946 705 1008 humiliter
718 946 872 1015 durus,et
882 945 1048 1020 patienter
1100 946 1151 1021 gis
1164 946 1315 1022 plurimis
1330 946 1502 1022 gladiauit,
1519 948 1661 1008 utnulla
1679 964 1805 1024 prorsus
1818 966 1866 1009 sn·

252 1046 369 1107 iratus.
387 1045 425 1106 Et
439 1059 513 1121 6666
529 1044 616 1114 6661,
633 1043 691 1114 611,
706 1043 771 1102 1616
799 1042 833 1101 16
853 1042 886 1102 16
908 1039 1047 1101 666116-
1101 1045 1249 1119 66666661
1269 1059 1345 1121 6666
1368 1045 1604 1121 recuperande
1624 1046 1750 1106 salutis.
1772 1047 1866 1123 Siqu-

250 1144 413 1206 tationum
429 1136 1047 1217 6661661661666161116116666666
1099 1141 1173 1201 166
1206 1142 1312 1217 66166
1345 1141 1472 1203 inflicta
1501 1143 1684 1218 percussio,
1718 1143 1867 1204 humerum

252 1243 328 1303 dest
342 1239 426 1301 Vide
437 1254 557 1299 manus
571 1254 673 1310 meas,
686 1239 719 1298 et
730 1236 831 1314 pedes
842 1236 1046 1296 menseum-
1100 1254 1173 1298 cum
1189 1238 1327 1299 brachio
1341 1255 1424 1314 pene
1437 1240 1541 1301 totum
1550 1239 1745 1311 absciderat,
1759 1242 1788 1301 et
1798 1240 1866 1300 ictus

251 1339 386 1417 6661116
399 1338 529 1398 6116661
546 1352 665 1397 66666
687 1334 847 1405 66611666,
864 1331 1047 1395 161616616-
1100 1336 1186 1397 61166
1205 1335 1266 1397 661
1283 1336 1431 1398 6661116
1448 1337 1574 1397 166166
1595 1337 1771 1414 reliquerat
1788 1352 1867 1413 aper·

249 1435 456 1511 66666166
472 1433 628 1509 stigmata
643 1430 867 1493 6666116161.
886 1433 1043 1503 Remove,
1099 1436 1220 1505 turam,
1237 1435 1273 1494 ut
1286 1434 1385 1496 116166
1398 1434 1476 1496 1616
1497 1434 1692 1511 666661666,
1718 1435 1800 1495 61666
1820 1450 1867 1497 sex

130 1554 136 1565 ¹
250 1534 369 1610 inquit,
386 1532 491 1594 lutum
514 1548 534 1593 a
548 1530 687 1607 pedibus
707 1529 802 1597 meis,
823 1529 858 1589 et
880 1543 1046 1603 cognosce
1100 1532 1257 1593 candelas
1294 1532 1393 1592 simul
1428 1534 1624 1609 conjunctas
1668 1532 1865 1607 extingueret

223 1660 225 1664 v
250 1630 534 1701 166661666666;
558 1644 640 1705 quos
669 1643 744 1686 cum
769 1626 826 1686 ille
851 1625 1044 1702 apprehen·

250 1727 495 1799 116661166616,
512 1726 617 1786 16166
633 1723 697 1785 6111
714 1723 890 1785 videbatur
910 1722 1044 1782 abster-

250 1841 340 1903 gere,
363 1823 694 1901 166666661666666
719 1820 872 1882 manibus
887 1822 1043 1880 contrec-

250 1924 333 1985 tare.
346 1922 520 1993 Continuo,
532 1921 568 1981 ut
582 1918 730 1995 evigilat,
744 1917 902 1994 lacrymis
916 1916 1043 1989 irriga-

249 2023 315 2093 tnr,
344 2021 376 2080 et
390 2020 519 2096 priores
536 2017 675 2078 affectus
690 2013 930 2093 6661666616
954 2014 1045 2074 lutu-

249 2117 367 2189 lentos,
379 2119 446 2177 tam
461 2117 684 2191 lacrymarum
700 2113 863 2190 profluvio
878 2126 977 2189 6666
987 2128 1045 2187 pn-

249 2215 337 2276 blica
352 2213 563 2276 consessione
579 2211 727 2273 detersit.

290 2316 327 2373 16
342 2311 424 2373 6616
439 2315 554 2382 Roma,
573 2311 726 2371 matrona
748 2308 899 2386 quaedam
914 2322 1043 2368 morum

248 2411 424 2482 claritate,
458 2425 497 2470 ac
540 2408 714 2486 parentum
758 2405 866 2483 gloria
899 2404 1041 2472 nobilis,

251 2511 284 2569 S.
304 2507 518 2569 Franciscum
542 2507 576 2566 in
605 2521 701 2565 suum
725 2505 874 2579 elegerat
894 2502 1043 2564 advoca·

248 2607 330 2676 tum,
347 2605 452 2681 ipsius
473 2603 600 2664 habens
622 2603 785 2678 depictam
804 2602 983 2675 imaginem
1007 2599 1042 2659 iu

250 2704 377 2764 secreto
397 2701 560 2770 cubiculo,
577 2699 632 2760 uhi
648 2701 775 2776 patrem
793 2699 828 2758 in
848 2697 1042 2759 abscondito

249 2799 422 2862 exorabat.
435 2799 494 2858 Dic
518 2812 598 2858 6666
623 2797 776 2874 666166,
798 2796 876 2856 166
897 2795 1041 2856 66611661

248 2897 396 2968 6666661,
413 2895 630 2957 considerans
643 2894 824 2969 imaginem
839 2892 957 2964 sancti,
981 2908 1041 2953 sa·

249 2994 387 3058 6661116
411 2994 507 3069 signa
535 2993 729 3069 stigmatum
754 3007 820 3052 666
846 2990 1039 3063 16166166,

249 3094 361 3156 161666
385 3092 485 3169 coepit
508 3107 574 3152 nou
598 3090 763 3153 modicum
785 3090 818 3151 et
831 3089 958 3151 mirari.
977 3089 1039 3152 Sed

248 3208 315 3254 uon
328 3192 460 3262 mirum,
473 3190 501 3250 61
514 3190 549 3249 16
560 3189 689 3266 6161666
700 3204 765 3250 666
779 3189 862 3260 6661,
871 3190 955 3264 6661
970 3190 1042 3265 pic-

248 3291 301 3353 tor
315 3289 482 3351 omiserat.
500 3289 646 3364 Cumque
661 3300 720 3362 per
734 3286 846 3363 plnres
861 3286 944 3358 dies,
961 3286 1040 3364 quid

247 3402 357 3449 66666
392 3386 477 3447 toret
509 3383 656 3445 16166166
693 3383 894 3460 hujusmodi,
931 3386 1040 3446 mente

248 3485 391 3547 sollicita
406 3483 634 3561 pertractaret,
653 3495 731 3542 6666
751 3481 859 3543 661116
882 3481 935 3542 116
957 3499 1041 3559 666-

247 3583 322 3645 166
339 3578 904 3660 66666666661616661166161166
920 3579 953 3639 in
969 3581 1041 3656 pic-

246 3683 333 3749 tura,
350 3679 485 3741 6166116
501 3678 580 3737 aliis
592 3677 698 3752 ipsius
713 3677 820 3738 sancti
836 3677 1040 3753 imaginibus

246 3779 339 3856 pingi
349 3777 466 3837 solent.
483 3774 688 3835 Tremeiacta
711 3773 782 3844 illa,
806 3773 909 3834 11166
932 3790 1037 3847 6666,

246 3878 314 3936 Deo
329 3874 493 3943 devotam,
505 3870 689 3943 advocarit,
705 3872 855 3947 protinus
865 3873 1039 3949 requirens

246 3973 276 4034 si
300 3971 425 4048 absque
448 3969 656 4045 stigmatibus
687 3984 792 4045 usque
818 3970 900 4031 tunc
929 3969 1039 4045 imago

245 4059 373 4132 1616661.
391 4067 542 4130 11116661
556 4066 625 4138 1116,
643 4066 676 4127 61
686 4067 778 4142 jurat
789 4067 867 4127 olim
883 4067 957 4129 siue
970 4067 1038 4128 illis

246 4168 351 4229 sacris
367 4161 576 4241 stigmatibus
603 4163 765 4235 extitisse,
791 4167 825 4225 et
845 4180 934 4225 nunc
959 4180 1039 4225 vere

245 4282 320 4328 cum
329 4263 537 4341 stigmatibus
548 4264 846 4339 apparereverum
856 4261 934 4337 6616
945 4277 1038 4322 6666

246 4364 391 4424 humana
404 4361 614 4436 semetipsam
628 4358 819 4435 frequenter
832 4358 983 4434 impellit,
1002 4362 1038 4420 ut

245 4461 352 4531 cadat,
366 4461 400 4520 61
413 4459 449 4520 16
462 4457 596 4518 161166
612 4456 745 4518 6666661
758 4455 943 4527 ueritatem,
958 4455 1039 4516 sub·

245 4557 350 4619 intrat
370 4556 490 4618 iterum
505 4570 563 4616 666
577 4554 727 4615 66116616
744 4552 906 4614 dubitatio
921 4554 1044 4629 noxia„

244 4653 450 4716 6616616616
471 4652 587 4712 1616661
611 4651 721 4726 imago
736 4665 755 4710 a
771 4649 935 4726 principio
951 4666 1035 4711 con-

245 4751 388 4827 signata.
413 4750 456 4811 At
478 4749 537 4809 Dei
551 4749 658 4817 616166
674 4763 715 4806 66
730 4746 872 4821 661666
887 4749 1038 4808 contem-

244 4849 339 4910 ner'et
359 4846 568 4916 miraculum,
590 4844 682 4904 addit
695 4843 728 4903 et
747 4842 938 4903 secuudum.
955 4846 1037 4905 Con·

242 4948 336 5009 tiuuo
352 4959 493 5021 namque
505 4939 751 5018 disparentibus
763 4940 868 5014 signis
881 4940 961 5012 illis,
977 4957 1037 5001 nu·

243 5044 320 5105 1616
334 5041 520 5119 privilegiis
534 5040 645 5110 imago
657 5037 826 5106 remansit,
848 5037 884 5096 ut
898 5052 957 5112 per
976 5053 1034 5099 se-

243 5155 347 5219 66666
367 5140 499 5214 siguum
521 5135 615 5195 tieret
634 5131 783 5207 probatio
803 5133 1032 5209 praecedentis.

283 5239 321 5297 In
341 5234 513 5296 catalonia
537 5245 666 5308 quoque
690 5229 777 5305 apud
802 5229 1033 5302 116616666-

243 5334 324 5395 61111
351 5332 460 5394 61666
488 5327 673 5406 6666166,
698 5326 832 5386 666166
857 5328 1032 5403 Joannem,

1100 1632 1180 1689 Cum
1202 1630 1305 1706 igitur
1318 1630 1459 1691 consilio
1480 1629 1685 1691 medicorum
1703 1630 1801 1706 166166
1819 1630 1867 1689 im·

1099 1727 1268 1803 possibilis
1291 1729 1379 1789 esset
1401 1728 1540 1800 curatio,
1568 1743 1627 1803 pro
1652 1742 1692 1788 eo
1715 1728 1794 1804 6661
1819 1744 1866 1802 pu·

1099 1823 1322 1886 trescentibus
1337 1826 1458 1901 plagis,
1474 1825 1581 1886 exeis
1597 1825 1695 1886 ioetor
1708 1829 1770 1886 tam
1789 1825 1865 1884 into-

1099 1922 1249 1983 lerabilis
1265 1922 1449 1994 exhalaret,
1466 1924 1503 1984 61
1516 1923 1617 1983 etiam
1633 1924 1706 2000 ipsa
1719 1926 1786 1999 ejus
1799 1938 1866 1982 uxor

1098 2020 1314 2082 vehementer
1329 2021 1491 2092 horreret,
1506 2021 1673 2097 nullisque
1681 2025 1749 2098 jam
1769 2020 1867 2079 huma·

1098 2119 1151 2180 nis
1176 2119 1288 2196 Juvari
1303 2119 1406 2194 666611
1424 2119 1591 2190 remediis,
1614 2118 1775 2179 convertit
1792 2132 1823 2177 se
1834 2116 1865 2177 ad

1097 2216 1186 2279 beati
1206 2217 1310 2294 patris
1331 2217 1500 2278 Francisci
1519 2217 1750 2293 patrocinium,
1766 2216 1866 2292 quanta

1098 2315 1227 2391 poterat
1250 2314 1424 2375 devotione
1453 2313 1655 2391 poscendum
1679 2329 1772 2390 quem
1797 2312 1866 2373 inter

1097 2413 1187 2489 ipsos
1203 2412 1300 2483 ictus,
1316 2427 1380 2472 666
1397 2428 1471 2472 666
1480 2414 1515 2471 Β.
1526 2410 1666 2486 Virgine
1677 2410 1865 2471 fidentissime

1096 2510 1281 2571 invocarat.
1298 2512 1338 2571 Et
1357 2509 1584 2580 6666616666
1603 2509 1640 2569 in
1656 2507 1773 2570 lectulo
1793 2506 1867 2567 cala·

1097 2607 1222 2669 mitatis
1235 2606 1388 2669 solitario
1409 2606 1597 2677 decubanti,
1620 2621 1695 2667 cnm
1716 2602 1865 2665 Francisci

1097 2720 1216 2766 nomen
1238 2704 1381 2779 uigilans
1401 2705 1434 2765 et
1451 2702 1583 2780 eiulans
1606 2701 1805 2779 frequentius
1823 2714 1866 2759 re·

1097 2803 1246 2881 plicaret,
1277 2800 1541 2878 6611111661166
1572 2800 1607 2860 in
1634 2798 1757 2860 hahitu-
1772 2795 1865 2858 fratris

1096 2902 1247 2973 Minoris,
1275 2915 1335 2977 per
1361 2898 1556 2968 fenestram,
1581 2898 1618 2958 ut
1645 2897 1676 2958 61
1703 2894 1863 2961 611616166,

1096 3002 1291 3076 ingressus3
1316 2998 1374 3074 661
1396 3010 1520 3059 vocans
1555 3011 1632 3056 eum
1660 3010 1703 3056 ex
1734 2993 1863 3059 nomine,

1096 3099 1180 3159 dixit
1196 3115 1203 3158 :
1219 3096 1302 3169 Quia
1326 3094 1480 3156 tlduciam
1507 3093 1655 3155 habuisti
1679 3093 1713 3153 in
1731 3108 1789 3163 me,
1804 3105 1865 3151 ecoe

1095 3197 1253 3256 Dominus
1264 3192 1418 3254 liberabit
1428 3193 1471 3253 te.
1486 3196 1512 3252 A
1527 3207 1603 3267 666,
1621 3207 1696 3252 666
1711 3204 1794 3265 aeger
1805 3186 1865 3263 6616

1095 3296 1182 3356 66661
1195 3291 1390 3370 6666166661,
1410 3289 1624 3350 Franciscum
1640 3287 1735 3349 illum
1757 3301 1790 3347 se
1806 3299 1865 3345 esse

1094 3390 1274 3467 respondit.
1292 3391 1331 3450 Et
1345 3388 1455 3450 statim
1477 3387 1697 3463 approprians
1712 3385 1864 3445 vulnerum

1094 3489 1185 3549 illius
1208 3488 1370 3562 ligaturas
1394 3485 1540 3553 resolvit,
1567 3486 1694 3545 eleum
1718 3481 1864 3558 unguento

1095 3600 1154 3662 per
1168 3598 1282 3645 omnes
1301 3583 1428 3658 plagas,
1449 3583 1486 3641 nt
1506 3578 1692 3651 uidebatur,
1719 3575 1862 3656 perunxit.

1095 3683 1212 3744 Statim
1234 3683 1344 3742 autem
1369 3679 1405 3740 ut
1428 3679 1535 3739 sensit
1553 3678 1689 3738 illarum
1715 3687 1865 3738 sacrarum

1094 3795 1262 3848 manuum,
1279 3778 1468 3853 stigmatum
1489 3776 1675 3837 salvatoris
1693 3774 1865 3837 616161666-

1093 3894 1175 3939 nare
1205 3876 1563 3946 661661166,666666
1591 3874 1792 3940 666166166,
1815 3881 1865 3929 ex·

1094 3965 1189 4053 pulsa
1204 3972 1387 4051 putredine,
1403 3972 1555 4033 restituta
1575 3985 1690 4042 carne,
1715 3974 1747 4031 et
1764 3967 1865 4027 vnlne-

1092 4071 1362 4141 61166661116116,
1386 4068 1557 4129 restitutus
1577 4067 1628 4128 est
1647 4068 1774 4142 integre
1791 4062 1864 4139 pris·

1092 4170 1171 4230 1166
1184 4166 1335 4243 sospitati
1352 4188 1359 4225 ι
1376 4163 1553 4241 66616616,
1570 4162 1689 4223 166166
1704 4163 1793 4238 66166
1805 4155 1865 4217 ahs·

1093 4266 1211 4339 cessit3
1234 4265 1268 4325 et
1288 4264 1360 4340 ipse
1380 4262 1526 4323 sentiens
1538 4276 1584 4322 *se
1607 4260 1770 4328 sanatum,
1790 4252 1862 4316 elin

1091 4362 1346 4424 66666116166
1370 4358 1478 4420 166116
1502 4359 1535 4419 61
1566 4361 1602 4418 Β.
1628 4353 1793 4418 Francisci
1813 4352 1863 4411 lae·

1090 4459 1200 4520 166166
1219 4471 1406 4534 erumpens,
1431 4454 1563 4516 6666611
1586 4467 1737 4514 uxorem.
1759 4445 1862 4511 Atilia

1091 4556 1233 4617 celerius
1246 4569 1384 4615 currens
1398 4555 1431 4613 et
1445 4555 1534 4613 stare
1546 4554 1617 4627 jam
1632 4550 1760 4615 ridens,
1779 4557 1861 4622 6666

1091 4651 1315 4729 sepeliendum
1328 4648 1482 4710 credebat
1491 4647 1526 4708 iu
1537 4648 1695 4714 crastino,
1708 4661 1778 4707 cum
1787 4639 1861 4703 66661

1091 4750 1224 4826 6166666
1239 4746 1427 4808 vehementi
1442 4745 1629 4821 perterrita,
1650 4742 1802 4804 viciniam
1818 4737 1862 4796 to·

1089 4849 1157 4908 tam
1170 4846 1315 4906 clamore
1330 4842 1516 4920 complevit.
1532 4841 1749 4902 accurrentes
1764 4837 1861 4897 autem

1090 4942 1154 5014 sni,
1170 4957 1245 5002 cnm
1260 4940 1354 5001 illum
1368 4940 1564 5017 niterentur,
1589 4933 1860 5014 1666666166-

1089 5038 1190 5100 ticum
1205 5038 1241 5098 iu
1253 5036 1339 5097 lecto
1350 5050 1521 5112 reponere,
1538 5033 1640 5095 611116
1655 5033 1797 5093 6666166
1809 5040 1859 5086 re·

1089 5136 1199 5197 nitens
1222 5133 1397 5199 assereret,
1410 5133 1442 5192 et
1459 5130 1647 5193 ostenderet
1659 5144 1695 5190 66
1710 5127 1858 5189 sanatum,

1088 5234 1181 5293 tanto
1203 5232 1279 5291 suut
1302 5231 1437 5305 stupore
1463 5227 1608 5299 attoniti,
1627 5226 1662 5287 ut
1684 5222 1778 5302 quasi
1798 5219 1860 5280 sine
1917 5217 1919 5224 ’

1088 5329 1197 5390 66616
1221 5342 1335 5388 66666
1363 5325 1489 5397 effecti,
1529 5323 1769 5401 phantasticum
1796 5325 1859 5376 esse

242 5433 279 5492 B.
303 5429 482 5491 Francisco
508 5426 673 5495 devotum,
695 5421 836 5500 quodam
866 5439 952 5494 sero,
975 5443 1035 5503 per
1089 5424 1273 5494 crederent,
1286 5420 1557 5501 quodvidebaut:
1571 5420 1650 5497 quia
1663 5432 1758 5496 6666
1772 5409 1858 5491 66610

244 5526 420 5604 quamdam
441 5521 596 5583 incedere
620 5520 720 5591 Viam,
736 5520 774 5582 in
787 5536 852 5596 qua
864 5535 925 5596 pro
947 5522 1036 5584 inle-
1088 5524 1165 5584 ante
1175 5521 1417 5597 conspexerant
1428 5518 1534 5595 plagis
1544 5513 1760 5580 atrocissimis
1768 5507 1859 5570 16616·

245 5623 348 5685 reuda
370 5622 476 5683 morte
499 5616 674 5680 latitabant
694 5616 836 5689 insidiae,
862 5631 928 5678 666
954 5620 1033 5695 qui·
1088 5625 1167 5691 tum,
1185 5620 1217 5680 et
1231 5619 1334 5679 totum
1347 5619 1416 5693 jam
1429 5614 1624 5684 marcidum,
1645 5611 1740 5690 plena
1754 5617 1859 5669 cerne·
