3950 6200
209 384 267 444 103
637 383 691 442 ΑΙ)
713 381 850 443 OPERA
873 384 904 443 S.
929 379 1149 440 FRANCISCI
1170 381 1396 443 ASSISIATIS
1796 375 1864 436 101

208 543 297 613 sunt,
333 540 398 602 uisi
426 539 586 617 quantum
618 541 826 616 providentia
859 553 1001 617 superna

209 640 365 716 disponit,
382 638 455 698 ideo
471 637 505 696 in
521 653 572 697 me
592 652 680 699 11111
701 640 769 700 tam
785 638 940 699 ferociter
954 637 1004 697 ir-

209 737 357 807 ruerunt,
371 734 448 811 quia
463 733 657 794 nonbonam
670 751 760 811 spem
769 734 904 812 praefert
913 749 1003 794 man·

209 835 261 896 sio
278 849 352 893 mea
370 830 508 893 incuria
521 835 766 907 magnatorum.
783 834 917 892 Fratres
937 831 1002 890 mei

209 932 263 1008 qui
279 931 314 990 in
327 931 409 990 10011
424 930 635 1006 pauperculis
661 931 917 999 commorantur,
941 943 1003 988 au-

208 1028 336 1089 dientes
350 1044 401 1088 me
413 1044 487 1088 cnm
500 1027 727 1088 cardinalibus
743 1042 827 1096 esse,
852 1026 1003 1102 suspica·

208 1127 329 1187 bantur
341 1124 480 1186 forsitan
495 1124 661 1200 implicari
676 1123 864 1193 mundanis,
890 1122 1002 1182 efferri

208 1222 401 1292 honoribus
428 1224 461 1282 el
485 1221 615 1282 deliciis
641 1221 820 1281 abundare.
840 1220 917 1280 Ideo
933 1234 1003 1278 me-

207 1320 274 1381 lius
285 1319 399 1396 judico
421 1334 507 1390 eum,
531 1320 586 1394 qui
601 1318 735 1394 ponitur
749 1318 783 1377 iu
802 1315 1000 1392 exemplum,

208 1417 323 1493 fugere
338 1415 450 1476 curias
464 1419 497 1476 ei
512 1415 685 1476 humiliter
701 1415 788 1475 inter
804 1413 945 1473 humiles
967 1414 1002 1473 iu

209 1514 292 1575 locis
307 1512 499 1574 conversari
524 1511 716 1582 humilibus
742 1514 775 1573 et
800 1511 1002 1572 sustinentes

209 1612 383 1689 penuriam
399 1609 500 1670 fortes
515 1608 648 1681 efficiat,
664 1607 1001 1669 similiasustinondo.

209 1709 357 1770 Veniunt
374 1723 454 1782 ergo
470 1722 577 1776 mane,
595 1708 628 1768 et
646 1706 762 1765 humili
786 1705 1003 1766 excusatione

209 1806 389 1883 proposita,
406 1804 621 1865 valefaciunt
636 1803 810 1864 cardinali.
841 1802 1003 1862 Abhorre-

208 1903 265 1965 bat
280 1917 397 1979 nempe
411 1901 464 1961 vir
476 1903 611 1961 sanctus
635 1899 837 1975 superbiam,
856 1899 1002 1959 omnium

209 2000 372 2061 malorum
396 1998 571 2072 originem,
594 1999 627 2058 et
650 1996 920 2066 inobedientiam,
951 1995 1004 2071 ip-

208 2098 279 2158 sius
306 2096 485 2172 pessimam
501 2094 645 2171 prolem;
664 2093 719 2154 sed
737 2107 805 2155 non
820 2092 930 2154 minus
945 2093 1003 2152 hu·

208 2195 382 2256 militatem
411 2192 614 2269 poeniteutiae
646 2190 849 2267 acceptabat.
875 2190 1004 2251 Accidit

208 2291 323 2364 semel,
341 2291 377 2352 ut
391 2289 498 2350 eidem
511 2289 772 2367 praesentaretur
786 2287 920 2364 quidam
933 2286 1004 2347 fra-

207 2390 271 2460 ter,
283 2389 340 2465 qui
353 2389 469 2449 contra
479 2387 586 2462 legem
600 2384 797 2446 obedieutiae
812 2384 939 2461 aliquid
953 2384 1003 2444 fe-

209 2487 314 2557 cerat,
330 2483 509 2561 disciplina
518 2482 658 2560 justitiee
673 2482 901 2558 corrigendus.

248 2582 372 2643 Videus
388 2582 499 2642 autem
522 2581 575 2643 vir
594 2580 655 2640 Dei
676 2577 814 2640 fratrem
829 2578 925 2639 illum
944 2592 1004 2655 per

210 2680 308 2756 signa
319 2677 487 2740 evidentia
497 2676 662 2738 veraciter
672 2690 745 2736 esse
756 2676 1001 2752 compunctum,

210 2776 251 2840 ad
270 2774 509 2851 indulgendum
532 2773 563 2833 ei
587 2788 701 2833 amore
720 2772 784 2833 fuit
802 2772 1003 2835 humilitatis

209 2874 375 2935 inductus.
392 2874 442 2933 No
461 2874 573 2932 tamen
592 2868 737 2930 facilitas
751 2868 870 2940 veniae,
887 2871 1004 2931 iucen-

208 2972 315 3034 tivum
335 2969 425 3030 esset
442 2968 519 3028 aliis
543 2966 769 3044 delinquendi,
788 2967 891 3043 jussit
904 2967 1002 3028 abla-

209 3070 279 3131 tum
299 3066 394 3129 fratri
415 3065 584 3143 caputium
605 3064 641 3125 11
665 3064 774 3126 medio
793 3063 1003 3127 flammarum

209 3167 339 3244 projici,
361 3168 397 3226 ut
416 3179 530 3225 omnes
549 3162 763 3225 adverterent
775 3164 899 3239 quauta
915 3179 1003 3239 qua-

208 3265 298 3341 lique
311 3262 458 3324 vindicta
471 3260 598 3322 offensa
613 3260 657 3321 sit
671 3258 905 3321 inobedientiae
920 3275 1003 3335 per-

211 3360 373 3423 cellenda.
401 3360 547 3436 Cumque
577 3373 638 3435 per
669 3371 798 3418 moram
833 3358 1003 3434 caputium

211 3458 328 3520 fuisset
337 3458 372 3518 in
388 3456 496 3517 medio
506 3455 606 3530 ignis,
619 3455 777 3532 praecepit
787 3455 895 3533 ipsum
907 3454 1005 3515 ilam-

210 3558 274 3618 mis
284 3554 426 3626 detrahi,
436 3552 595 3629 reddique
606 3550 702 3612 fratri
718 3552 889 3613 humiliter
896 3551 1005 3628 poeni-

210 3654 306 3717 tenti.
327 3650 481 3713 Mirabile
502 3649 605 3710 dictul
621 3649 817 3710 Extrahitur
835 3649 1004 3725 capullum

136 3762 141 3769 '
211 3752 252 3814 de
266 3749 376 3811 medio
390 3748 611 3818 flammarum,
626 3746 755 3806 nulium
771 3745 897 3806 habens
909 3746 1005 3806 adus-

210 3847 312 3910 tionis
327 3843 516 3918 vestigium.
535 3842 656 3918 stoque
674 3842 874 3914 factumest,
891 3845 926 3904 ut
942 3842 1005 3903 1101

211 3959 279 4006 uno
293 3946 380 4003 Deus
396 3939 569 4011 miraculo,
587 3940 620 3999 et
636 3940 743 4001 sancti
757 3939 822 4000 viri
835 3939 1002 4012 virtutem,

212 4043 246 4102 ot
272 4037 493 4099 humilitatem
517 4036 721 4113 penitentie
747 4036 1003 4098 commendaret.

211 4139 316 4215 Digne
331 4136 443 4212 itaque
458 4134 616 4195 sectanda
636 4135 687 4195 est
703 4134 874 4194 Francisci
889 4134 1005 4193 humi·

182 4238 187 4245 '
211 4237 300 4306 litas,
316 4249 391 4311 quae
405 4233 473 4293 tam
486 4231 605 4291 miram
618 4229 764 4291 interris
779 4230 881 4290 etiam
895 4229 1007 4305 digni-

211 4325 1004 4399 tatemobtiuuit,utDeumincliuaretadvotum,

213 4431 247 4493 et
265 4426 411 4489 hominis
435 4425 627 4486 immutaret
652 4421 819 4495 affectum,
838 4422 1007 4484 multoties

214 4527 399 4588 daemouum
419 4521 668 4597 protervitatem
683 4535 744 4581 suo
757 4522 856 4597 jussu
872 4520 1007 4597 propel-

213 4622 299 4685 leret
315 4621 348 4681 et
366 4619 575 4678 flammarum
595 4617 812 4679 voracitatem
834 4617 904 4678 solo
924 4617 1008 4678 nutu

214 4716 420 4782 refraenaret.
446 4715 575 4775 Revera
598 4714 671 4775 bec
693 4715 754 4785 est,
778 4700 1007 4791 1111101111-

216 4822 310 4879 sores
335 4826 414 4873 suos
437 4810 601 4877 exaltans,
626 4809 704 4869 dum
727 4808 881 4870 omnibus
906 4825 1007 4872 rere-

214 4911 358 4976 rentiam
381 4905 527 4976 exhibet,
556 4904 598 4966 ab
623 4904 777 4966 omuibus
800 4909 1009 4982 promeretur

215 5011 389 5072 honorem.

502 5144 638 5204 CAPUT
658 5145 729 5204 Vll.

211 5331 267 5389 «De
277 5335 397 5386 amore
405 5319 634 5395 paupertatis,
647 5319 784 5380 11111111
797 5318 1009 5393 supputere

514 5416 623 5491 defeci
625 5430 719 5519 11111

257 5588 347 5649 inter
367 5584 488 5644 caetera
507 5530 744 5642 charismatum
767 5579 876 5652 dona,
891 5595 963 5657 quae
989 5595 1008 5640 a

253 5693 280 5766 1
268 5688 401 5765 11111)
415 5700 474 5742 1111

1058 539 1152 615 largo
1174 543 1295 601 Datore
1319 538 1516 601 Franciscus
1540 536 1693 607 obtinuit,
1718 548 1866 612 praero-

1057 638 1168 710 gativa
1185 638 1326 713 quadam
1346 635 1484 713 speciali
1505 633 1689 711 promeruit
1710 633 1746 692 11
1766 630 1870 691 divi·

1057 735 1121 793 tias
1137 733 1362 810 simplicitatis
1383 747 1578 793 excrescere
1599 746 1658 807 per
1677 729 1869 790 altissimae

1058 831 1263 906 paupertatis
1287 845 1445 891 amorem.
1475 832 1568 888 Hauc
1598 827 1684 887 Filio
1715 827 1780 887 Dei
1808 826 1873 886 vir

1058 930 1193 987 sanctus
1209 927 1409 987 familiarem
1423 926 1609 994 attendens,
1626 927 1659 984 et
1669 927 1742 1000 jam
1756 922 1871 999 quasi

1058 1026 1127 1083 toto
1139 1024 1218 1084 orbe
1227 1025 1409 1099 repulsam,
1422 1023 1561 1083 caritate
1573 1022 1621 1080 sic
1636 1020 1768 1080 studuit
1779 1019 1873 1079 des·

1058 1135 1200 1196 ponsare
1220 1123 1390 1196 perpetua,
1408 1120 1493 1196 quod
1515 1134 1580 1179 non
1604 1118 1710 1177 solum
1729 1132 1798 1193 pro
1825 1131 1873 1177 ea

1059 1219 1185 1292 patrem
1206 1220 1409 1293 matremque
1430 1216 1575 1291 reliquit,
1597 1231 1713 1274 verum
1739 1215 1871 1283 etiam,

1058 1330 1130 1389 quae
1140 1313 1262 1374 habere
1271 1314 1387 1389 potuit,
1401 1313 1556 1372 universa
1567 1311 1734 1389 dispersit.
1749 1312 1874 1371 Nemo

1057 1413 1125 1471 tam
1145 1411 1231 1482 auri,
1255 1426 1353 1486 quam
1376 1411 1447 1486 ipse
1467 1409 1607 1484 cupidus
1631 1407 1871 1485 paupertatis,

1058 1523 1118 1568 110
1145 1507 1294 1567 thesauri
1319 1506 1525 1568 custodiendi
1550 1506 1726 1566 sollicitior
1751 1506 1873 1577 ullus,

1053 1618 1156 1680 quam
1168 1599 1234 1666 iste
1254 1604 1353 1680 hujus
1368 1603 1572 1678 evangelicae
1585 1603 1779 1677 margaritae
1799 1601 1872 1680 (1).

1058 1704 1094 1763 11
1115 1702 1177 1763 hoc
1195 1703 1363 1779 praecipue
1383 1719 1462 1762 suus
1484 1701 1712 1762 offendebatur
1729 1716 1875 1777 aspec-

1058 1801 1123 1870 tus,
1140 1799 1168 1859 si
1184 1800 1363 1876 quidquam
1378 1799 1492 1859 videre
1516 1799 1550 1859 in
1575 1797 1748 1868 fratribus,
1766 1798 1875 1875 quod

1057 1896 1244 1972 paupertati
1261 1911 1326 1957 nou
1340 1911 1399 1972 per
1415 1895 1527 1955 omnia
1546 1896 1760 1956 consonaret.
1786 1898 1875 1957 Re-

1057 2009 1136 2054 vera
1159 1992 1230 2069 ipse
1253 2008 1272 2053 a
1298 1993 1462 2069 principio
1487 1992 1660 2068 religionis
1683 2008 1797 2069 usque
1826 1992 1877 2054 ad

1058 2093 1208 2161 mortem,
1232 2090 1357 2159 tunica,
1383 2089 1554 2159 chordula,
1580 2091 1614 2150 et
1638 2089 1877 2150 femoralibus

1057 2187 1162 2256 dives,
1180 2187 1222 2245 iis
1237 2188 1411 2246 contentus
1431 2185 1503 2247 fuit.
1527 2186 1649 2246 Christi
1670 2189 1753 2247 iesu
1773 2202 1879 2262 pau-

1058 2284 1216 2361 pertatem
1228 2285 1261 2345 et
1270 2284 1396 2354 matris,
1409 2281 1598 2359 frequenter
1608 2299 1682 2342 cum
1694 2283 1877 2360 lacrymis

1059 2380 1236 2441 revocabat
1251 2380 1290 2441 ad
1312 2380 1471 2454 mentem3
1496 2379 1574 2439 inde
1588 2380 1677 2440 hano
1692 2381 1877 2442 virtutum

1058 2493 1213 2538 asserens
1227 2493 1301 2538 esso
1317 2477 1478 2551 reginam,
1491 2477 1568 2554 quia
1582 2477 1617 2536 in
1632 2479 1722 2552 Rege
1736 2493 1877 2554 regum

1059 2578 1092 2636 ei
1113 2576 1149 2636 11
1170 2576 1287 2651 regina
1311 2574 1419 2636 matre
1441 2573 1546 2650 ipsius
1568 2576 1635 2636 tam
1654 2577 1879 2651 praestanter

1058 2672 1193 2734 effulsit.

1097 2771 1193 2837 Nam,
1203 2767 1399 2832 etfratribus
1408 2769 1599 2831 inconclavi
1608 2770 1870 2847 quaerentibus,

1057 2883 1131 2944 quae
1142 2868 1248 2928 virtus
1263 2868 1368 2943 magis
1381 2868 1523 2928 amicum
1539 2866 1691 2927 redderet
1703 2867 1871 2942 Christe,

1058 2965 1153 3041 quasi
1179 2965 1342 3025 secretum
1368 2965 1420 3025 sui
1445 2965 1555 3025 cordis
1582 2965 1752 3041 aperiens,
1781 2981 1876 3027 res-

1058 3061 1222 3141 pondebat
1243 3084 1249 3122 :
1276 3064 1509 3138 Paupertatem
1530 3061 1704 3133 noveritis,
1719 3061 1876 3138 fratrae,

1058 3159 1237 3236 specialem
1248 3161 1336 3221 viam
1347 3175 1420 3220 esse
1431 3159 1561 3231 salutis,
1573 3162 1730 3236 tanquam
1744 3159 1880 3223 humi-

1058 3257 1162 3318 litatis
1178 3256 1370 3329 fomentum,
1395 3256 1674 3334 perfectionisque
1693 3256 1878 3331 radicem,

1059 3356 1153 3431 cujus
1177 3355 1228 3415 est
1251 3354 1378 3414 fructus
1400 3354 1590 3431 multiplex,
1610 3354 1666 3415 sed
1689 3355 1877 3418 occultus.

1059 3452 1136 3511 Haec
1160 3450 1249 3510 euim
1278 3451 1328 3511 est
1355 3450 1540 3525 evangelici
1575 3449 1648 3525 agri
1674 3449 1880 3514 thesaurus

1059 3546 1283 3618 absconditus,
1321 3563 1381 3624 pro
1412 3563 1477 3624 quo
1510 3546 1649 3607 emendo
1678 3547 1881 3612 vendenda

1059 3645 1136 3706 suut
1157 3644 1281 3715 omnia,
1299 3645 1331 3705 et
1352 3660 1425 3720 quae
1442 3644 1541 3705 vendi
1561 3660 1627 3705 non
1642 3647 1803 3720 possunt,
1824 3647 1880 3708 il-

1059 3741 1124 3802 lius
1140 3741 1388 3817 comparatione
1402 3741 1600 3818 spernenda.
1614 3740 1662 3801 Ad
1674 3740 1793 3816 hujus,
1814 3744 1881 3805 in·

1060 3839 1142 3916 quit,
1157 3839 1287 3899 culmen
1300 3838 1357 3914 qui
1373 3839 1464 3914 cupit
1477 3839 1650 3914 attingere,
1666 3852 1735 3897 uon
1750 3839 1881 3904 solum

1060 3932 1235 3995 mundanae
1257 3932 1453 4009 prudentiae,
1470 3947 1584 3994 verum
1601 3932 1703 3992 etiam
1717 3932 1878 3998 littera-

1060 4046 1133 4090 rum
1145 4028 1878 4106 peritiaerenuntiarequodammododebet:

1061 4127 1168 4188 uitali
1184 4127 1417 4202 expropriatus
1429 4127 1649 4202 possessione,
1663 4126 1821 4191 introeat
1838 4133 1882 4194 iu

1061 4224 1225 4300 potentias
1240 4223 1382 4293 Domini,
1399 4225 1432 4284 et
1444 4223 1568 4283 undum
1588 4238 1624 4283 se
1643 4222 1768 4285 offerat
1781 4225 1882 4290 bra-

1062 4320 1146 4381 chiis
1170 4318 1341 4380 crucifixi.
1369 4321 1585 4397 Nequaquam
1614 4320 1704 4380 euim
1733 4326 1881 4388 saeculo

1062 4416 1206 4495 perfecte
1221 4416 1400 4487 renuntiat,
1425 4417 1481 4493 qui
1506 4416 1633 4493 proprii
1659 4432 1784 4478 seusus
1814 4421 1882 4484 lo·

1062 4515 1154 4576 culos
1174 4514 1262 4575 iutra
1289 4513 1398 4575 cordis
1424 4528 1548 4574 arcana
1576 4514 1738 4575 reservat.
1765 4517 1883 4597 Saepe

1063 4626 1142 4673 vero
1156 4611 1196 4671 de
1211 4612 1406 4687 paupertate
1429 4624 1617 4671 sermonem
1640 4609 1784 4685 faciens,
1809 4615 1881 4678 iu-

1062 4707 1197 4785 gerebat
1210 4707 1367 4769 fratribus
1378 4707 1606 4783 evangelicum
1617 4706 1718 4774 illud:
1736 4711 1883 4787 Vulpes

1062 4809 1180 4879 (oveas
1204 4806 1339 4876 babent,
1376 4805 1410 4865 et
1443 4810 1599 4867 volucres
1630 4808 1706 4865 coett
1726 4808 1880 4872 nidos:

1062 4905 1171 4963 Filius
1192 4902 1310 4962 utitem
1323 4904 1473 4963 bominis
1485 4915 1555 4962 non
1569 4903 1668 4963 tabet
1681 4903 1741 4962 ubi
1755 4911 1882 4981 caput

1062 5012 1166 5059 suum
1185 4999 1327 5059 rectinet
1351 4996 1496 5074 (1111111,
1520 5013 1599 5061 111.
1626 4995 1692 5074 40).
1716 5000 1885 5079 Propter

1064 5092 1149 5170 quod
1171 5092 1308 5155 docebat
1336 5093 1474 5165 fratres,
1499 5095 1535 5155 ut
1557 5109 1741 5170 pauperum
1768 5113 1884 5165 more

1063 5189 1282 5266 pauperculas
1293 5190 1424 5251 casulas
1437 5191 1614 5266 erigerent,
1628 5206 1711 5267 quas
1722 5207 1798 5254 non
1811 5197 1885 5261 ha.

1063 5286 1206 5347 biterent
1221 5286 1257 5346 ut
1272 5287 1435 5363 proprias,
1460 5286 1517 5347 sed
1542 5288 1627 5347 sicut
1642 5289 1825 5364 peregrini
1843 5300 1885 5359 et

948 5430 953 5439 .
1063 5382 1200 5444 advenae
1219 5382 1359 5443 alienas.
1381 5386 1486 5458 Leges
1504 5399 1644 5460 namque
1659 5388 1886 5461 peregrino.

1063 5495 1136 5539 rum
1156 5494 1230 5539 esse
1250 5479 1381 5541 dicebat
1402 5479 1463 5539 sub
1485 5480 1596 5542 alieno
1620 5480 1733 5556 colligi
1759 5483 1880 5561 tecto,

1063 5576 1157 5636 sitire
1170 5574 1211 5636 ad
1226 5577 1366 5652 patriam
1381 5576 1520 5653 pacifice
1532 5577 1747 5654 pertransire.
1765 5581 1886 5647 Man·
