3950 6200
193 385 197 390 Ι
278 309 340 372 nto
698 305 731 368 S.
758 304 934 368 ANTONII
964 304 1153 367 PADUANI
1183 305 1321 367 OPERA
1351 304 1498 366 OMNIA.
1851 307 1901 376 989

279 484 386 549 usque
407 467 563 531 deorsum
576 465 645 528 ridi
666 466 763 543 quasi
784 466 929 543 speciem
947 465 1076 541 electri,
1130 479 1238 540 super
1250 468 1407 538 annom:
1435 465 1564 527 etcum
1583 464 1637 526 his
1663 464 1778 539 armis,
1799 465 1903 529 militet

278 567 333 629 vel
357 567 445 643 ignis
477 564 682 641 splendentis
718 565 755 626 in
789 564 980 626 circuitu.»
1013 566 1078 625 Per
1132 562 1436 640 perhumilitatem,
1453 564 1487 624 et
1500 563 1726 639 contemptum
1742 564 1904 626 mundano·

280 666 439 728 electrum
463 663 615 724 Christus
637 661 857 738 significatur,
881 662 959 739 qnia
984 661 1077 722 elec·
1131 676 1217 734 rum,
1233 660 1316 723 dicit
1327 661 1487 722 Dominus
1501 682 1509 720 ε
1522 663 1590 737 Ego
1609 660 1826 737 «disperdam
1838 678 1904 739 qua·

279 764 367 824 trum
389 761 426 822 lit
444 760 484 822 de
499 775 593 831 auro,
611 758 698 821 etde
713 758 864 834 argento,
881 757 938 820 sed
958 773 1077 820 aarum
1132 757 1260 832 drigam
1289 757 1458 833 Ephraim,
1481 758 1516 820 et
1539 774 1660 835 equum
1676 758 1717 818 de
1731 758 1902 830 Jerusalem,

280 855 443 934 pallescit,
473 856 507 916 et
529 854 607 915 inde
638 855 812 929 argentum
847 854 993 914 virescit.
1022 853 1077 914 Sic
1131 854 1219 917 idest
1232 854 1488 924 volubilitatem,
1503 856 1537 917 et
1550 854 1744 932 superbiam
1759 855 1793 915 in
1806 857 1904 917 seculo

280 952 442 1025 Christus,
465 952 522 1029 qui
535 952 586 1013 est
606 949 778 1023 electrum,
792 950 828 1011 in
844 965 909 1028 quo
924 949 999 1010 duae
1012 965 1076 1011 na·
1131 952 1427 1027 fructificantium
1443 954 1477 1014 et
1497 953 1546 1014 sic
1561 968 1621 1029 per
1647 952 1904 1026 humilitatem,et

278 1055 364 1112 turae
377 1051 478 1111 unitae
491 1048 579 1120 sunt,
602 1048 715 1110 diviua
730 1047 858 1109 scilicet
869 1048 903 1109 et
917 1047 1074 1118 humana,
1131 1051 1355 1126 contemptum
1370 1051 1467 1112 vocat
1477 1065 1538 1111 nos
1550 1053 1639 1112 Deus
1652 1049 1694 1111 ad
1705 1050 1859 1127 praelium.

277 1145 375 1224 quasi
405 1146 440 1207 in
475 1144 610 1206 electro.
651 1147 716 1205 Per
749 1158 867 1205 aurum
903 1142 1075 1214 diviuitas,
1173 1148 1330 1224 Sequitur
1353 1169 1361 1207 ε
1382 1151 1426 1208 In
1451 1151 1582 1223 tristani
1616 1150 1672 1210 dte
1703 1149 1903 1210 solemnitatis

278 1243 523 1321 perargentum
543 1242 744 1303 humanitas.
776 1240 969 1303 Pallescens
997 1238 1075 1310 tuit,
1131 1245 1270 1315 vestroe,
1288 1243 1375 1306 idest
1392 1243 1466 1313 die,
1486 1244 1540 1305 vel
1555 1244 1651 1321 signo
1670 1244 1770 1305 valde
1787 1245 1902 1320 signato,

278 1341 411 1419 qnando
433 1340 609 1401 humiliata
633 1338 696 1400 init
710 1340 877 1415 majestas,
893 1339 930 1400 ut
942 1337 1076 1398 exalta·
1131 1340 1173 1402 de
1196 1357 1263 1418 quo
1280 1342 1377 1403 lsaiae
1397 1339 1442 1420 (7,
1460 1341 1511 1420 11)
1527 1364 1534 1401 :
1548 1359 1567 1401 ‹
1581 1344 1660 1404 Pete
1674 1341 1737 1403 tibi
1759 1341 1874 1417 signum
1889 1358 1903 1402 a

276 1440 371 1500 retur
392 1437 585 1499 humanitas
602 1435 644 1497 ad
660 1436 865 1498 consortium
887 1434 1032 1495 Domini.
1048 1440 1076 1495 Α
1131 1438 1272 1500 Domino
1285 1441 1353 1500 Deo
1367 1441 1425 1501 tuo
1437 1439 1473 1499 in
1489 1438 1690 1514 protundum
1705 1437 1903 1510 interni,sire

276 1537 410 1599 maedis
426 1534 630 1597 Perlumbos
646 1532 836 1595 incarnatio
851 1552 859 1592 ε
873 1532 952 1593 anto
967 1532 1078 1593 Incar-
1131 1535 1167 1596 in
1187 1536 1356 1604 excelsum
1371 1549 1491 1613 snpra3
1507 1552 1527 1596 s
1540 1537 1617 1614 quia
1632 1552 1677 1597 ex
1690 1552 1758 1613 qno
1772 1536 1902 1598 dirimas

277 1633 447 1695 nationem
474 1629 670 1708 splendebat
694 1630 783 1706 ignis
809 1628 972 1706 desupar;
1004 1629 1077 1706 post
1127 1635 1245 1710 juncta
1270 1632 1334 1697 luit
1353 1633 1570 1705 humanitati,
1596 1649 1768 1711 nunquam
1788 1632 1828 1694 ab
1849 1633 1902 1710 ipsa

277 1728 547 1792 incarnationem
561 1729 673 1790 lumen
686 1742 783 1788 suum
799 1726 955 1788 deorsum
969 1724 1078 1802 splen·
1131 1732 1287 1808 separata
1302 1732 1352 1793 est
1368 1730 1446 1792 :sed
1462 1731 1568 1792 Filius
1581 1730 1640 1793 Dei
1653 1730 1718 1792 tuit
1732 1731 1768 1791 iu
1780 1731 1901 1791 carneis

276 1826 359 1899 duit,
386 1825 482 1904 (luasi
503 1825 595 1897 lulla,
611 1820 1078 1901 0t8108P10ssd01'11111aeV0r·
1131 1828 1296 1904 sepulcro,
1308 1830 1341 1890 et
1352 1843 1428 1890 cum
1438 1827 1775 1891 animadescenditin
1785 1828 1901 1899 insarno,

275 1917 1903 2002 mmmmwmmmmwsfflmmmmmmmmm

277 2020 368 2084 tuba.
417 2045 425 2054 ·
1130 2023 1193 2096 vit3
1209 2024 1242 2085 et
1253 2023 1303 2084 sic
1313 2022 1722 2100 habemussignumllegis
1732 2022 1901 2095 deintern03

318 2121 427 2180 Sonus
440 2117 528 2180 tubae
543 2116 709 2179 invitabat
721 2116 763 2178 ad
782 2116 919 2190 bellum,
936 2116 978 2179 ad
993 2130 1077 2192 epu·
1131 2122 1227 2197 cujus
1239 2136 1302 2197 ope
1317 2136 1492 2197 possumus
1506 2121 1644 2182 vincere
1658 2119 1833 2182 diabolum.
1847 2121 1902 2180 lia·

277 2216 358 2290 lum,
374 2219 407 2278 et
419 2215 460 2277 ad
475 2215 715 2287 solemnitates,
732 2214 862 2277 scilicet
882 2214 917 2276 in
930 2212 1074 2286 Pascha,
1130 2215 1248 2278 hemm
1276 2218 1408 2294 signum
1441 2217 1592 2296 eJusdem
1626 2219 1729 2294 Regis
1759 2215 1903 2278 nostrils

277 2316 484 2385 Pentecoste,
509 2313 544 2375 et
559 2312 765 2389 scenopegia
792 2310 851 2392 (1).
868 2313 973 2374 Vocat
987 2313 1075 2372 Deus
1131 2314 1227 2386 coelo,
1240 2315 1428 2392 quiacarne
1438 2315 1624 2391 glorificata
1639 2315 1674 2376 in
1685 2314 1905 2376 coelumascen·

277 2410 319 2473 ad
330 2411 573 2473 solemnitatem
581 2409 732 2485 Paschae,
744 2409 780 2470 in
793 2424 859 2487 qua
871 2424 987 2487 azyma
1000 2423 1075 2470 cum
1131 2411 1198 2486 dit;
1212 2412 1245 2474 ot
1256 2411 1389 2486 honest,
1404 2415 1478 2475 sive
1488 2416 1525 2474 in
1538 2417 1715 2474 cacabum
1727 2427 1838 2487 supro.

203 2577 207 2584 ,
276 2507 415 2570 lactucis
430 2507 634 2584 agrestibus,
647 2509 680 2569 et
694 2522 813 2569 carnes
831 2521 917 2568 assae
932 2506 1004 2582 igni
1018 2520 1076 2566 co-

276 2605 495 2667 medebantur
508 2604 566 2685 (2).
579 2608 645 2666 Per
657 2620 776 2666 carnes
787 2604 864 2681 igne
877 2617 985 2675 assas,
1002 2617 1075 2681 quae

277 2701 504 2764 onerabantur
532 2702 565 2762 in
590 2701 738 2773 Pascha,
765 2701 942 2777 signantur
967 2700 1076 2777 poeni·
1391 2689 1531 2751 SERMO
1559 2690 1667 2750 CLVI·

275 2795 396 2871 tentes,
426 2800 482 2876 qui
511 2797 632 2861 debent
657 2814 766 2866 urere,
796 2798 883 2860 idest
903 2813 1075 2860 macerare
1165 2825 1288 2897 Ouogia
1302 2826 1613 2885 mmmmm,
1624 2829 1828 2902 mmmm,
1838 2835 1875 2884 a,

277 2895 693 2959 carnemsnaminaristis
708 2897 1077 2973 peccatorumluPeu·
1443 2914 1606 2974 ,ubpgnifg

275 2994 415 3066 tecoste,
431 2992 588 3071 primitis
609 2991 743 3069 trogum
757 2992 816 3072 (3),
830 2993 864 3053 in
879 3009 944 3069 quo
961 2994 1076 3054 notan-

276 3093 332 3155 tur
346 3090 443 3155 initia
457 3090 622 3153 bonorum
636 3106 773 3168 operum
789 3089 895 3168 ipsius
909 3090 1076 3169 poeniten·

275 3188 330 3251 tis.
360 3191 398 3251 ln
431 3186 637 3265 scenopegia
664 3186 706 3249 de
735 3186 889 3249 omnibus
922 3186 1074 3263 frugibus

276 3285 463 3349 offerebant
488 3286 663 3347 collectam
679 3282 748 3365 (4);
768 3285 889 3362 inquo
914 3283 1075 3361 perfectio

1129 3053 1172 3113 In
1201 3051 1421 3114 tribulatione
1443 3051 1613 3114 tnvocosti
1635 3066 1708 3126 ine,
1729 3053 1762 3114 ei
1782 3051 1903 3114 liberast

1170 3149 1204 3210 te
1216 3166 1228 3208 :
1240 3152 1406 3211 eoenudiot
1428 3150 1461 3211 te
1475 3151 1512 3210 in
1526 3151 1724 3212 abscondito
1737 3149 1900 3223 tenpesta-

1170 3245 1216 3307 tis
1229 3263 1241 3306 :
1253 3248 1399 3321 probavi
1422 3244 1456 3308 te
1474 3249 1567 3321 apud
1590 3261 1719 3321 aquam
1734 3248 1903 3309 contradic·

1317 3341 1406 3403 Psal.
1421 3343 1472 3417 80,
1486 3341 1533 3421 8.)

277 3383 441 3446 bonorum
464 3398 602 3467 operum
639 3383 786 3446 notatur.
813 3381 1000 3444 invitamur
1031 3380 1073 3443 ad
1110 3394 1111 3397 ’
1170 3340 1315 3421 tim(

278 3482 424 3559 epulum,
441 3481 519 3559 quia
534 3484 571 3543 nt
583 3480 664 3543 dicit
675 3479 881 3556 Augustinus
897 3478 945 3558 (5)
960 3499 968 3539 ι
983 3480 1075 3541 «Do-
1169 3484 1206 3545 In
1221 3481 1439 3546 tribulatione
1457 3484 1666 3546 invocandos
1690 3486 1742 3547 est
1754 3484 1899 3551 hohhus

276 3578 387 3641 minus
415 3578 614 3656 sapientiam
651 3593 763 3650 suam,
798 3593 863 3655 qua
891 3579 1074 3654 pascuntur
1128 3580 1207 3657 quia
1231 3581 1305 3658 ipse
1327 3582 1444 3658 potens
1469 3582 1521 3644 est
1537 3582 1699 3657 liberare;
1723 3583 1808 3644 unda
1824 3580 1902 3643 isaie

274 3677 406 3754 angeli,
423 3677 460 3739 ut
478 3677 531 3739 lac
546 3675 643 3737 nobis
662 3675 800 3747 taceret,
822 3690 923 3736 carne
938 3674 1074 3736 indutos
1129 3675 1193 3756 (19,
1211 3676 1266 3756 99)
1281 3699 1288 3738 :
1301 3677 1498 3742 Clamabunt
1523 3679 1565 3740 ad
1587 3680 1763 3741 Dominum
1789 3694 1808 3739 a
1832 3675 1900 3738 lactc

275 3775 368 3837 venit
393 3774 434 3835 ad
463 3791 535 3848 nos,
552 3791 571 3835 a
586 3775 621 3836 ut
645 3772 752 3836 solido
769 3772 842 3834 cibo
864 3773 900 3834 in
924 3772 977 3835 lac
998 3787 1075 3834 con·
1127 3774 1330 3847 tribulantis,
1345 3776 1474 3838 inimici
1488 3777 1686 3854 spiritualis,
1702 3774 1899 3839 scilicetdia·

273 3886 373 3933 verso
387 3871 580 3934 reficiamur
593 3871 690 3950 quasi
704 3869 905 3948 parvulille
920 3870 983 3932 hoc
998 3869 1073 3932 oiho
1127 3870 1206 3944 boli,
1232 3873 1266 3935 et
1288 3874 1396 3936 mittet
1421 3874 1471 3935 eis
1497 3874 1711 3949 salvatorem,
1736 3874 1791 3952 qui
1815 3870 1900 3933 saliet

275 3968 399 4030 dicitnr
436 3968 470 4029 in
495 3968 565 4031 'Job
592 3966 637 4047 (6,
658 3967 691 4048 5)
711 3988 719 4028 ε
742 3967 933 4044 ‹Nunquid
962 3967 1074 4042 rugiet
1128 3969 1290 4045 intirmos,
1313 3971 1347 4033 et
1371 3973 1663 4048 propugnatorem,
1685 3972 1744 4049 qui
1760 3966 1900 4047 expugnet

274 4080 411 4142 onager,
431 4081 506 4126 curn
530 4063 687 4127 habuerit
702 4064 858 4126 herbamt
879 4065 936 4126 aut
948 4065 1074 4139 mugiet
1127 4068 1294 4129 tentantes
1308 4067 1488 4138 daemones,
1508 4070 1541 4130 et
1557 4068 1782 4141 liberatorem,
1802 4066 1851 4144 qni
1867 4063 1900 4122 li·

272 4162 343 4237 bos,
360 4179 435 4226 cum
463 4164 541 4225 ante
567 4177 715 4240 praesepe
732 4162 866 4239 plenum
893 4162 1073 4224 steteritt»
1127 4164 1222 4226 beret
1240 4180 1260 4227 a
1280 4165 1494 4243 compedibus
1517 4169 1743 4243 peccatorum.
1764 4159 1899 4227 inllxodo

274 4263 407 4324 Stamus
433 4261 511 4323 anto
539 4275 688 4339 praesepe
714 4260 860 4336 plenum,
882 4259 918 4320 in
940 4274 1005 4337 quo
1022 4261 1074 4321 est
1128 4259 1173 4339 (2,
1186 4260 1240 4341 23)
1254 4261 1397 4324 habetur
1413 4279 1420 4322 :
1438 4264 1677 4339 ingemuerunt
1686 4262 1735 4341 (7)
1747 4262 1805 4323 tilii
1814 4253 1899 4321 lsrad

274 4357 390 4432 herba,
404 4360 438 4421 et
451 4357 589 4433 foenum,
612 4357 690 4435 quia
706 4357 812 4418 Pilius
835 4356 943 4417 heatae
964 4356 1074 4432 Virgi·
1127 4361 1264 4436 propter
1277 4374 1380 4436 opera
1399 4360 1433 4421 et
1452 4360 1628 4423 vociferati
1647 4363 1726 4422 sunt
1747 4360 1785 4421 ad
1802 4353 1900 4418 ooni-

240 4446 246 4455 ’
273 4455 327 4516 nis
343 4455 378 4517 in
391 4471 559 4533 praesepe,
587 4455 674 4517 idest
697 4454 732 4516 in
754 4454 904 4516 Ecclesia
924 4454 1071 4530 ponitur,
1127 4473 1218 4530 num,
1240 4460 1274 4520 et
1301 4457 1429 4519 clamor
1451 4473 1567 4520 eorum
1582 4458 1735 4521 aseendit
1752 4459 1790 4520 ad
1807 4451 1901 4517 Domi·

273 4552 311 4614 ut
324 4551 413 4614 loeno
425 4552 537 4613 carnis
552 4569 621 4614 suae
637 4552 752 4614 fideles
765 4551 971 4614 reficiantur.
986 4551 1074 4613 Invi·
1128 4571 1219 4627 num,
1242 4555 1305 4617 etc.
1327 4555 1389 4616 Hic
1409 4569 1577 4631 congruus
1593 4555 1675 4616 ordo
1687 4555 1864 4621 verborum,
1877 4548 1900 4607 Si

271 4651 382 4713 tamur
390 4650 430 4712 ad
438 4650 661 4728 bellum,quia
672 4650 962 4727 habemusregem,
974 4666 1072 4728 quern
1127 4652 1293 4725 volumus,
1317 4652 1354 4714 ut
1372 4654 1461 4713 Dens
1479 4651 1640 4715 exaudiat
1662 4668 1735 4715 nos.
1758 4648 1899 4726 Iugemis·

272 4746 368 4824 sequi
391 4744 569 4820 debemus3
595 4745 636 4807 de
663 4761 728 4822 quo
755 4746 926 4807 Zacharia
951 4742 997 4823 (9,
1013 4744 1070 4823 9);
1128 4748 1268 4810 cendum
1297 4750 1348 4812 est
1373 4748 1474 4822 enirn,
1499 4750 1554 4811 rel
1575 4749 1794 4827 plangendum
1811 4745 1900 4823 prino

271 4843 422 4906 ‹Exulta
437 4842 530 4916 satis,
545 4842 615 4904 tilia
631 4842 723 4914 Sion,
732 4842 841 4920 jubila
855 4842 925 4903 fllia
936 4844 1072 4905 Jerusa·
1127 4861 1188 4923 per
1213 4846 1460 4916 contritionem,
1486 4848 1520 4909 et
1543 4848 1659 4923 postea
1675 4841 1899 4908 vociterandum

272 4940 337 5003 lem
354 4944 462 5003 :Ecce
480 4943 553 5003 Rex
563 4943 642 5002 tuus
656 4940 750 5002 venit
766 4938 814 5019 (6)
823 4942 935 5018 Justus
950 4941 983 5001 et
1003 4938 1074 5000 sal·
1127 4945 1178 5005 est
1189 4958 1250 5020 per
1269 4942 1525 5014 consessionem,
1541 4945 1576 5005 el
1594 4946 1674 5007 tunc
1688 4938 1899 5005 ascenditcla·

272 5040 415 5101 vator.»
443 5040 563 5100 Postea
595 5037 761 5110 declarat,
788 5054 862 5115 quae
885 5037 954 5099 sint
977 5052 1072 5098 arma
1127 5055 1201 5102 mor
1215 5042 1329 5102 noster
1343 5039 1384 5101 ad
1400 5040 1587 5101 Dominum.

271 5137 357 5212 ejus,
373 5138 407 5198 et
421 5135 585 5212 quomodo
608 5134 751 5198 destruit
779 5136 890 5197 castra
916 5133 1073 5195 inimico-
1166 5140 1344 5199 Eccoudiot
1365 5138 1399 5198 tc
1422 5141 1459 5198 tn
1482 5138 1679 5199 abscondito
1693 5132 1899 5210 tempesala

270 5246 356 5306 rum,
379 5232 539 5295 dicendo:
553 5236 632 5308 Ipse
653 5247 801 5309 poliper,
825 5233 859 5295 et
880 5234 1071 5294 moendens
1127 5234 1168 5297 de
1183 5249 1249 5312 qua
1268 5234 1477 5311 tempestate,
1501 5233 1575 5306 Job,
1592 5232 1637 5313 (9,
1651 5233 1685 5314 9)
1702 5255 1710 5295 :
1726 5231 1814 5305 «Qui
1833 5226 1900 5290 iacit

306 5416 643 5499 mmmmm
930 5378 933 5383 ’
1174 5416 1728 5500 mmmmmmma

307 5486 647 5702 {filma
1174 5489 1582 5634 illittssliitttsna.
