3950 6200
227 236 303 338 1071
651 237 684 297 S.
707 235 881 299 ANTONII
909 237 1097 301 PADUANI
1125 240 1263 302 OPERA
1288 239 1435 302 otium.
1467 243 1472 252 '
1781 237 1849 302 lon

213 397 271 474 qui
302 393 508 459 descendunt
535 397 625 458 sicut
648 398 825 470 plumbum
849 401 888 460 tu
909 399 1010 472 muts
1063 399 1118 459 tus
1132 401 1185 462 est
1197 398 1339 461 nartbus
1354 398 1479 461 Christi
1493 395 1658 471 diabolus,
1674 402 1850 472 erumpas·

213 493 470 556 commeatibus
484 490 616 569 (Exodi,
641 493 690 564 15,
714 493 778 571 10).
791 495 889 555 Sunt
902 494 1009 556 etiam
1064 511 1124 558 ser
1144 498 1325 570 infantulo,
1339 496 1396 574 qut
1411 494 1572 573 permittit
1587 509 1756 571 passerem
1769 495 1850 569 liga·

214 590 344 663 molles,
360 591 394 652 et
408 588 614 664 tractabiles,
629 591 686 666 qui
699 591 788 652 inter
802 605 839 651 se
860 590 1011 653 caritatis
1064 594 1134 654 tum
1149 594 1185 653 iu
1211 593 1268 653 blo
1290 595 1419 655 tantum
1442 592 1568 662 solare,
1592 593 1753 670 quantum
1777 592 1849 661 ruit,

213 687 346 762 glutino
364 687 650 762 conglutinantur,
676 687 733 763 qui
758 687 915 749 dicuntur
934 701 1011 749 esse
1067 690 1145 766 quia
1178 690 1330 751 Christus
1365 690 1461 766 quasi
1497 688 1659 765 parvulus
1694 687 1851 748 diabolum

214 788 256 848 de
273 787 390 855 Soutr,
403 785 490 863 quod
514 784 755 861 iuterpretatur
772 785 827 845 via
850 784 1010 859 lucernae,
1065 787 1228 862 alligavit,
1245 789 1281 848 ut
1295 802 1362 848 non
1378 786 1494 858 tentet,
1509 785 1565 847 rel
1583 786 1705 846 noceat
1719 786 1850 856 Sanctis

215 881 294 958 quia
313 881 426 943 lumen
447 882 548 959 butus
575 881 672 943 navis
692 881 843 958 procedit
864 897 909 943 ex
930 897 1011 943 sero
1066 884 1131 945 nisi
1144 884 1338 960 permissus.
1350 883 1577 960 Saginentur,
1588 881 1678 942 idest
1691 881 1852 942 delectau-

215 979 352 1051 lumine,
369 978 458 1041 idest
475 979 608 1040 Christo
623 979 689 1041 ria.
707 979 885 1056 Sequitur:
902 980 1013 1045 01111-
1066 983 1121 1043 tur
1140 984 1178 1043 iu
1200 995 1242 1043 co
1260 982 1431 1051 remmus,
1447 979 1535 1040 idest
1555 977 1612 1055 qut
1635 978 1807 1039 remanent
1822 979 1853 1038 in
1941 975 1942 978 ’

189 1149 193 1156 ,
214 1092 276 1142 cus
296 1079 338 1139 dc
358 1081 477 1138 Busan
495 1077 700 1138 domuerunt
722 1080 761 1138 tu
780 1090 896 1139 remos
921 1077 1009 1138 tuos.
1066 1076 1223 1153 originali
1238 1079 1384 1154 peccato,
1402 1092 1467 1152 quo
1479 1075 1585 1152 geniti
1597 1078 1687 1136 sunt.
1703 1078 1852 1136 Parcas·

216 1174 329 1237 Remis
352 1174 559 1249 gubernatur
577 1173 685 1235 navis.
716 1175 781 1235 Per
798 1187 926 1240 remos,
949 1188 1013 1248 gu·
1066 1175 1153 1246 dam,
1168 1174 1340 1251 superbia3
1354 1189 1414 1251 per
1432 1174 1559 1235 corium
1573 1171 1702 1242 caudae,
1717 1171 1851 1232 malitia:

214 1271 410 1333 bernatores
440 1270 597 1332 Ecclesiae
623 1270 868 1347 intelliguntur.
893 1273 1012 1331 Busan
1066 1271 1221 1332 «Omnes
1235 1286 1339 1331 naves
1354 1285 1421 1331 non
1437 1270 1595 1346 poterunt
1603 1268 1734 1329 corium
1748 1268 1851 1328 cauda

216 1368 457 1445 interpretatur
470 1367 668 1444 ignominia,
686 1367 765 1444 quia
781 1365 1010 1442 ignominiosi,
1067 1370 1139 1445 ejus
1158 1369 1335 1444 portare»
1360 1367 1438 1443 quia
1453 1366 1563 1428 adbuc
1583 1365 1681 1427 multi
1703 1365 1781 1426 sunt
1798 1380 1851 1424 su·

215 1481 277 1543 per
295 1465 525 1542 penitenciam
547 1465 763 1526 assumuntur
781 1466 930 1526 rectores
949 1466 1013 1524 Ec-
1066 1464 1172 1541 perbi,
1186 1465 1221 1526 et
1232 1463 1405 1525 malitiosi.

215 1559 1010 1639 clesiae,uteamgubernent;etsigniilcatillos‚
1350 1567 1354 1572 ·

216 1659 273 1738 qui
289 1659 424 1723 luerunt
437 1661 473 1721 in
487 1659 673 1736 ignominia
688 1658 912 1737 peccatorum,
928 1674 1011 1735 quos

215 1758 382 1820 convertit
396 1759 556 1819 Dominus
568 1760 606 1818 tu
619 1771 747 1826 remos,
765 1756 801 1818 ut
815 1758 1013 1844 cumtlpos-
1320 1748 1460 1814 SERMO
1484 1747 1604 1808 CXCV.

215 1856 293 1917 tolis
306 1854 516 1930 navigantes,
533 1855 630 1931 quasi
644 1854 797 1915 doctores
813 1852 846 1913 in
862 1852 1011 1915 Ecclesia
1066 1890 1107 1946 be
1121 1887 1244 1945 adventu
1260 1887 1380 1961 spiritus
1390 1887 1496 1954 suncti,
1512 1893 1542 1943 et
1553 1892 1664 1958 „eptem
1679 1884 1852 1958 proprietati·

215 1952 257 2012 ad
273 1952 354 2013 litus
366 1952 483 2028 patriae
499 1968 536 2013 se
549 1953 583 2014 et
596 1950 682 2012 alios
696 1950 831 2012 ducant.
1100 1977 1154 2034 bus
1179 1978 1274 2051 ignis,
1303 1990 1368 2048 qum
1395 1974 1615 2049 appropriantur
1640 1981 1754 2046 ,eptem
1780 1972 1854 2030 donn

254 2049 412 2127 Sequitur
425 2071 432 2109 ε
444 2067 463 2110 ‹
476 2049 618 2111 cedrum
636 2048 678 2109 de
702 2048 829 2110 Libano
847 2046 1010 2119 tulerunt,
1101 2066 1223 2138 spiritus
1237 2065 1344 2123 sunau.

214 2148 251 2209 ut
264 2146 413 2209 tacerent
426 2145 486 2208 tibi
502 2147 663 2208 malum.»
676 2145 785 2207 Malus
800 2145 899 2206 istius
913 2145 1011 2206 navis

213 2243 312 2306 debet
333 2259 408 2305 esse
422 2243 641 2305 excellentior
656 2243 691 2304 in
709 2243 869 2308 Ecclesia.
885 2242 1012 2303 Codrus

213 2341 282 2403 alta
296 2343 357 2414 est,
381 2344 415 2403 et
433 2357 584 2419 procera,
600 2339 765 2418 protunda
779 2339 962 2412 radicibus,
978 2343 1013 2401 et

213 2438 443 2515 imputribilis,
477 2438 662 2510 odorifera,
698 2439 870 2515 serpentes
906 2436 1009 2512 lugat.
1108 2437 1251 2516 Spiritus
1276 2437 1419 2499 Sanctus
1442 2436 1478 2497 in
1502 2435 1598 2497 nobis
1617 2436 1792 2497 caritatem
1807 2449 1855 2495 re-

214 2537 333 2600 Omnia
353 2535 418 2597 ista
433 2535 634 2612 adaptantur
653 2536 813 2612 praelato,
828 2534 885 2613 qui
904 2536 1013 2611 major
1066 2538 1174 2608 creat,
1200 2551 1299 2613 quam
1327 2534 1500 2596 amisimus
1524 2549 1584 2609 per
1608 2534 1798 2610 peccatum,
1822 2534 1854 2592 ut

213 2636 265 2695 est
291 2634 327 2695 in
355 2633 503 2711 qualibet
526 2633 687 2694 Ecclesia.
714 2632 888 2709 Significat
911 2632 1012 2693 etiam
1066 2634 1194 2696 similes
1221 2634 1289 2695 Deo
1313 2633 1433 2702 simus,
1459 2632 1493 2692 et
1517 2629 1699 2705 imaginem
1717 2631 1852 2691 nostran

215 2729 1010 2808 Sanctis,quibusconreniunthaeproprietates
1067 2729 1273 2792 obfuscatam
1300 2730 1453 2806 reparat,
1476 2729 1533 2804 qui
1558 2728 1707 2805 Spiritus
1726 2727 1854 2790 Sanctus

214 2828 249 2889 st
273 2826 314 2888 de
336 2827 460 2888 talibus
484 2826 651 2888 mediante
677 2825 785 2901 gratia
815 2826 912 2888 debet
938 2825 1010 2887 fleri
1067 2828 1261 2905 perignem
1292 2826 1456 2903 signatur,
1479 2826 1557 2901 quia
1581 2826 1617 2886 in
1641 2826 1755 2901 specie
1776 2823 1853 2899 ignis

214 2924 324 2985 malus
347 2923 518 2997 Ecclesiae,
541 2923 627 2985 idest
641 2922 855 2995 excellentes,
877 2925 911 2985 et
925 2939 1013 3000 prae-
1067 2924 1238 2988 descendit
1257 2939 1359 3001 super
1380 2923 1568 3000 Apostolos.
1583 2922 1675 2997 Ignis
1692 2922 1780 2983 enirn
1793 2935 1856 2996 sep·

207 3021 275 3082 ‚lati
296 3021 332 3082 iu
348 3021 509 3082 Ecclesia.
530 3022 686 3097 ‹Byssus
701 3019 852 3082 rariade
867 3021 1012 3097 mgypto
1067 3026 1133 3085 tem
1158 3020 1250 3091 iacit,
1276 3036 1350 3099 quas
1380 3019 1465 3081 bene
1497 3019 1706 3081 concordant
1741 3018 1853 3094 septen

212 3120 306 3181 texta
312 3119 429 3182 esttibi
440 3118 475 3179 in
485 3118 653 3191 velum,ut
661 3119 882 3197 ponereturin
891 3119 1012 3180 malo.»
1067 3119 1163 3181 donis
1177 3118 1321 3194 Spiritus
1334 3118 1458 3179 Sancti.
1469 3117 1558 3193 Ignis
1573 3118 1644 3179 alta
1656 3114 1855 3185 humiliatet

214 3220 280 3279 Per
305 3216 440 3295 byssum
458 3216 634 3278 candidam
652 3217 729 3278 ritae
745 3217 1013 3286 continentiam
1068 3217 1248 3292 incinerat;
1276 3215 1362 3294 quod
1386 3214 1544 3277 convenit
1567 3214 1708 3291 Spiritui
1736 3210 1855 3275 umens

1066 2201 1215 2262 Emittcs
1227 2199 1400 2282 Spiritum
1407 2198 1523 2272 tuum,
1540 2201 1574 2260 et
1587 2198 1809 2268 secuuntur,
1823 2196 1852 2257 el

1105 2300 1290 2359 renovabis
1302 2298 1428 2371 factem
1443 2296 1562 2357 terrm.
1583 2292 1654 2371 (Ps.
1672 2295 1743 2369 103,
1758 2292 1819 2371 30).

213 3313 376 3375 munditia
392 3314 610 3390 designatur:
626 3316 740 3386 cumo,
757 3313 836 3390 quia
857 3312 1010 3385 interior,
1067 3314 1210 3388 Domini,
1233 3314 1290 3390 qui
1308 3312 1468 3390 superbos
1491 3312 1661 3383 humiliat,
1680 3314 1715 3373 et
1730 3309 1854 3388 peccata
1941 3388 1942 3391 Ἴ

215 3412 249 3473 et
267 3411 417 3472 exterior
439 3411 645 3486 designatur.
661 3413 736 3488 Ipsa
751 3410 877 3472 texitur
891 3414 930 3471 tu
947 3424 1011 3472 oc·
1066 3413 1243 3482 incinerat,
1259 3411 1314 3472 cui
1328 3409 1506 3487 respondet
1520 3410 1701 3486 paupertas
1715 3406 1854 3485 spiritus.

214 3513 297 3579 tum,
315 3509 352 3569 ut
366 3513 509 3584 ponatur
528 3508 563 3569 in
584 3508 684 3569 malo.
701 3508 819 3569 velum
833 3507 868 3568 in
883 3507 1013 3569 sinibus
1067 3511 1156 3572 idest
1170 3508 1359 3581 bumilitas3
1374 3507 1461 3568 unde
1475 3507 1509 3567 in
1521 3505 1759 3568 Ecclesiastico
1771 3501 1855 3580 (nal

215 3605 286 3666 suis
310 3605 438 3683 recipit
454 3607 601 3677 ventum,
626 3606 661 3666 et
686 3605 735 3667 ita
768 3605 874 3667 fertur
898 3604 1011 3676 naris,
1067 3606 1162 3685 etas)
1180 3627 1187 3665 :
1205 3606 1344 3667 «Timor
1366 3603 1498 3666 Domini
1509 3603 1651 3681 expellit
1669 3602 1853 3680 peccatum:

216 3702 317 3764 aliter
344 3718 410 3763 non
426 3702 559 3764 reniret
579 3700 621 3763 ad
646 3703 776 3778 portum
793 3702 940 3778 optatum
955 3722 962 3760 ε
980 3703 1014 3763 et
1069 3721 1145 3765 nam
1156 3704 1212 3781 qui
1226 3703 1299 3763 sine
1313 3703 1433 3764 timore
1448 3704 1510 3771 est,
1527 3717 1593 3763 non
1613 3701 1737 3777 poterit
1745 3695 1855 3775 justit·

216 3799 253 3860 in
264 3799 394 3861 sinibus
409 3799 581 3862 munditiae
600 3800 762 3876 recipitur
774 3801 894 3861 ventus
906 3799 1015 3875 Spiri—
1068 3802 1150 3875 cari;
1165 3804 1227 3862 »et
1239 3800 1339 3877 paulo
1353 3800 1431 3861 ante
1446 3798 1543 3878 (ibid.
1556 3801 1584 3869 1,
1603 3800 1685 3860 liet
1698 3796 1751 3877 18)
1767 3793 1854 3855 :cii-

215 3898 270 3958 tus
293 3897 417 3967 Sancti,
441 3897 528 3959 sicut
548 3898 667 3958 ventus
688 3897 724 3957 in
738 3897 829 3971 relo;
846 3898 879 3958 et
892 3911 932 3957 eo
947 3912 1015 3958 mc·
1068 3914 1142 3960 mor
1153 3898 1296 3970 Domini,
1313 3896 1462 3958 scientia
1477 3895 1691 3971 religiositas.
1712 3890 1854 3968 Religio-

216 3993 330 4054 diante
353 3993 501 4055 delentur
523 3994 622 4055 naris
649 3993 690 4055 ud
724 3996 855 4071 portum
882 3994 1011 4056 salutis.
1068 3996 1151 4057 sitas
1174 3993 1350 4064 custodiet,
1378 3991 1755 4069 susurratricem.»
1782 3991 1853 4049 Item

216 4089 469 4168 «Hyacinthus,
496 4093 531 4153 et
554 4106 701 4168 purpura
716 4090 758 4153 de
776 4089 897 4153 insulis
920 4090 1013 4152 Elisa
1068 4092 1156 4170 ignis
1170 4090 1377 4163 consolidat3
1391 4091 1424 4151 et
1440 4089 1622 4151 secundum
1640 4089 1705 4150 boc
1718 4100 1854 4163 respon·

215 4187 305 4251 tactu
327 4189 406 4250 sunt
429 4188 673 4266 operimentum
696 4190 802 4250 tunm.
818 4204 836 4248 s
852 4170 1015 4265 iserbya-
1068 4191 1123 4251 det
1137 4189 1225 4251 dono
1245 4187 1391 4265 pietatis,
1407 4190 1503 4265 cujus
1514 4186 1620 4249 virtus
1638 4188 1690 4248 est
1703 4196 1851 4246 mansue·

215 4288 378 4358 cinthum,
401 4287 535 4352 coeleste
563 4287 766 4353 desiderium
780 4309 787 4346 ι
802 4288 868 4347 Per
888 4301 1015 4362 purpu-
1067 4286 1160 4356 tudo,
1168 4284 1297 4362 quesita
1308 4283 1460 4345 homines
1470 4282 1667 4354 consolidat,
1675 4282 1760 4360 quod
1770 4277 1853 4340 nulla

215 4401 288 4447 ram
310 4386 454 4447 imitatio
468 4385 645 4447 dominica
664 4383 831 4461 passionis
850 4382 1014 4459 intelligi·
1067 4384 1205 4459 injuria,
1228 4381 1282 4444 rel
1307 4380 1507 4444 contumelia
1528 4372 1852 4457 possuntirritariad

214 4484 280 4545 tur.
301 4485 382 4544 Haec
396 4482 518 4545 debent
531 4497 606 4543 esse
628 4481 820 4542 indumenta
841 4479 1010 4542 Ecclesia.
1068 4480 1211 4553 malum;
1238 4478 1326 4541 unde
1341 4476 1474 4557 (Mattb.
1490 4480 1521 4549 5,
1535 4475 1568 4556 4)
1583 4478 1731 4539 :cssaati
1752 4475 1852 4541 mites,

215 4578 342 4642 Debent
366 4594 443 4641 esse
468 4583 576 4651 Elbo,
598 4579 676 4656 quia
693 4594 808 4640 omnes
823 4578 955 4646 fluctus,
980 4579 1015 4641 et
1068 4578 1225 4654 quoniam
1246 4575 1314 4652 ipsi
1336 4575 1554 4652 possidebunt
1579 4577 1745 4636 terram.»
1770 4571 1853 4632 Mitis

214 4677 371 4747 ventum,
399 4677 433 4738 et
453 4676 600 4753 pluviam
622 4675 798 4738 diabolicas
818 4674 1013 4738 tentationis
1068 4676 1129 4747 est,
1156 4689 1253 4752 quem
1268 4673 1444 4751 asperitas,
1472 4673 1505 4735 et
1531 4671 1720 4734 amaritudo
1741 4666 1853 4731 mentis

205 4774 367 4839 ,debente
382 4788 419 4835 se
439 4773 617 4852 repellere,
633 4775 667 4835 et
680 4771 903 4848 confringere.
919 4773 1013 4834 Unde
1069 4787 1135 4834 non
1158 4771 1271 4842 afficit,
1295 4770 1353 4832 sed
1368 4770 1565 4848 simplicitas
1583 4769 1661 4831 fidei
1673 4769 1714 4830 ad
1731 4778 1851 4829 omnen

213 4872 276 4934 iob
298 4870 370 4950 (40,
386 4870 450 4949 24)
468 4888 475 4932 :
492 4870 691 4947 «Numquid
718 4869 839 4931 illudes
859 4869 890 4931 ei
917 4870 1014 4947 quasi
1068 4870 1228 4947 injuriam
1242 4867 1470 4929 sustinendam
1485 4868 1622 4930 instruit
1635 4867 1805 4945 patienter,
1816 4860 1852 4920 de

214 4969 281 5041 avi,
302 4973 361 5031 aut
375 4969 497 5046 ligabis
510 4983 585 5029 cum
598 4967 732 5029 aucillis
751 4967 816 5029 tuis
827 4969 870 5027 t»
886 4970 1015 5028 Secun—
1068 4982 1132 5044 qua
1157 4965 1384 5029 Ecclesiastici
1407 4964 1452 5043 (2,
1467 4967 1489 5025 2
1504 4964 1546 5025 ad
1564 4963 1597 5045 4)
1613 4986 1620 5024 :
1637 4963 1787 5041 Deprime
1800 4971 1853 5019 cor
1941 5040 1942 5045 ἵ

215 5066 292 5127 dum
308 5068 409 5128 aliam
423 5066 679 5128 translationem
698 5064 745 5145 (1)
759 5081 802 5144 2¹«
815 5067 879 5127 Aut
893 5063 1013 5140 ligabis
1067 5065 1172 5133 tuum,
1195 5063 1324 5124 scilicet
1344 5077 1405 5138 per
1430 5062 1595 5132 timorem,
1616 5064 1650 5122 et
1662 5060 1785 5121 sustine
1799 5067 1853 5132 pel·

214 5178 301 5235 euru,
324 5165 419 5241 quasi
442 5163 607 5225 infantulo
631 5164 820 5240 passerem?
847 5162 1014 5238 Saginan-
1068 5159 1356 5222 mansuetudinem
1371 5181 1379 5220 ε
1393 5158 1564 5221 etinclina
1578 5174 1695 5220 aurem
1713 5151 1851 5221 tuamet

213 5263 317 5322 turin
342 5277 381 5323 eo
397 5262 550 5323 nationes
563 5282 570 5320 r
583 5276 698 5323 omnes
713 5276 816 5321 naves
839 5275 905 5321 non
925 5262 1015 5336 pote·
1068 5258 1200 5335 suscipe
1214 5256 1316 5319 rerha
1326 5256 1526 5319 intellectus.
1544 5257 1679 5318 Sustine
1691 5252 1850 5315 sustenta·

214 5362 292 5420 runt
307 5359 435 5420 corium
461 5358 576 5419 caudae
597 5361 670 5434 ejus
689 5358 834 5434 portare.
852 5356 1015 5431 »1111131-
1067 5356 1175 5417 tiones
1201 5354 1272 5426 Dei,
1295 5356 1329 5417 et
1349 5357 1553 5431 conjungere
1579 5356 1659 5425 Deo,
1684 5346 1849 5413 scilicetin

250 5559 290 5628 (1)
310 5561 411 5618 versio
435 5575 531 5633 graeca
555 5561 629 5620 nux
651 5559 726 5633 apud
747 5559 868 5627 Bedam,
890 5559 938 5616 lib.
955 5561 1009 5627 ill,
1029 5559 1133 5632 Expoe.
1150 5558 1180 5616 iu
1199 5555 1269 5629 lob..
