3950 6200
41 287 152 358 ,eat

41 469 42 540 ἶ
106 441 214 521 pudica
225 438 337 500 mentis
347 437 514 500 maculare
527 434 863 498 nitorem.Friuolum

105 537 229 617 prolecto
252 537 301 597 est
324 535 550 612 quodcumque
579 533 731 595 mulieris
761 532 865 593 collo-

41 653 42 686 u
106 638 208 714 quium,
230 636 363 709 excepta
386 632 455 693 sola
479 631 702 704 consessione,
716 630 768 690 uel
789 630 863 690 ins-

105 733 242 794 tructione
254 729 459 803 brevissima,
468 729 567 806 Juxta
581 727 668 806 quod
684 727 783 788 saluti
800 742 863 787 ex·

104 830 184 907 pedit
211 828 262 890 vel
290 827 442 902 congruit
467 826 646 887 honestati.
676 826 754 896 Quae
776 826 863 896 sunt,

41 947 42 998 l
105 941 204 1004 maso,
217 940 289 985 cum
302 923 442 985 muliere
452 923 610 999 religioso
626 922 800 983 tractanda
811 937 866 982 ne·

41 1043 42 1074 u
103 1024 183 1099 gotia,
198 1022 261 1082 nisi
276 1038 348 1082 cnm
373 1022 523 1081 sanctam
543 1020 783 1097 poenitentiam,
811 1019 864 1079 vel

103 1120 226 1183 melioris
239 1120 315 1180 vitre
340 1119 517 1181 consilium
534 1118 693 1194 religiosa
707 1117 865 1194 petitione

41 1269 42 1298 .
102 1218 243 1295 depossiti
256 1219 306 1278 Ex
320 1215 424 1278 nimia
438 1217 619 1278 securitate
640 1216 751 1277 minus
766 1231 866 1276 cave-

41 1363 42 1392 ,
101 1315 263 1389 turbastis,
284 1316 318 1376 et
343 1313 508 1387 diabolus,
521 1313 549 1374 si
570 1313 611 1374 de
632 1329 693 1375 suo
708 1312 865 1389 capillum

41 1399 42 1436 ³
101 1412 327 1490 posthabere
351 1412 387 1472 in
410 1411 557 1482 bomine,
584 1411 649 1472 cito
671 1426 866 1472 excrescere

41 1569 42 1592 ,
101 1508 354 1572 tacitintrabem.
370 1508 660 1571 Necenimsolum
671 1508 866 1570 mortiticari

101 1607 195 1670 labem
207 1607 287 1671 uitia
300 1607 425 1682 carnis,
440 1607 500 1668 aut
513 1609 585 1683 ejus
600 1606 768 1668 incentiva
783 1605 866 1667 irae-

41 1733 42 1768 ³
101 1705 170 1780 nari;
183 1721 293 1767 rerum
319 1705 421 1767 etiam
442 1705 627 1767 exteriores
642 1718 778 1776 sensus,
806 1718 867 1781 per

41 1791 42 1794 ’
101 1818 255 1879 quosmors
277 1804 386 1865 intret
399 1802 440 1864 ad
456 1803 614 1876 animem,
633 1816 761 1865 summa
778 1801 867 1877 uigi-

100 1899 180 1963 landa
188 1901 279 1964 decet
290 1899 467 1963 custodiri.

323 2106 527 2169 connarlo
548 2108 618 2169 Vll.

135 2242 332 2317 Depeteoda
353 2247 570 2316 eleemosyna
583 2255 662 2302 cum
674 2241 810 2313 iidemu.

125 2384 278 2445 carissimi
292 2383 428 2456 tratres,
438 2384 472 2445 et
485 2382 582 2445 lilioli
597 2383 673 2455 mei,
691 2382 795 2445 nolite
807 2398 866 2443 ve-

98 2481 244 2542 recundari
258 2482 311 2544 ire
332 2497 394 2559 pro
414 2481 636 2558 eleemosyna,
652 2481 729 2558 quia
753 2479 867 2542 Domi-

97 2592 141 2638 nus
156 2595 187 2641 se
205 2596 264 2657 pro
284 2578 385 2641 nobis
410 2578 489 2641 lecit
521 2593 701 2656 pauperem
730 2578 766 2639 in
802 2578 866 2639 boc

97 2676 203 2750 nunde,
225 2681 324 2755 cujus
350 2678 503 2755 exemplo
528 2677 689 2753 elegimus
704 2676 793 2737 viam
808 2692 867 2737 ve-

97 2773 210 2836 rissimae
234 2774 447 2852 paupertatis
468 2773 642 2849 elegimus,
666 2789 732 2834 non
761 2772 865 2834 debe-

100 2884 153 2930 nus
165 2871 319 2934 conlundi
337 2886 399 2948 pro
413 2871 633 2949 eleemosynis
648 2871 708 2932 irc.
724 2871 865 2932 Arrbam

98 2968 211 3032 celestis
221 2969 433 3031 hereditatis
446 2968 643 3031 erubescere
657 2984 865 3046 nequaquam

98 3067 223 3129 conuenit
237 3068 338 3146 regni
352 3066 510 3130 caelorum
521 3065 711 3129 heredibus.
727 3068 804 3129 Haec
815 3068 867 3128 est

96 3163 163 3225 enin
179 3166 351 3230 hereditas
371 3168 499 3237 nostra,
517 3181 616 3242 quam
637 3163 816 3242 acquisivit
833 3166 866 3226 et

95 3260 203 3338 rebquit
224 3264 325 3326 nobis
351 3263 513 3324 Dominus
534 3265 632 3326 lesus
654 3261 817 3333 Christus,
834 3261 867 3322 et

94 3360 219 3422 onnibus
235 3361 309 3442 (qui
327 3377 391 3423 suo
403 3360 556 3437 exemplo
571 3359 686 3422 uivere
697 3359 815 3421 uolunt
830 3358 865 3420 in

96 3458 279 3521 uncdssima
313 3459 524 3537 paupertate.
555 3457 758 3520 inveritate
792 3455 866 3519 dico

93 3548 176 3623 sabb,
191 3554 275 3630 quod
288 3552 389 3616 multi
405 3568 447 3614 ex
456 3552 677 3615 nobilioribus
690 3554 724 3616 et
737 3551 868 3628 sapien·

94 3644 208 3711 tioribus
222 3651 328 3729 hujus
345 3650 460 3712 saeculi
475 3650 610 3714 venient
624 3649 665 3712 ad
681 3651 781 3713 istam
792 3665 867 3711 con·

94 3748 306 3822 ouauonem,
322 3750 359 3810 et
371 3763 561 3825 promagno
574 3748 702 3811 bonore
715 3748 867 3824 etgratia

94 3836 234 3908 babeburu
256 3847 310 3907 ire
335 3860 396 3923 pro
424 3845 648 3924 eleemosyna.
676 3847 743 3907 Vos
768 3860 864 3922 ergo,

94 3940 135 4012 uui
146 3942 217 4004 estis
232 3944 374 4006 illorum
388 3942 555 4018 primitiae,
570 3942 723 4004 letamini
737 3943 770 4004 et
783 3958 869 4019 gau-

99 4032 163 4110 dete,
176 4055 233 4103 nec
247 4039 405 4102 renuatis
419 4038 541 4112 lacere,
558 4056 631 4116 quae
655 4041 780 4103 sanctis
799 4040 866 4101 illis

45 4135 46 4164 ³
99 4129 223 4200 iacienda
234 4137 476 4201 transmittitis.
492 4140 540 4200 Ite
554 4152 635 4212 ergo
651 4137 865 4209 confidenter,

97 4231 226 4297 damme
239 4236 414 4313 gaudenti,
426 4249 485 4312 pro
501 4235 712 4313 eleemosyna
724 4251 800 4297 cum
814 4234 868 4296 be-

95 4329 257 4396 nedictione
274 4332 352 4402 Dei,
369 4335 410 4394 nt
423 4332 532 4409 mngis
546 4331 652 4394 libere
667 4335 701 4394 et
712 4332 866 4408 gauden-

95 4423 187 4490 crire
204 4430 333 4494 debetis
354 4445 415 4508 pro
433 4430 657 4507 eleemosyna,
676 4446 775 4506 quam
795 4430 864 4502 ille,

94 4524 136 4596 qui
148 4525 253 4589 diuina
274 4528 417 4590 numata
440 4526 578 4589 offerret
602 4528 734 4589 centum
758 4527 866 4589 dena-

95 4618 157 4691 rios.
177 4623 334 4701 quoniam
355 4624 553 4686 oraemissis
575 4639 722 4686 amorem
748 4625 819 4696 Dei,
833 4640 867 4686 a

94 4717 190 4790 quibus
223 4724 473 4799 eleemosynam
509 4721 642 4799 petitis,
681 4721 829 4784 dicentes
857 4738 864 4782 :

45 4847 47 4850 ·
93 4812 191 4879 imore
201 4821 337 4881 Domini
350 4820 410 4881 Dei
428 4818 558 4881 iacietis
572 4819 666 4880 nohis
678 4819 865 4897 eleemosy-

94 4923 164 4986 nam,
185 4921 281 4995 cnjus
304 4917 555 4993 comparatione
573 4917 659 4980 nihil
680 4920 731 4979 est
749 4918 866 4979 caelum

94 5009 119 5066 el
132 5011 219 5074 tarra.

320 5149 522 5210 COLLATIO
544 5149 630 5210 v111.

155 5281 200 5340 De
213 5281 423 5343 discretione
438 5285 636 5357 incorpore
653 5284 784 5343 aterum.

125 5408 221 5472 Fratri
236 5414 372 5490 corpori
387 5430 462 5475 cum
478 5414 680 5476 discretione
694 5414 868 5490 providen-

95 5498 156 5564 dum
170 5511 228 5579 est,
249 5508 372 5569 iratres
392 5510 592 5581 charissimi,
613 5526 654 5571 ne
673 5509 716 5571 ab
728 5526 767 5571 eo
783 5512 868 5572 tem-

95 5603 187 5670 techa
203 5606 332 5666 acediae
357 5609 613 5669 commoveatur.
640 5610 762 5670 seruus
777 5607 867 5668 enim

221 5750 339 5793 samon.
358 5752 430 5795 roan
448 5740 497 5796 vl.

428 278 535 341 PARS
554 276 717 365 TERTIA.
733 305 774 321 -
786 275 1072 337 conpellentes
1093 273 1360 363 MONASTICAE.

1652 274 1713 334 322

918 434 978 495 Dei
989 431 1024 494 in
1032 432 1245 504 comedendo,
1253 432 1286 493 et
1295 430 1450 500 bibendo,
1462 431 1495 493 et
1505 430 1711 507 dormiendo,

918 536 950 592 et
965 531 1051 592 alias
1063 531 1212 606 corporis
1227 529 1443 591 necessitates
1462 528 1634 603 sumendo,
1655 529 1714 591 de-

918 629 974 690 bet
987 646 1061 690 cum
1076 628 1276 690 discretione
1287 643 1347 689 sno
1362 628 1494 703 corpori
1505 626 1712 703 satisfacere,

919 727 1007 787 unde
1021 742 1088 787 non
1102 725 1225 788 taedeat
1248 725 1357 800 ipsum
1378 724 1530 811 vigilare,
1559 727 1592 786 et
1613 740 1712 787 reue·

919 827 1033 886 renter
1043 824 1077 884 in
1090 824 1241 886 oratione
1254 824 1443 902 persistere,
1452 822 1498 883 ita
1512 822 1597 898 quod
1608 821 1713 884 irater

920 938 1040 1000 corpus
1064 937 1131 982 non
1166 922 1276 984 valeat
1308 935 1526 991 murmurare,
1558 919 1672 981 dicens
1702 942 1710 982 :

919 1023 1021 1082 Fame
1042 1020 1172 1092 delicio,
1193 1020 1242 1081 tui
1263 1017 1415 1080 exercitii
1435 1018 1602 1078 sarcinam
1624 1018 1713 1080 ferre

919 1133 986 1180 non
999 1118 1107 1190 valae,
1124 1133 1190 1179 non
1203 1132 1337 1195 possum
1353 1117 1441 1177 stare
1456 1116 1593 1188 rectum,
1614 1119 1647 1178 et
1664 1116 1715 1178 in-

919 1218 1038 1279 sistere
1051 1215 1206 1288 orationi,
1224 1215 1334 1277 necin
1349 1212 1619 1276 tribulationibus
1629 1215 1714 1276 meis

920 1315 1039 1386 laetari,
1057 1330 1118 1376 neo
1132 1313 1200 1376 alia
1214 1313 1302 1375 bona
1317 1311 1460 1389 operari,
1478 1312 1634 1388 quianon
1656 1329 1715 1374 aa·
1821 1384 1822 1391 ἵ

918 1411 1047 1475 tisiacis
1071 1411 1264 1491 indigentiae
1290 1426 1384 1471 mere.
1413 1410 1448 1470 Si
1478 1410 1569 1469 euim
1596 1426 1714 1472 servus

920 1511 979 1572 Dei
993 1526 1068 1572 curn
1084 1510 1296 1582 discretione,
1319 1510 1352 1571 et
1366 1508 1448 1570 satis
1464 1506 1551 1569 bono
1569 1508 1715 1572 modoet

920 1608 1072 1677 honesto,
1092 1622 1152 1667 sno
1170 1606 1303 1682 corpori
1318 1603 1537 1677 satisfaceret,
1558 1605 1591 1666 et
1610 1603 1717 1668 frater

920 1719 1052 1782 corpus,
1078 1704 1107 1766 ai
1132 1705 1305 1781 postquam
1328 1702 1548 1765 sufficientem
1559 1708 1715 1768 vorasset

920 1818 1099 1873 annonam,
1133 1801 1218 1863 alias
1239 1800 1442 1873 mussitaret,
1476 1802 1631 1879 essetque
1654 1817 1716 1863 ne·

919 1901 1050 1977 gligens
1064 1901 1098 1962 et
1111 1901 1253 1978 pigrum,
1267 1900 1321 1962 vel
1337 1899 1582 1960 somnolentum
1597 1899 1632 1960 in
1643 1915 1716 1962 ora·

920 1998 1067 2060 tionibus
1081 2000 1114 2060 et
1127 1998 1265 2074 vigiliis,
1291 1997 1324 2060 et
1339 1997 1415 2059 aliis
1432 1995 1528 2058 bonis
1544 1997 1713 2073 operibus,

921 2096 1005 2158 scito
1032 2095 1162 2173 pigrum
1190 2097 1377 2173 jumentum
1410 2094 1596 2156 calcaribus
1625 2096 1716 2157 indi-

920 2209 1010 2270 gere,
1027 2196 1061 2255 et
1075 2192 1292 2255 inhaerentem
1315 2191 1455 2254 asellum
1469 2192 1638 2253 stimulum
1654 2209 1716 2254 ex·

921 2292 1042 2368 petere,
1070 2293 1149 2354 tunc
1170 2290 1268 2353 debet
1295 2290 1404 2367 ipsum
1435 2289 1600 2365 castigare
1629 2293 1716 2352 tam-

920 2404 1019 2466 quam
1041 2388 1164 2449 malum
1193 2389 1227 2450 et
1257 2388 1388 2464 pigrum
1410 2389 1618 2464 jumentum,
1657 2390 1714 2466 qui

920 2485 991 2546 vult
1004 2486 1189 2559 comedere,
1212 2485 1245 2546 et
1266 2499 1332 2546 non
1347 2484 1483 2556 lucrari,
1500 2484 1533 2546 et
1547 2499 1631 2546 onus
1647 2502 1714 2547 non

920 2585 1066 2660 portare.
1083 2583 1117 2643 Si
1132 2597 1212 2644 uero
1222 2582 1358 2660 propter
1371 2581 1519 2658 inopiam
1529 2583 1562 2643 et
1576 2598 1716 2659 pauper-

920 2682 1022 2742 tatem
1037 2680 1142 2743 lrater
1156 2696 1277 2757 corpus
1292 2678 1511 2741 necessitates
1524 2695 1602 2740 suas
1614 2680 1647 2740 in
1664 2697 1716 2742 sa·

920 2778 1024 2839 nitate
1055 2779 1088 2840 et
1113 2778 1307 2839 infirmitate
1343 2776 1467 2839 habere
1494 2793 1559 2839 non
1587 2781 1712 2855 potest3

920 2877 999 2936 dum
1013 2875 1151 2937 honeste
1173 2875 1307 2952 petierit
1330 2875 1363 2936 et
1385 2874 1558 2936 humiliter
1578 2891 1598 2937 a
1621 2892 1711 2954 prae,-

920 2974 987 3035 lato
1001 2988 1061 3034 suo
1076 2988 1190 3035 amore
1208 2972 1279 3047 Dei,
1296 2973 1329 3034 et
1344 2971 1407 3032 sibi
1424 2987 1490 3033 non
1505 2972 1615 3047 datur,
1632 2991 1712 3035 sus-

919 3072 1026 3135 tineat
1047 3086 1160 3133 amore
1182 3070 1312 3132 bomini
1334 3070 1510 3147 patienter,
1536 3071 1593 3149 qui
1614 3071 1714 3135 etiam

920 3169 1082 3231 sustinuit
1096 3184 1249 3246 quaerens
1262 3167 1319 3245 qui
1335 3183 1410 3229 eum
1426 3168 1666 3238 consolaretur,
1682 3173 1716 3233 et

919 3281 987 3328 non
1003 3265 1142 3327 inuenit.
1164 3267 1204 3326 Et
1222 3266 1294 3327 haec
1321 3266 1504 3327 necessitas
1523 3265 1586 3327 sibi
1609 3282 1627 3328 a
1648 3268 1716 3329 Do·

920 3364 1011 3425 mino
1024 3362 1207 3440 imputatur
1221 3378 1281 3440 pro
1293 3362 1464 3439 martyrio.
1487 3363 1526 3424 Et
1540 3363 1618 3440 quia
1637 3363 1715 3428 fecit

921 3461 1007 3539 qnod
1021 3477 1117 3521 suum
1130 3460 1191 3532 est,
1208 3459 1315 3532 idest,
1333 3459 1419 3536 quod
1434 3461 1529 3537 pctiit
1545 3461 1716 3524 humiliter

921 3575 1016 3624 suam
1039 3558 1283 3630 necessitatem,
1312 3560 1534 3619 exsusatura
1567 3561 1713 3638 peccato,

920 3656 1054 3719 etiamsi
1070 3670 1190 3733 corpus
1204 3655 1283 3717 inde
1296 3656 1434 3731 grauius
1444 3655 1643 3718 infirmetur.

1171 3844 1372 3905 COLLATIO
1395 3845 1451 3905 IX.

920 3981 971 4040 lte
996 3979 1185 4039 indometa
1207 3978 1427 4040 (emulatione
1450 3980 1717 4042 inabstinentia

1234 4076 1408 4150 dependo.

960 4200 1096 4261 Fratres
1111 4199 1189 4272 mei,
1204 4198 1433 4276 unusquisque
1448 4199 1637 4262 consideret
1653 4215 1717 4261 na-

920 4297 1030 4358 turam
1045 4311 1160 4356 suam:
1177 4296 1255 4372 quia
1269 4295 1349 4357 licet
1363 4294 1485 4371 aliquis
1498 4311 1541 4356 ex
1553 4295 1648 4357 vobis
1660 4314 1715 4359 va·

921 4394 989 4456 leat
1012 4392 1192 4456 sustentari
1216 4391 1368 4469 pauciori
1391 4391 1465 4453 cibo
1489 4409 1587 4470 quarn
1613 4394 1713 4468 alius,

921 4491 999 4552 nolo
1022 4492 1134 4552 tamen
1159 4488 1245 4566 quod
1265 4487 1501 4551 abundantiori
1522 4490 1596 4552 cibo
1621 4492 1715 4554 indi-

920 4603 1014 4665 gens,
1029 4586 1124 4648 illurn
1138 4587 1175 4646 in
1189 4585 1253 4646 boc
1275 4585 1400 4647 imitari
1419 4587 1556 4649 nitatur.
1574 4589 1638 4651 Sed
1653 4606 1716 4652 na·

920 4687 1031 4747 turam
1048 4698 1144 4744 suam
1167 4682 1385 4745 considerans
1406 4683 1565 4747 exhibeat
1583 4688 1715 4765 corpori

921 4798 981 4844 suo
996 4781 1227 4842 necessitatem
1243 4795 1349 4841 suam.
1367 4782 1461 4843 Sicut
1474 4783 1563 4844 enim
1579 4783 1675 4845 nobis
1694 4801 1715 4846 a

921 4879 1152 4958 superfluitate
1176 4878 1403 4953 comestionis,
1431 4895 1505 4957 quae
1526 4880 1618 4943 obest
1639 4897 1716 4943 cor-

920 4977 994 5054 pori
1014 4979 1049 5038 et
1066 4975 1199 5049 anima,
1217 4976 1369 5037 tenemur
1387 4974 1482 5037 nobis
1501 4992 1630 5050 cavere,
1666 4977 1715 5040 ita

921 5091 941 5136 a
962 5074 1067 5135 nimia
1086 5074 1298 5148 abstinentia,
1321 5074 1388 5135 imo
1412 5073 1540 5148 magis3
1556 5075 1713 5151 quoniam

921 5170 1712 5246 Deusmisericordiemvult,etnonsacriiicium.

1186 5347 1387 5409 conharlo
1408 5347 1449 5406 X.

922 5478 972 5534 De
1000 5474 1187 5535 tolerandis
1214 5471 1417 5543 giuretisper
1444 5471 1713 5535 necessitutibus.

961 5604 1163 5676 Necessitas,
1185 5601 1304 5662 iratres
1329 5600 1506 5675 carissimi,
1532 5619 1629 5678 quam
1649 5621 1715 5667 non

1496 5733 1527 5789 ll
