3950 6200
135 378 183 439 429
593 379 702 439 PARS
726 379 895 450 QUINTA.
910 411 951 428 -
969 385 1236 447 PROPHETIAE.

1677 393 1738 453 430

133 532 239 594 celibem
250 531 330 591 ritem
344 540 471 606 agentes,
486 531 589 597 eodem
603 533 651 594 die
665 535 750 595 ambo
769 536 887 598 feliciter
940 541 1020 612 juxta
1038 543 1130 600 sancti
1152 543 1206 601 virt
1225 541 1403 618 propbetlam
1427 545 1457 603 ln
1476 544 1562 605 iureis
1586 547 1690 606 misere
1708 557 1737 607 et

132 622 161 680 sd
170 621 303 680 bominum
315 622 508 695 migravemnt
517 622 568 695 (l).

353 818 558 879 PROPHE'l'lA
576 819 625 881 Xl.

173 950 388 1024 singularitatem
406 958 433 1009 et
450 952 623 1025 ippocrtstm
641 954 672 1010 in
690 953 829 1026 Religioao

275 1038 376 1098 malem
394 1057 452 1099 esse
469 1046 496 1099 et
510 1043 709 1114 pemmioaum.

942 628 1047 702 tupiter
1061 629 1136 689 diem
1149 632 1251 691 clausit
1263 641 1421 692 extremum
1435 633 1488 708 (i).

1079 782 1111 839 Β.
1131 783 1162 839 P.
1186 783 1373 844 annnclsct
1398 784 1612 846 Panniculo.

976 895 1112 968 blcqanm
1124 895 1155 953 io
1171 897 1299 954 Ecclesia
1313 899 1435 957 schisma
1448 906 1474 957 ct
1487 901 1700 961 tribulationem

1267 986 1409 1056 suturam.

977 1087 1066 1146 Paulo
1081 1095 1147 1146 ante
1161 1096 1281 1147 mortem
1297 1092 1462 1151 convocatis
1477 1091 1618 1165 iratribus,
1634 1093 1670 1153 de
1692 1096 1737 1153 tri·

152 1176 237 1232 reta
258 1171 370 1247 quidam
392 1182 464 1245 eret,
489 1183 627 1248 quantum
653 1176 780 1234 exterius
805 1176 884 1234 vide·
941 1175 1134 1235 halationibus
1148 1176 1248 1236 tuturis
1262 1193 1313 1236 eos
1328 1179 1485 1251 admonuit,
1501 1181 1616 1241 dicens:
1635 1184 1734 1243 ‹Viri-

124 1262 202 1333 brtur,
219 1264 361 1321 sanctitate
384 1265 548 1337 praeclarus,
573 1267 792 1324 conversatione
816 1267 885 1323 insi·
941 1263 1005 1322 liter
1020 1265 1107 1339 agite,
1124 1264 1235 1337 tratres,
1258 1266 1468 1338 contortemini,
1480 1277 1508 1327 et
1522 1271 1659 1333 sustinete
1678 1275 1735 1331 Do·

124 1352 184 1426 gnis,
204 1358 293 1410 tamen
311 1350 462 1410 admodum
484 1353 649 1427 singularis,
665 1355 886 1429 omnitempore
942 1354 1062 1409 minum.
1075 1354 1181 1427 blagna
1196 1353 1386 1413 tribulationis
1409 1365 1437 1415 et
1458 1356 1620 1417 albictienis
1634 1360 1737 1419 adesse

124 1439 224 1498 omioni
237 1455 350 1510 vacans,
372 1448 450 1501 tante
472 1440 647 1501 distrlctione
670 1443 815 1501 silentium
833 1443 884 1501 ob·
942 1439 1077 1499 festinant
1089 1450 1229 1515 tempora,
1243 1443 1272 1500 in
1287 1444 1390 1516 quibus
1406 1446 1637 1518 temporaliterct
1650 1449 1734 1521 spiri·

123 1526 241 1597 servabat,
256 1526 330 1601 quod
347 1536 538 1587 consueverat
552 1544 609 1588 non
628 1529 723 1588 verbis
746 1527 797 1587 scd
816 1530 886 1587 nuti·
940 1530 1055 1588 tualiter
1078 1531 1280 1605 perplexitates
1305 1539 1333 1591 et
1358 1532 1522 1593 discrimina
1548 1535 1736 1607 inundabunt,

123 1615 299 1674 buscondteri.
322 1616 434 1675 Accidit
448 1625 542 1676 autem
564 1626 695 1677 sanctum
722 1620 834 1677 Patrem
850 1617 885 1676 ad
940 1618 1046 1676 caritas
1066 1619 1218 1677 multorum
1241 1620 1470 1695 refrigesceret
1496 1623 1738 1697 superabundabit

50 1704 51 1707 ’
121 1703 195 1762 loma
215 1706 328 1777 renire,
351 1706 450 1765 videre
472 1706 599 1778 tratrem,
624 1715 653 1765 et
677 1706 713 1766 de
734 1708 797 1781 ipso
819 1723 885 1766 cum
940 1707 1081 1765 malorum
1093 1707 1238 1781 iniquitas.
1250 1710 1417 1767 Demonum
1429 1718 1556 1783 potestas
1575 1713 1639 1787 plus
1653 1714 1737 1771 solito

121 1792 278 1853 ribbabere
299 1811 475 1855 sermonem.
498 1795 768 1857 commendantibus
789 1803 884 1854 eutem
939 1796 1075 1865 solvetur,
1087 1804 1192 1854 nostrae
1207 1797 1365 1871 Religionis
1378 1806 1406 1855 et
1420 1799 1540 1857 alierum
1557 1802 1665 1874 puritas
1681 1802 1734 1859 irn-

120 1880 230 1940 onnibus
245 1888 280 1941 et
293 1885 547 1960 magnificantibus
565 1886 655 1957 illum,
680 1885 829 1959 respondit
843 1887 886 1943 vir
940 1884 1083 1942 maculata
1110 1883 1329 1956 deformabitur,
1364 1889 1393 1944 in
1420 1895 1531 1946 tantum
1562 1890 1637 1962 quod
1668 1904 1737 1948 vero

118 1970 198 2026 brit«
216 1973 312 2042 Sinite,
335 1981 365 2032 et
385 1982 493 2048 tacete,
514 1973 626 2045 iratres,
651 1990 688 2033 ne
709 1974 780 2032 mihi
801 1976 830 2032 in
850 1990 885 2032 eo
939 1972 1058 2029 Summo
1072 1973 1202 2033 Pontifici
1224 1982 1254 2032 et
1272 1975 1407 2034 Ecclesiae
1422 1977 1559 2035 Romana
1571 1978 1737 2051 pauclssimi

118 2056 232 2118 diabolica
243 2061 379 2136 ligmeuta
388 2063 519 2122 laudetis.
533 2066 566 2123 lu
575 2066 692 2122 veritate
702 2065 800 2122 sciatis
809 2063 884 2139 qnod
939 2074 974 2118 ex
990 2059 1158 2121 Christiania
1168 2077 1238 2120 vero
1253 2063 1339 2121 corde
1351 2072 1380 2121 et
1394 2062 1511 2123 caritate
1527 2065 1651 2138 perfecta
1672 2066 1738 2124 obe·

117 2145 230 2207 debebas
249 2152 369 2210 tentatio
392 2160 446 2223 est,
469 2161 498 2211 er
516 2152 647 2228 deceptio
661 2152 849 2212 fraudulenta,
870 2174 881 2203 s
938 2145 1038 2206 dieat:
1058 2149 1169 2222 Aliquis
1186 2164 1244 2207 non
1268 2152 1406 2208 cononice
1421 2152 1539 2221 electus,
1564 2153 1594 2210 in
1617 2154 1736 2211 articulo

117 2236 175 2294 bure
186 2236 237 2297 boc
250 2248 425 2314 acceperunt
448 2240 559 2313 tratres,
579 2251 726 2315 tamquam
747 2242 882 2315 impossi·
938 2235 1130 2295 tribulationis
1144 2239 1219 2295 bitus
1241 2237 1277 2295 ad
1295 2241 1434 2311 Pepetum
1449 2250 1622 2314 assumptus,
1639 2243 1736 2300 multis

115 2321 157 2382 bite
178 2326 349 2401 perpaucos,
379 2330 456 2403 quod
483 2338 525 2389 rot
559 2330 743 2407 perfectionis
770 2330 883 2389 indietis
939 2331 1060 2383 mertem
1075 2324 1119 2383 sul
1135 2327 1240 2384 erroris
1253 2328 1412 2400 sagacitate
1424 2329 1576 2401 propinare
1592 2330 1732 2388 molietur.
1782 2362 1784 2375 ι

116 2409 200 2469 laudis
216 2430 247 2473 se
266 2425 432 2476 commenta
457 2416 609 2477 luscarent.
623 2422 729 2479 verum
747 2434 804 2497 nep
819 2425 883 2493 post
938 2415 1017 2471 Tunc
1032 2414 1294 2489 multiplicabuntur
1312 2415 1459 2487 seandala,
1482 2425 1577 2474 nostra
1593 2415 1734 2477 dividetur

114 2500 289 2576 multosdies,
315 2521 352 2564 ao
372 2506 553 2582 Religionem
576 2522 712 2582 egresso.
735 2508 883 2566 evidenter

114 2593 230 2662 appamit,
242 2602 348 2667 quanta
368 2596 521 2654 luculentia
543 2595 687 2655 interioris
702 2597 821 2657 intuitus
839 2599 883 2657 vir

113 2677 151 2736 bei
161 2681 247 2741 cordis
260 2683 324 2757 ejus
333 2693 445 2744 secreta
459 2687 603 2760 perspexit
616 2685 667 2759 (2).

338 2891 545 2952 Paornnnrn
563 2891 627 2952 nn.
669 2936 673 2943 -

133 3019 297 3083 dordinoleos
312 3025 467 3084 Osticmsro
478 3026 509 3084 in
523 3028 631 3100 Papam
642 3028 849 3085 cssomocdnm.

46 3183 47 3186 ¹
134 3164 271 3226 murnum
292 3169 482 3243 Bugellnum,
504 3170 679 3230 cardinalem
706 3171 878 3242 Ostiensem,

46 3275 47 3278 ¹
108 3262 221 3327 mamre
238 3265 301 3317 erat
326 3273 445 3317 summa
466 3259 677 3318 necessitudine
699 3260 878 3334 conjunctus,

107 3341 214 3411 predixit
231 3348 380 3407 multoties
399 3349 428 3406 in
451 3349 590 3422 Papatum
611 3349 833 3419 sublimandum,
849 3350 879 3407 in

46 3455 47 3460 1
107 3432 216 3491 omnbus
229 3436 372 3504 litterariis,
385 3452 456 3511 quas
467 3437 503 3496 ed
518 3453 583 3497 eum
593 3437 744 3512 dirigebat,
753 3439 880 3512 prescri-

106 3517 186 3582 bens:
211 3527 317 3585 thuro
346 3526 424 3584 Patri
447 3528 590 3596 Gentium,
619 3535 649 3585 et
669 3527 825 3586 venerabili
848 3527 878 3585 in

106 3606 196 3670 maso
218 3614 346 3673 Antistiti
362 3616 448 3673 tetius
472 3615 582 3684 mundi,
604 3623 673 3686 ete,
699 3616 775 3689 quod
794 3624 823 3675 et
836 3618 877 3675 rei

105 3697 261 3762 conmmanit
271 3711 407 3773 eventus,
422 3718 489 3761 nem
503 3705 694 3775 Honestam,
714 3706 744 3764 in
758 3704 875 3763 Pontib-

104 3793 306 3864 anarccessit,
317 3800 349 3851 et
365 3791 521 3866 Gregorius
538 3794 580 3852 lx
593 3800 638 3852 est
648 3794 807 3867 appellatus
822 3789 875 3868 (3)ss

322 3998 532 4058 Pnonflnmn
551 4000 632 4059 Xlll.

211 4131 356 4190 &dinam
367 4136 512 4204 apostatas
524 4133 599 4190 mals
612 4133 739 4193 interire.

127 4269 186 4331 cru
207 4289 257 4348 per
270 4275 408 4349 Apuliam
426 4282 607 4349 peregrmet,
634 4275 749 4336 obvium
777 4275 876 4335 habuit

103 4361 231 4429 murra
253 4366 300 4423 sui
317 4363 438 4423 Ordinis
458 4371 629 4437 apostatam,
655 4366 703 4437 qui
726 4365 763 4424 sd
783 4367 875 4424 sancti

103 4446 142 4505 nri
155 4451 234 4524 pedes
245 4468 278 4511 se
303 4453 436 4530 projecit,
453 4459 482 4510 et
503 4454 655 4526 apostasia
669 4455 784 4512 reniam
796 4457 877 4528 petiit

102 4531 232 4599 humiliter.
242 4542 294 4602 cul
305 4541 408 4599 beatus
417 4542 501 4601 Pater
512 4538 607 4599 lurces
618 4542 800 4616 ereglonein
813 4544 875 4602 loce

101 4624 202 4696 modam
216 4630 402 4688 eminentiori
413 4631 520 4702 positas
529 4629 754 4700 ostendeus,ait:
768 4633 875 4691 «Rode

100 4711 218 4776 tlmsam
229 4719 306 4778 hanc
316 4718 369 4777 tibi
380 4716 523 4789 modone,
535 4718 571 4777 ad
584 4719 763 4793 Religionem
774 4736 872 4795 regre-

100 4797 166 4876 dere;
178 4806 226 4864 sed
244 4822 319 4866 eave
332 4807 384 4866 tibi
400 4825 407 4865 :
427 4808 452 4865 si
463 4807 541 4865 onim
560 4808 663 4866 iterum
680 4806 808 4867 habitum
828 4826 873 4868 re·

97 4887 191 4965 imas,
204 4904 253 4955 eut
262 4895 400 4955 Ordinem
412 4896 529 4965 exieris,
543 4896 573 4953 io
584 4894 672 4954 iureis
682 4896 738 4954 illis
752 4912 872 4972 suspen·

99 4974 168 5039 lab.
193 4983 265 5042 »Ad
289 4984 427 5044 Ordinem
450 4984 534 5042 rediit
557 4984 762 5058 apostata,sed
782 4986 875 5045 inille

96 5063 162 5127 brea
173 5075 309 5132 remanat
326 5073 393 5131 :eui
407 5072 506 5146 paucis
517 5070 619 5130 diebus
628 5061 779 5147 postqum
794 5075 872 5133 rale-

96 5149 162 5226 dna,
184 5157 320 5218 ddicmm
343 5158 457 5240 aliquod
481 5160 634 5230 mmmisit,
659 5168 774 5235 propter
799 5162 874 5235 quod

138 5298 150 5352 l
179 5301 260 5370 Bou,
276 5299 360 5384 ibid,
375 5307 440 5375 poet
458 5300 535 5360 med.

134 5367 149 5422 t
177 5372 257 5453 Bon,
281 5371 337 5455 ιζ),
374 5385 455 5430 arum
475 5381 541 5430 ante
566 5371 669 5445 flnem3
695 5376 727 5432 b.
753 5375 871 5448 Antea,

96 5433 129 5493 lll
156 5442 333 5528 .,llat.,trt.
366 5444 393 5513 3,
408 5457 434 5500 c.
448 5444 543 5518 ΙΙΙ.

124 5509 133 5576 l
174 5514 278 5596 Pusam,
289 5514 341 5597 lib.
352 5516 390 5579 ΙΙ,
406 5515 550 5587 tonsam.
566 5515 592 5572 b.

124 5579 149 5647 (Ι
174 5583 531 5713 P¹⁸³¹¹36¹¹b·1¹2⁶⁰'¹l·⁶·

125 5650 869 5800 maestificari.e3uarc.‚1p.‚m.n,e.sr.

938 2501 1060 2575 Religio,
1069 2502 1165 2576 plures
1177 2517 1212 2560 ex
1227 2503 1290 2562 aliis
1301 2502 1604 2579 omninolrangentur,
1613 2522 1649 2564 ee
1658 2506 1733 2579 qued

937 2604 995 2648 non
1017 2590 1223 2662 contradicent,
1252 2590 1302 2650 sed
1323 2594 1504 2651 consentient
1524 2594 1622 2653 errori.
1641 2597 1733 2653 Erunt

936 2679 1088 2753 opiniones
1114 2687 1144 2738 et
1168 2679 1324 2739 schismata
1339 2688 1381 2739 tot
1403 2688 1433 2739 et
1459 2689 1536 2741 tanta
1566 2683 1594 2741 in
1615 2684 1731 2757 populo,

935 2775 964 2826 et
989 2769 1019 2826 ln
1041 2768 1196 2844 religiosis,
1222 2776 1252 2827 et
1275 2770 1308 2827 in‘
1323 2770 1438 2841 clerico,
1458 2771 1534 2844 qnod
1555 2772 1610 2829 nisi
1628 2772 1730 2831 abbre-

934 2857 1081 2915 viarentur
1111 2856 1174 2916 dies
1203 2858 1243 2917 illi
1272 2859 1352 2932 iuxta
1377 2859 1499 2919 verbum
1524 2862 1731 2934 Evangelieum

936 2946 979 3019 (si
999 2946 1060 3005 lteri
1080 2947 1193 3024 posset)
1219 2949 1249 3005 in
1275 2963 1400 3005 errorem
1422 2948 1624 3009 inducerentur
1645 2950 1731 3008 etlam

934 3034 1028 3107 electi,
1041 3036 1096 3094 nisi
1110 3036 1139 3092 in
1155 3043 1233 3094 tanto
1256 3035 1369 3094 turbine
1393 3052 1427 3093 ex
1449 3037 1589 3095 immensa
1612 3038 1724 3097 miseri·

934 3124 1031 3183 cordia
1046 3124 1097 3182 Dei
1112 3132 1289 3199 regerentur.
1306 3124 1416 3199 Regula
1431 3132 1460 3183 et
1470 3127 1529 3184 vita
1551 3133 1647 3184 nostra
1664 3133 1732 3186 tunc

934 3226 950 3270 e
977 3212 1148 3286 quibusdam
1172 3214 1310 3272 acerrime
1338 3213 1563 3287 impugnabitur.
1585 3215 1727 3288 Superve-

934 3302 1013 3360 nient
1027 3303 1199 3359 tentationes
1214 3301 1373 3359 immensa.
1389 3302 1442 3371 Qui
1457 3308 1525 3359 tune
1539 3299 1642 3360 luerint
1661 3319 1728 3377 pro·

933 3389 1001 3460 bati,
1016 3389 1157 3464 accipient
1167 3403 1304 3447 coronam
1316 3390 1392 3448 rita.
1408 3390 1459 3447 Vae
1483 3397 1578 3448 autem
1601 3389 1666 3462 illis,
1680 3393 1730 3465 qui

932 3476 969 3536 de
982 3478 1044 3536 sola
1054 3492 1106 3551 spe
1120 3477 1269 3551 religionis
1282 3476 1382 3535 confisi
1398 3483 1555 3551 tepescant,
1572 3493 1629 3537 non
1640 3480 1727 3538 resis-

932 3571 994 3624 tent
1018 3573 1181 3623 constanter
1208 3565 1432 3635 tentationibus,
1460 3565 1496 3624 ad
1528 3565 1726 3639 probationem

932 3655 1088 3713 electorum
1100 3654 1258 3728 permissis.
1271 3653 1325 3723 Qui
1338 3667 1408 3711 vero
1421 3654 1523 3727 spiritu
1540 3652 1683 3714 lerientes
1693 3672 1729 3714 ex

931 3743 1050 3801 caritate
1062 3749 1091 3800 et
1110 3742 1172 3799 zelo
1188 3742 1317 3800 veritatis
1335 3739 1524 3800 adherebunt
1537 3743 1645 3817 pietati,
1662 3751 1725 3802 ten·

931 3843 1018 3904 quam
1033 3830 1232 3889 inobedientes
1245 3837 1274 3888 et
1286 3829 1462 3888 schismatici
1471 3833 1685 3904 persecutiones
1697 3841 1727 3891 et

930 3920 1051 3994 injurias
1064 3918 1255 3978 sustinebunt.
1270 3917 1344 3978 Nem
1358 3927 1563 3992 persequentes
1575 3935 1649 3980 eosa
1663 3937 1724 3981 ma·

930 4008 1019 4082 lignis
1032 4007 1179 4082 spiritibus
1193 4008 1305 4083 agitati,
1323 4023 1462 4082 magnum
1477 4024 1543 4068 esse
1557 4010 1726 4084 obsequium

930 4097 983 4155 Dei
995 4096 1101 4168 dicent,
1116 4104 1177 4156 tem
1195 4097 1362 4171 pestilentes
1373 4096 1506 4156 homiues
1523 4099 1684 4158 interlicere
1698 4109 1727 4160 et

930 4183 1027 4244 delere
1038 4183 1075 4245 de
1089 4192 1174 4244 terre.
1186 4185 1248 4243 Erit
1266 4191 1362 4243 autem
1377 4192 1447 4244 tune
1459 4184 1603 4261 retugium
1614 4186 1726 4247 eltiictis

930 4273 1724 4351 bomlnrrs,etselrebiteos,quiasperavsruntlncotti).

930 4365 965 4420 Et
976 4369 1008 4420 ut
1017 4377 1071 4421 suo
1078 4363 1164 4435 capiti
1178 4360 1403 4431 conformentur,
1411 4361 1578 4420 fiducialiter
1588 4372 1686 4438 agent,
1698 4374 1727 4424 et
1748 4382 1752 4390 ¹

930 4458 1126 4524 permertem,
1139 4450 1229 4508 vltam
1252 4456 1414 4507 mercantes
1434 4456 1582 4519 aeternam,
1608 4453 1725 4513 obedire

930 4542 992 4598 Deo
1004 4539 1099 4613 magis
1115 4552 1202 4612 quam
1223 4536 1388 4594 bominibus
1402 4537 1525 4611 eligent;
1549 4547 1724 4613 ermonem,

930 4629 1060 4686 nolentes
1081 4626 1245 4684 consentire
1259 4624 1374 4684 lmmmti
1395 4632 1424 4683 et
1443 4626 1580 4699 pertidia,
1603 4631 1723 4689 nullate·

930 4731 985 4775 nus
998 4713 1200 4774 formidabant.
1214 4715 1328 4775 Veritas
1341 4721 1409 4772 tuuc
1427 4730 1444 4776 e
1465 4716 1636 4789 quibusdam
1651 4735 1724 4792 prse-

929 4803 1103 4864 dicateribus
1114 4803 1257 4876 operietur
1270 4803 1397 4873 silentio,
1418 4803 1455 4861 eb
1473 4805 1538 4863 aliis
1558 4807 1724 4865 conculcata

929 4891 1092 4967 negabitur.
1108 4893 1181 4951 Vitae
1194 4892 1333 4950 sanctitas
1347 4907 1363 4950 a
1379 4892 1438 4950 suis
1453 4891 1660 4965 prolessoribus
1670 4894 1723 4952 ba·

928 4980 1040 5042 bebitur
1054 4981 1084 5038 in
1099 4979 1236 5050 densum,
1258 4994 1348 5053 quare
1361 4978 1483 5054 digmm
1498 4995 1555 5038 nou
1568 4989 1723 5054 pastorem,

928 5068 980 5127 sed
1005 5069 1257 5132 exterminatorem
1278 5069 1371 5128 mittet
1393 5068 1450 5128 illis
1474 5069 1614 5127 bominum
1640 5072 1725 5128 lesus

928 5157 1081 5220 matus»
1104 5156 1157 5232 (6).

929 5300 1028 5357 Plures
1039 5296 1076 5356 de
1096 5297 1152 5355 hac
1166 5297 1318 5371 Prophetis
1342 5306 1473 5368 tractant,
1490 5299 1564 5356 inter
1581 5315 1652 5373 ques
1665 5316 1722 5360 rron

927 5376 1050 5440 constet,
1072 5383 1109 5426 an
1121 5369 1182 5442 iam
1194 5370 1335 5441 completa
1346 5370 1393 5439 sit,
1407 5385 1444 5426 an
1459 5384 1527 5427 vero
1542 5370 1635 5429 adbuc
1647 5386 1724 5431 com·

928 5441 1042 5515 pienda.
1056 5441 1169 5498 blercus
1182 5441 1452 5522 Ulyssipeuenssit.
1462 5448 1491 5497 et
1502 5442 1560 5524 alii,
1570 5442 1615 5499 bis
1628 5442 1722 5501 verbis

928 5511 1095 5586 praedixisse
1105 5511 1197 5567 virum
1206 5513 1257 5567 tter
1267 5510 1417 5592 veluntma
1443 5512 1720 5572 nnmrltudsentsma

927 5581 1123 5712 qumqu'gni‘
1149 5589 1212 5655 post
1236 5581 1405 5640 electionem
1454 5580 1534 5639 rbani
1555 5583 1652 5652 Vl,ad
1666 5601 1717 5642 au·

927 5669 996 5712 num
1082 5695 1088 5708 .
