3950 6200
101 298 145 365 629
422 283 530 356 PARS
558 291 704 356 PRIMA.
725 321 766 340 ·-
785 293 1005 356 EXPOSITIO
1035 294 1080 360 lii
1109 294 1311 357 Psanites.
1630 298 1690 359 630

101 455 187 532 iouh,
210 457 239 518 et
262 452 457 531 marcenae
486 451 641 527 salietur,
670 467 713 515 ne
741 439 788 514 ln'
801 468 842 515 ea
896 451 1252 532 aoelpluntaoomino
1268 451 1368 518 etiam
1387 455 1423 516 in
1437 454 1688 533 temporalibus,
1741 531 1742 536 Ἰ

100 556 216 621 orianhu
241 565 362 614 vermes
386 549 680 627 concupiscentlae3
707 556 741 612 et
765 549 843 627 igne
896 551 954 613 sed
982 567 1049 614 non
1073 553 1208 631 prodest
1234 552 1299 627 eis3
1326 552 1360 614 et
1381 565 1442 629 per
1466 553 1530 614 hoc
1556 553 1688 616 subdit:

101 648 279 717 titulationis
295 646 563 720 consolidabitur,
586 659 629 709 ne
648 646 787 719 diffluat,
809 649 843 709 et
896 645 1185 711 «confundemini
1198 666 1217 711 a
1230 648 1393 712 fructibus
1407 650 1540 722 vestris,
1555 650 1710 727 propter,

65 785 67 818 ς
101 744 398 812 duolrmurdeliciis
416 744 596 806 mundanae
617 743 747 821 gloriae.
771 746 842 806 Hoc
897 745 982 808 iram
1004 746 1128 809 furoris
1152 747 1294 809 Domini.
1311 764 1330 807 r
1349 750 1450 809 Amos
1471 744 1689 826 (6,1ad6):

65 861 67 922 l
100 848 134 909 ert
149 845 259 923 pactum
279 841 358 904 salis
376 857 488 904 coram
504 843 656 915 Domine,
672 842 759 920 quod
780 841 843 903 dlii
895 845 986 905 ‹vae
1006 843 1111 916 vohis,
1133 843 1191 921 qui
1207 843 1355 921 opulenti
1376 844 1458 907 estis
1474 843 1510 905 in
1537 843 1630 915 Sion,
1656 843 1691 904 et

65 929 67 936 ’
100 940 227 1006 lamara
241 954 380 1002 serrare.
896 941 1063 1003 confiditis
1076 940 1688 1018 inmontasamariae:optimatesca·

127 1038 337 1115 sedquoniam
359 1035 441 1099 dicit
469 1036 646 1114 Apostolus
670 1033 777 1114 prima
800 1035 842 1097 ad
896 1037 965 1115 pita
975 1038 1184 1116 populorum,
1198 1038 1424 1116 ingredientes
1434 1038 1620 1116 pompatice
1634 1038 1691 1100 do·

65 1157 66 1162 ¹
99 1135 262 1200 Timotheum
285 1132 330 1213 (b,
356 1132 431 1211 17)=
458 1148 477 1194 a
499 1133 561 1207 Qui
582 1133 668 1196 hene
695 1134 842 1211 praesunt
896 1151 986 1197 mum
1002 1136 1116 1197 Israel.
1132 1135 1287 1198 Transito
1300 1133 1333 1197 in
1347 1135 1505 1205 chalane,
1521 1131 1688 1207 etvidete,

100 1230 250 1311 presbyteri,
262 1229 383 1307 duplici
395 1230 522 1292 honore
536 1230 629 1306 digni
643 1228 840 1304 habeantur,
896 1232 989 1296 etita
1003 1231 1081 1294 inde
1094 1234 1129 1294 in
1139 1233 1258 1295 Emath
1268 1248 1423 1309 magnam
1435 1254 1443 1293 ε
1457 1234 1491 1296 et
1500 1231 1690 1295 descendite

99 1327 301 1406 atnaximequi
311 1327 465 1389 laborant
476 1328 512 1387 in
523 1326 686 1401 doctrina,
698 1329 731 1389 et
740 1325 841 1390 verho
895 1329 1690 1407 inGethPalaesthinorum,etadoptimaquaeque

99 1427 154 1488 hei:
164 1424 228 1486 ideo
238 1424 314 1487 dicit
323 1425 481 1486 Dominus
493 1423 528 1485 in
540 1423 707 1497 Numeris,
725 1423 841 1486 eodem
895 1441 999 1503 regna
1012 1441 1148 1488 eorum:
1164 1427 1194 1487 si
1208 1426 1309 1489 latior
1319 1425 1482 1488 terminus
1493 1439 1609 1488 eorum
1621 1428 1691 1488 ter-

99 1520 325 1601 capita(r.12):
345 1524 483 1584 Omnem
505 1520 685 1585 medullam
708 1520 786 1596 olei,
809 1521 843 1584 et
895 1523 987 1586 mino
999 1524 1110 1586 vestm
1126 1525 1188 1587 est
1207 1524 1271 1597 Qui
1285 1523 1431 1600 separati
1446 1523 1527 1585 ostia
1542 1521 1689 1594 indiam

98 1621 156 1692 dni,
167 1619 194 1681 el
206 1619 351 1680 rumenti
365 1618 440 1681 dedi
460 1617 533 1694 tihi,
549 1619 582 1680 et
596 1615 755 1697 quidquid
772 1618 843 1696 pri·
895 1619 1032 1694 malum,
1048 1621 1082 1683 ct
1093 1621 1368 1699 appropinquatis
1383 1620 1469 1683 solio
1486 1619 1684 1697 iniquitatis.

97 1716 224 1779 nitiarum
245 1715 397 1778 oderunt.
418 1732 437 1775 r
459 1715 580 1777 Clerici
600 1715 689 1777 anim
712 1715 842 1778 medul-
896 1717 958 1791 Qui
973 1717 1125 1790 dormitis
1137 1718 1173 1778 in
1186 1718 1283 1780 lectis
1295 1716 1464 1789 eburneis,
1479 1717 1513 1779 et
1523 1715 1687 1779 lascivitis

97 1812 269 1888 lamhahent3
290 1812 349 1875 alii
371 1828 437 1874 non
459 1813 526 1874 nisi
548 1811 729 1875 corticem:
746 1812 841 1877 Unde
893 1814 931 1875 ln
944 1813 1059 1878 stratis
1073 1814 1204 1887 vestris,
1218 1815 1252 1877 et
1264 1813 1312 1895 (2)
1323 1813 1497 1878 comeditls
1508 1829 1631 1891 agnum
1646 1814 1688 1876 de

97 1911 141 1987 ipsi
157 1910 346 1988 impinguati,
371 1910 562 1983 incrassati,
584 1912 617 1973 et
637 1909 767 1974 dilatati
784 1926 842 1974 re-
894 1925 1008 1988 grege
1024 1910 1191 1974 stridulos
1206 1911 1247 1973 de
1260 1911 1370 1975 medio
1383 1911 1535 1974 armenti.
1553 1910 1617 1983 Qui
1631 1925 1690 1972 ca·

65 2057 66 2060 ,
98 2006 352 2069 mloitrantcontra
366 2023 463 2069 suum
480 2005 685 2083 largitorem.
710 2005 841 2071 sedat-
894 2007 1025 2071 nitisad
1035 2023 1150 2071 rocem
1159 2005 1432 2071 Psalterilzsicut
1440 2007 1545 2070 David
1556 2008 1691 2086 putare

97 2101 251 2165 ardendum
275 2104 360 2182 quod
386 2104 560 2182 sequitur:
580 2104 676 2177 «Qui
697 2105 839 2167 mundus
893 2107 972 2170 runt
987 2122 1023 2167 aa
1034 2103 1251 2168 habererasa
1264 2105 1398 2179 cantici,
1412 2103 1563 2167 hibentes
1574 2105 1689 2167 uinum

65 2255 66 2282 ξ
97 2199 166 2260 eain
177 2199 261 2262 domo
273 2202 341 2274 tua,
356 2200 513 2263 vescetur
526 2200 586 2262 eis.
604 2218 622 2261 r
637 2201 761 2263 Caveat
775 2200 842 2277 igi·
894 2202 929 2266 ln
945 2201 1081 2279 phialis,
1101 2203 1135 2265 et
1155 2203 1279 2280 optimo
1294 2204 1464 2279 unguento
1478 2200 1639 2264 delibuti:
1656 2203 1690 2264 et

65 2345 66 2370 ,
96 2294 184 2373 turum
195 2291 373 2359 immundus
386 2297 497 2371 tuerit,
513 2313 557 2360 ne
569 2300 744 2373 vescatur3
758 2298 841 2360 alio·
893 2300 979 2362 nihil
1002 2298 1289 2377 compatiebantur
1302 2298 1350 2382 (3)
1369 2314 1470 2376 super
1487 2298 1687 2361 contritione

65 2405 66 2454 3
98 2392 281 2468 cunarum
292 2394 477 2457 timendum
492 2395 544 2457 est
556 2395 599 2457 el.
612 2395 728 2458 Voluit
739 2395 839 2458 etiam
893 2397 1064 2475 ioseph.»
1087 2396 1171 2458 Illud
1194 2396 1235 2459 de
1256 2395 1405 2474 praelatis
1424 2395 1626 2473 potentibus,
1654 2394 1689 2457 et

65 2477 67 2484 ’
97 2488 215 2551 homims
230 2491 299 2554 dari
313 2492 345 2554 ei
365 2506 386 2553 a
405 2491 528 2570 populo
545 2491 703 2566 decimas,
723 2494 757 2555 et
775 2492 842 2571 pri·
894 2491 1688 2571 opulentis,remontesanet0,iuastaxeellant1a

65 2589 66 2592 ’
97 2585 183 2659 nitiaa
199 2588 281 2651 unde
292 2589 432 2659 viveret,
449 2586 482 2651 et
500 2588 759 2663 admontensium
780 2605 840 2667 per
894 2591 1052 2654 Ecclesiae
1071 2591 1112 2652 ad
1135 2589 1391 2652 custodiendum
1409 2589 1611 2661 constitutis,
1628 2588 1686 2667 qni

65 2737 66 2768 3
97 2678 138 2742 hoa
148 2682 329 2761 significans,
345 2682 434 2764 quod
449 2687 484 2747 in
498 2685 638 2749 exordio
650 2686 747 2749 honae
764 2701 841 2749 con·
892 2691 1005 2752 maran
1020 2687 1201 2751 existentes
1223 2687 1257 2749 ln
1277 2687 1390 2765 capite
1411 2686 1611 2764 populorum
1627 2685 1683 2747 in·

65 2791 67 2872 t
97 2778 259 2857 iectionis,
280 2783 313 2845 et
339 2781 547 2861 perfectione
568 2781 730 2845 bonorum
754 2799 838 2861 ope·
892 2784 1092 2861 gradiuntur
1105 2783 1388 2868 pompetiacum
1406 2795 1481 2844 cum
1500 2782 1688 2845 humilitate

96 2886 154 2947 tlh,
174 2889 237 2954 quae
267 2879 455 2942 offeruntur
481 2893 502 2941 a
527 2877 680 2953 subditis,
707 2879 838 2966 praelati
891 2882 1028 2946 domum
1041 2882 1114 2954 Dei,
1128 2879 1688 2960 eis,inquam,diciturttransite

65 2965 67 2972 ’
95 2975 647 3051 corumspiritualitersustententur,
664 2978 698 3040 et
710 2975 835 3041 vivant.
890 2979 928 3040 in
948 2978 1108 3039 Chalane.
1123 2977 1275 3040 Chalane
1294 2977 1533 3054 interpretatur
1554 2991 1686 3051 omnea3

95 3064 150 3129 honi
166 3071 240 3133 enim
258 3073 389 3151 praelati
409 3079 476 3137 non
494 3069 704 3138 arbitrantur
724 3090 761 3138 se
781 3074 837 3137 vi-
892 3076 1011 3138 Emath
1025 3075 1179 3151 sanguim
1193 3073 1278 3138 (teth
1290 3074 1454 3150 torcular3
1469 3073 1565 3152 quasi
1579 3071 1686 3135 dieat:

95 3168 839 3251 crameriameorumsubdit13unooApos—
891 3160 1112 3236 considerate
1134 3171 1296 3249 superbos
1319 3170 1451 3244 divitem
1473 3171 1530 3249 qui
1552 3172 1689 3248 propter

95 3256 176 3323 uu:
193 3267 244 3327 tito
261 3271 412 3331 ototcm
435 3270 470 3331 st
494 3280 557 3332 vos
578 3269 682 3332 stacta
705 3273 743 3332 to
767 3268 840 3331 Do-
893 3271 1027 3333 diritius
1040 3284 1119 3332 snas
1134 3284 1201 3332 non
1215 3268 1332 3347 putant
1343 3284 1380 3330 se
1392 3284 1467 3331 asse
1479 3284 1581 3329 unum
1595 3265 1685 3343 quid,

94 3359 158 3419 idac
169 3359 218 3440 (1).
233 3363 323 3437 Ecce,
338 3364 427 3443 quod
447 3380 515 3427 non
535 3364 712 3443 reputabat
730 3380 768 3427 se
780 3367 837 3428 ri·
892 3366 950 3430 aed
964 3366 1089 3429 omnia.
1112 3364 1330 3428 considerata
1349 3365 1450 3428 etiam
1471 3364 1633 3441 potentes,
1655 3360 1688 3424 et

95 3464 148 3514 rere
172 3460 344 3535 Apostolus,
382 3462 449 3523 nlsl
478 3462 607 3526 starent
632 3462 670 3524 ln
695 3461 771 3535 tide,
805 3465 839 3526 ct
892 3462 1034 3536 nobiles,
1053 3463 1158 3541 quiin
1177 3462 1417 3539 sanguineam
1433 3458 1687 3538 acquiruntsihi

95 3551 208 3622 iltrhua
237 3557 353 3632 bonis,¹
370 3559 491 3637 quibus
521 3560 595 3638 ipse
627 3559 838 3622 ministrabat
889 3561 1090 3640 temporalia
1111 3583 1119 3621 e
1137 3560 1180 3623 et
1201 3558 1411 3638 postmodum
1424 3557 1624 3621 'descendite
1644 3556 1687 3619 ad

94 3644 194 3712 terium
204 3648 268 3716 bel.
324 3692 328 3699 ·
889 3659 1050 3729 minores,
1066 3656 1108 3741 ad
1125 3657 1296 3730 officiales,
1318 3657 1358 3719 et
1372 3655 1544 3718 ministros
1564 3655 1687 3733 poten-

120 3743 242 3822 sucum
257 3752 291 3813 in
311 3752 469 3816 Numeris
483 3752 547 3834 (18,
569 3752 621 3834 18)
636 3774 645 3816 a
660 3766 680 3815 e
699 3756 839 3818 Pectus-
890 3757 987 3829 tium,
1002 3753 1151 3835 quisunt
1166 3752 1316 3818 torcular
1326 3757 1491 3835 majorum
1503 3768 1566 3831 per
1576 3766 1686 3816 uexa-

94 3836 171 3903 illlm
186 3851 418 3922 marcersium,
441 3852 475 3913 et
496 3864 609 3912 armus
628 3849 758 3925 dexter,
778 3854 837 3915 tna
891 3856 1011 3926 tiones,
1025 3850 1307 3916 etimmoderatas
1319 3852 1521 3914 coactiones.
1534 3848 1597 3912 His
1610 3864 1688 3912 con·

93 3940 169 4039 crunt
182 3959 198 4001 a
213 3947 247 4006 in
260 3948 464 4023 pectusculo,
482 3947 624 4010 scientia
639 3963 716 4011 cum
729 3948 838 4010 humi·
890 3951 1059 4024 sideratis,
1075 3949 1185 4013 videta
1199 3965 1258 4012 ros
1271 3946 1400 4021 cleriei,
1417 3964 1477 4009 vos
1497 3946 1638 4027 praelati,
1658 3946 1688 4007 sl

94 4026 296 4117 liutanotatur,
308 4058 410 4123 quam
426 4044 547 4108 debent
565 4044 682 4107 clerici
699 4045 835 4108 hahere.
891 4048 993 4111 latior
1009 4049 1061 4111 est
1077 4047 1241 4109 terminus
1259 4061 1376 4108 eorum
1396 4044 1538 4108 termino
1555 4044 1686 4116 restro;

93 4125 220 4198 Hocenim
234 4142 493 4204 bevitisdlctum
512 4142 574 4215 est,
588 4142 675 4205 sicut
689 4143 722 4205 et
735 4159 837 4220 supra
893 4145 990 4223 quasi
1013 4144 1124 4207 dicata
1145 4144 1220 4206 Non
1245 4144 1296 4206 est
1318 4142 1430 4206 latior.
1455 4142 1518 4216 Qui
1539 4141 1688 4218 separati

92 4218 188 4291 dicitur.
201 4237 440 4302 consecratum
462 4252 543 4316 ergo
558 4238 652 4313 dicit,
669 4255 738 4301 non
756 4255 838 4302 exe-
893 4243 974 4305 estis
989 4256 1051 4320 per
1062 4241 1257 4318 dignitatem
1272 4238 1479 4318 praelationis
1494 4237 1536 4299 ab
1551 4238 1639 4309 aliis,
1653 4237 1689 4299 et

92 4324 193 4398 tntum,
223 4335 256 4395 ut
297 4352 429 4398 sacram
464 4336 612 4400 insinuet
648 4336 834 4411 scientiam,
891 4339 1165 4418 appropinquatis
1178 4337 1263 4400 solio
1275 4334 1473 4415 iniquitatis,
1489 4335 1575 4397 idest
1588 4334 1686 4395 malm

92 4414 224 4501 hmlogtae
243 4433 377 4506 scilicet,
399 4448 464 4511 qua
482 4433 599 4496 imbuti
622 4434 743 4497 debent
761 4448 838 4497 esse
891 4435 1108 4513 praelationis,
1125 4434 1254 4496 scilicet
1274 4448 1334 4511 per
1352 4431 1516 4494 malitiam
1539 4431 1686 4494 vestram

92 4514 197 4584 1llihistri
211 4527 277 4601 hei,
295 4546 363 4593 non
382 4531 569 4604 scientiam,
590 4546 664 4609 qum
681 4531 836 4594 deorsum
890 4534 1019 4611 adeptae
1032 4554 1039 4594 ε
1054 4533 1111 4594 sed
1125 4531 1188 4593 hoc
1199 4530 1387 4594 servabitur
1396 4530 1431 4590 in
1444 4529 1538 4592 vohis
1548 4528 1584 4590 in
1596 4528 1686 4590 diem

92 4612 133 4683 θ’(
151 4618 311 4699 terrenam,
341 4627 536 4700 animalem,
563 4627 775 4690 diabolicam.
798 4631 836 4690 In
888 4630 1026 4702 malum,
1053 4627 1110 4707 qui
1133 4628 1284 4690 dormitis
1303 4628 1339 4689 in
1357 4624 1454 4690 lectis
1473 4627 1605 4700 vestris,
1628 4625 1687 4704 qui

92 4719 155 4773 arno
170 4715 292 4786 dextero
306 4723 402 4787 tortis
421 4727 454 4787 et
472 4728 588 4788 sancta
608 4727 757 4803 operatio
772 4725 834 4788 de·
890 4727 1014 4806 plumei
1027 4728 1114 4789 sunt.
1131 4727 1171 4787 nt
1184 4724 1270 4787 nihil
1283 4724 1571 4802 compatiebantur
1584 4739 1687 4801 super

91 4802 211 4907 titilius,
226 4834 318 4896 quam
337 4822 493 4884 similiter
507 4822 628 4886 dehent
647 4822 786 4900 hahere3
803 4822 837 4887 et
890 4826 1090 4888 contritione
1110 4823 1248 4901 Joseph,
1271 4823 1358 4886 idest
1378 4822 1492 4901 populi
1516 4821 1580 4883 sihi
1601 4819 1685 4881 suh·

91 4898 242 4975 ¹d00dicit:
262 4918 387 4993 dexter,
403 4936 471 4982 non
491 4920 637 4983 sinister.
658 4918 754 4983 Unde
773 4923 834 4984 Je-
890 4922 963 4985 diti.
988 4925 1035 4984 De
1057 4921 1249 4983 eorumdem
1270 4920 1447 4983 aversione
1465 4920 1546 4982 dicit
1563 4918 1687 4980 Hiero-

90 5000 239 5086 uniam,
252 5015 303 5093 13)
316 5038 324 5077 ι
338 5033 358 5077 e
370 5017 605 5079 haereditatem
619 5020 833 5095 acceperunt,
889 5036 1009 5097 nymus
1033 5035 1135 5096 super
1148 5018 1342 5081 Matthaeum
1357 5016 1415 5096 (4).
1433 5018 1495 5089 Qui
1511 5016 1609 5078 rebus
1622 5017 1686 5076 lic-

91 5096 172 5162 ctuon
187 5107 230 5169 eis
243 5111 428 5186 proderit.»
446 5114 684 5178 Haei'editatem
702 5115 834 5193 quidam
889 5118 1001 5180 clesiae
1015 5115 1063 5196 (5)
1077 5115 1261 5178 abutuntur
1280 5116 1317 5177 in
1336 5114 1436 5175 rehus
1455 5113 1545 5185 aliis,
1564 5111 1685 5191 quihus

890 5339 902 5369 ι
920 5318 1027 5377 Omnes
1041 5318 1048 5374 i
1073 5318 1137 5385 itur,
1194 5315 1202 5371 i
1217 5314 1291 5387 stipe
1306 5312 1412 5387 templi,
1429 5319 1458 5371 et
1468 5311 1518 5397 'his
1532 5327 1596 5398 quac
1610 5326 1680 5370 oon·

888 5388 1041 5472 teruntura
1076 5401 1144 5445 usus
1213 5384 1569 5468 lesraeabutunturrnalus
1583 5382 1682 5453 rebus,

114 5508 144 5598 (i)
155 5492 287 5599 Colacem.
303 5528 330 5583 in
345 5500 456 5598 biattbs,
470 5528 520 5586 llh.
536 5530 584 5597 lit,
600 5543 634 5586 ca
658 5571 664 5586 .
680 5529 724 5587 28.
887 5460 1104 5595 &flammarent
1125 5455 1683 5610 gfflssggtugrl?nrfeagieffentsi'uffllffiegdlg:

116 5585 451 5669 (alberstatensem,
470 5607 525 5659 cto.
552 5602 584 5659 ln
605 5614 621 5656 c
642 5600 689 5658 itis
708 5599 831 5674 legitur:
886 5602 974 5670 cium,
986 5607 1015 5657 ct
1029 5600 1183 5658 salvatoris
1197 5610 1406 5671 sanguinem.»
