3950 6200
115 332 161 396 aa
407 323 561 408 'runs
587 323 1032 385 rurm.-uxeosrr10
1063 324 1109 386 us
1140 325 1342 391 asuuuos.
1654 326 1717 391 sor

115 484 331 555 obseritaiom,
345 482 486 545 crimine
504 483 634 545 mutent
646 482 815 545 virtutem.
829 482 869 546 nt
962 483 1045 545 itam
1054 483 1285 547 misericordia
1297 484 1558 561 Domlnlmagma
1568 484 1629 557 est,
1641 500 1717 562 quaa

114 579 237 649 ieron:
262 580 313 642 illi
332 580 506 642 Dominum
529 580 688 652 vendunt,
714 581 772 657 qui
795 582 868 656 ejus
921 579 1165 656 trabitlapidas
1178 581 1404 660 deproluudo,
1420 581 1716 658 uterigatinaedi-

114 696 202 744 amore
212 678 362 753 neglecto,
376 678 509 739 terrena
522 676 667 753 proillo,
681 677 867 750 etcaduca,
923 675 1046 738 tioium.
1064 679 1282 752 Convertere,
1297 679 1379 741 dicit
1392 678 1564 752 Dominus,
1579 693 1627 742 eeu
1639 682 1715 740 Ba-

113 781 163 841 ino
176 775 339 838 criminosa
360 774 511 849 diligere,
528 776 562 837 et
574 789 694 836 curare
707 780 776 836 ison
793 789 866 836 me-
921 787 998 844 son,
1014 775 1218 836 convertam
1237 778 1276 836 in
1295 779 1508 851 pronianum
1524 779 1638 838 mans
1654 772 1714 854 (3),

112 875 196 937 munt
212 872 316 934 Dolosi
336 872 424 942 sunt,
447 872 516 949 qui,
541 871 629 933 sicut
648 871 763 942 ludas,
786 871 868 933 mit·
923 883 981 930 eos
1008 869 1149 940 scilicet,
1172 871 1230 948 qui
1254 873 1390 933 suntin
1416 871 1579 949 profundo
1598 872 1714 944 maris,

112 974 168 1034 tuni
179 984 299 1031 manum
313 969 348 1030 in
362 968 551 1046 paropside,
562 969 597 1031 θῖ
611 968 777 1031 Christum
791 969 866 1030 tra·
923 965 1009 1029 idest
1019 965 1071 1028 sel
1084 981 1104 1027 a
1115 968 1200 1028 mari
1215 969 1341 1041 seculi,
1353 967 1407 1030 rel
1421 983 1442 1030 a
1456 969 1540 1030 mari
1554 967 1717 1045 iniquita·

112 1068 183 1139 lunt,
200 1067 304 1142 utpote
322 1065 417 1141 pravi
433 1065 635 1128 sacerdotes.
651 1066 764 1128 Dolosi
777 1065 867 1137 sunt,
922 1062 966 1125 tis
980 1063 1199 1136 exuahondo,
1216 1068 1324 1127 uteos
1339 1067 1510 1142 ponamin
1524 1064 1715 1127 aedilicium.

111 1164 154 1241 qui
173 1178 280 1240 panem
300 1163 432 1224 Domini
451 1163 638 1234 comedunt,
655 1164 768 1240 utpote
795 1162 868 1225 cle·
925 1158 1087 1223 Similiter
1105 1161 1138 1222 ot
1156 1175 1224 1232 eos,
1251 1163 1308 1239 qui
1322 1164 1400 1225 sunt
1414 1163 1451 1223 in
1473 1167 1601 1234 Busan,
1629 1159 1717 1239 quod

110 1260 157 1321 rici
176 1257 382 1335 prebendati,
408 1262 443 1322 et
465 1259 577 1321 tamen
599 1260 766 1322 Christum
789 1275 870 1336 sup-
924 1257 1165 1335 intorpretatur
1178 1258 1342 1332 conlusio,
1362 1259 1621 1336 relignominia
1637 1258 1716 1336 quia

109 1356 232 1444 plantare
249 1355 402 1417 nituntur
422 1357 458 1416 in
485 1355 699 1433 pauperibus,
725 1356 767 1418 de
789 1356 868 1433 qui·
924 1357 958 1417 et
978 1370 1037 1416 eos
1056 1357 1260 1427 convertam,
1284 1357 1340 1434 qui
1365 1358 1444 1419 sunt
1468 1355 1718 1418 inconfusione

108 1452 156 1513 bus
166 1451 228 1528 ipse
239 1452 396 1514 Dominus
417 1452 499 1515 dicit
514 1474 522 1512 ι
535 1456 649 1515 Homo
657 1458 757 1528 poris
768 1465 867 1525 mem,
924 1452 1159 1529 ignominiosa,
1175 1456 1209 1516 et
1230 1453 1350 1529 aptabo
1364 1453 1400 1514 in
1415 1453 1557 1515 aedilicio
1577 1466 1662 1522 meo,
1676 1450 1718 1513 de

108 1553 136 1611 in
151 1563 208 1623 ouo
229 1552 379 1623 operum,
405 1551 604 1622 antecebat
626 1564 737 1625 pones
761 1563 869 1624 meos,
924 1548 1045 1626 quibus
1063 1550 1312 1612 Deuteronomii
1328 1572 1336 1611 :
1353 1552 1494 1614 Catulus
1511 1553 1620 1612 iamin
1639 1549 1718 1620 nuit

109 1646 312 1720 nopnttcooit
330 1659 439 1719 super
463 1661 520 1709 mc
544 1647 868 1721 supplantationem.
924 1649 1125 1723 iareitcrde
1139 1652 1257 1711 Busan
1274 1646 1333 1727 (4).
1350 1647 1605 1710 Catulusleonis
1619 1645 1717 1707 iletus

109 1739 250 1819 (asaiae,
263 1740 328 1821 10.)
796 1773 800 1782 ·
925 1744 976 1805 θεῖ
990 1745 1191 1821 poenitentis,
1208 1746 1264 1823 qui
1274 1745 1371 1822 quasi
1385 1745 1516 1821 rugitus
1525 1743 1633 1806 leonis
1645 1757 1719 1820 pro·

122 1883 125 1890 ·
767 1831 770 1842 ’
925 1842 1015 1905 rodit
1036 1841 1177 1918 largiter
1203 1842 1245 1904 do
1269 1845 1390 1914 Busan,
1410 1842 1499 1904 idest
1521 1840 1720 1903 contlrsioue

364 1947 506 2008 SDRMD
527 1946 583 2008 nt.
926 1940 1054 2016 peccati
1076 1940 1303 2016 ignominiosi.
1330 1943 1402 2003 Hoc
1416 1940 1467 2001 θεῖ
1485 1938 1572 2017 quod
1585 1936 1648 2001 iob
1661 1936 1718 1998 di·-

926 2037 973 2099 clt
987 2034 1033 2116 (3,
1045 2035 1099 2116 24)
1113 2055 1121 2093 :
1133 2039 1238 2104 owni
1250 2038 1468 2109 inundantes,
1479 2049 1590 2110 oouoe,
1600 2037 1719 2096 ammt-

925 2136 1019 2210 ptius
1038 2149 1148 2196 metis.
1171 2133 1374 2195 inundantes
1395 2129 1490 2210 aquae
1510 2147 1584 2194 urm
1606 2131 1717 2193 abm-

868 2273 873 2278 -
926 2230 1053 2299 dantia,
1069 2233 1102 2293 ot
1115 2232 1241 2308 impetu
1260 2246 1382 2307 magno
1402 2229 1555 2292 teruntur
1568 2229 1615 2290 ita
1629 2226 1717 2305 quod

108 2085 138 2140 De
152 2083 226 2141 multu
251 2084 448 2143 misericordia
470 2085 534 2143 Dei.
555 2087 597 2144 Dc
615 2084 736 2143 oeditloio
755 2086 824 2157 Dei,
843 2092 872 2144 ol

252 2171 287 2231 de
305 2173 450 2246 lapidibus
467 2172 553 2246 hujus
571 2172 693 2232 oediiioii.

106 2299 138 2357 ln
152 2298 358 2362 multitudine
371 2302 622 2362 misericordior
636 2300 705 2362 tuoe
724 2299 872 2364 introibo
927 2343 1058 2390 omnem
1095 2327 1223 2390 obicem
1253 2330 1510 2405 interrumpunt,
1534 2326 1590 2387 510
1619 2325 1718 2386 fletus
1836 2347 1840 2354 ·

193 2395 384 2456 internum
405 2396 513 2456 litam·
537 2392 640 2476 (1³⁸³l·
663 2396 693 2468 5’
708 2393 757 2475 8.)
925 2425 998 2488 veri
1006 2425 1197 2502 poenitentis
1207 2425 1320 2502 largas
1331 2425 1506 2487 effundens
1516 2438 1632 2502 aquas,
1641 2433 1718 2484 oum

134 2534 162 2593 ln
174 2534 377 2598 dedicatione
397 2536 548 2599 ecclosias
567 2537 676 2614 potest
690 2535 805 2598 valore
818 2535 871 2596 is·
925 2522 1051 2599 rugitu,
1074 2524 1108 2586 et
1135 2522 1336 2599 singultibus
1360 2523 1546 2600 impetuose
1570 2520 1720 2586 irruente

104 2629 316 2695 nanneno
334 2637 376 2694 oi
396 2634 765 2707 amatripiensem
786 2632 871 2709 rapis
926 2635 1058 2682 omnem
1087 2620 1281 2683 tentationis
1307 2619 1433 2696 rmngu
1456 2618 1596 2680 obicem·
1619 2615 1720 2677 rates

104 2726 226 2790 iuuetis
241 2729 437 2805 editicium
454 2731 641 2793 bocautem
658 2729 764 2793 flotin
776 2735 871 2792 mnt-
926 2718 997 2795 apti
1011 2720 1089 2780 ⁸¹1¹st
1108 2719 1187 2795 poni
1208 2718 1243 2780 1¹¹
1271 2717 1413 2780 aefflflssiO
1427 2717 1615 2778 Befltfflm·
1635 2713 1720 2775 item

105 2822 224 2887 titudine
234 2830 496 2890 misericordior.
517 2829 597 2888 Cum
618 2828 709 2889 enim
724 2828 799 2905 quis
813 2827 871 2888 in·
927 2816 1158 2877 misericordia
1173 2816 1304 2877 Domini
1334 2817 1397 2887 0⁸¹,
1412 2814 1498 2891 quod
1526 2813 1599 2874 11aess
1626 2811 1718 2887 litii&

103 2918 193 2982 mira
209 2924 354 2987 carosus
367 2924 484 2985 comus
498 2924 687 2997 euroeam,
704 2924 872 3001 multipii-
927 2912 1160 2991 preciduntur
1174 2913 1216 2974 aa
1231 2913 1355 2985 libano,
1372 2927 1455 2973 saxa
1469 2925 1551 2974 vero
1565 2910 1606 2971 ae
1620 2924 1720 2970 mon-

50 3065 51 3068 ,
104 3015 139 3076 cis
170 3021 229 3091 est,
258 3021 291 3083 ot
325 3021 440 3083 muitae
466 3021 705 3084 misericordiae
740 3020 872 3083 Domini
925 3011 1036 3086 tibus;
1052 3010 1233 3083 delibano,
1249 3011 1337 3072 idest
1360 3008 1558 3071 decendero
1576 3005 1717 3068 saeculi:

103 3111 283 3180 beneficium.
300 3119 536 3181 Misericordia
552 3119 611 3182 Dei
630 3121 691 3192 est,
708 3120 794 3197 quoa
809 3119 874 3180 fla.
927 3125 1010 3171 saxa
1027 3109 1067 3170 de
1088 3108 1256 3171 montibus
1279 3106 1455 3184 superbiae,
1476 3108 1511 3170 θῖ
1537 3104 1718 3167 eminentia

104 3210 184 3285 gitis,
200 3216 250 3276 vel
271 3215 417 3293 flagellis
441 3217 512 3277 suis
538 3232 605 3278 uon
625 3216 871 3291 consumimur3
927 3206 1100 3281 soeculari3
1117 3206 1204 3268 nude
1227 3205 1475 3268 Deuteronomil
1489 3203 1533 3283 (8,
1543 3202 1579 3281 9)
1596 3220 1637 3264 :r
1654 3203 1721 3263 Cu·

104 3307 171 3370 unde
183 3309 214 3372 in
228 3312 373 3375 Theonis
389 3311 433 3392 (3,
449 3312 505 3391 22)
521 3330 529 3370 :
545 3316 789 3376 Misericordia
802 3317 873 3374 Do-
923 3307 980 3381 jus
995 3303 1123 3380 lapides
1135 3302 1260 3364 terrum
1270 3304 1357 3374 sunt,
1372 3303 1406 3364 et
1417 3302 1458 3363 do
1470 3299 1637 3361 montibus
1645 3301 1720 3375 ejus

101 3408 170 3466 nint
189 3409 238 3470 cst
251 3408 313 3488 (1),
337 3413 420 3484 quio
435 3425 505 3472 non
521 3425 642 3472 snmus
660 3412 872 3485 consumpte·
927 3401 1005 3462 aeris
1019 3399 1154 3462 metalla
1169 3400 1350 3462 fodiuntur.
1366 3416 1385 3459 ε
1400 3398 1499 3475 Lapis
1519 3396 1645 3459 terrum
1666 3395 1720 3457 ei-

100 3502 159 3576 suia
170 3504 250 3568 sicut
261 3507 347 3569 dicit
361 3507 467 3569 isaias
483 3523 492 3567 t
508 3523 527 3567 s
543 3509 711 3569 succensa
721 3509 772 3569 est
781 3506 871 3568 enlm
927 3505 1048 3577 licitur,
1079 3521 1154 3566 cum
1182 3505 1303 3567 mentis
1335 3504 1460 3566 duritia
1490 3518 1550 3580 per
1576 3500 1719 3579 Spiritus

102 3602 176 3673 quasi
185 3602 268 3678 ignis
284 3605 453 3681 impietas,
464 3602 498 3666 et
511 3620 641 3682 vepres,
652 3605 686 3667 at
699 3604 813 3681 spinas
824 3603 871 3684 (2)
927 3603 1042 3665 Sancti
1056 3603 1200 3680 gratiam
1213 3601 1391 3674 emollitur,
1406 3605 1439 3664 et
1453 3599 1647 3662 accenditur
1666 3612 1721 3660 vo-

101 3697 216 3761 nubit
231 3701 297 3763 »Si
312 3717 396 3778 ergo
409 3701 562 3778 impietas
577 3702 666 3777 ignis
681 3702 743 3774 θεῖ,
759 3704 792 3764 et
806 3716 870 3763 re·
927 3701 976 3762 lut
1000 3700 1125 3762 terrum
1142 3722 1150 3762 ε
1168 3700 1294 3761 terrum
1315 3714 1396 3762 vero
1417 3699 1495 3775 igne
1523 3711 1719 3758 succensum

102 3806 159 3865 pros
171 3799 241 3858 sunt
261 3800 469 3876 peccatores,
484 3814 560 3860 cum
573 3814 641 3861 non
666 3814 871 3861 consuman-
926 3799 1030 3861 totum
1045 3799 1097 3860 est
1112 3798 1211 3873 ignis.
1227 3801 1278 3858 De
1291 3797 1463 3858 moralibus
1475 3793 1578 3870 igitur
1598 3793 1720 3854 huma-

99 3888 385 3963 immisericordia
400 3897 533 3958 Domini
550 3898 612 3971 est,
629 3897 686 3974 qui
703 3898 821 3959 tenens
834 3896 869 3957 in
926 3910 991 3969 nae,
1014 3896 1067 3957 uel
1087 3895 1263 3956 mundaum
1283 3892 1458 3971 superbiae,
1471 3897 1571 3968 cinus
1588 3892 1721 3965 lapides

100 4000 179 4049 nanu
198 3992 343 4069 fulgura,
361 3994 395 4054 in
415 3994 563 4070 pluviam
579 3994 668 4069 iecit,
685 3997 719 4056 at
739 4009 800 4071 por
814 3995 872 4071 ip·
926 3997 1066 4068 serrum
1080 3994 1174 4066 suni,
1194 3992 1228 4054 et
1245 3992 1354 4069 ipsum
1376 3992 1454 4066 igne
1469 3989 1597 4067 peccati
1616 3980 1720 4049 totum

99 4096 154 4146 sam
166 4088 271 4164 ignem
293 4091 464 4167 extinguit
476 4091 675 4169 iniquitatis,
693 4094 730 4154 ut
748 4107 789 4153 eo
806 4107 872 4152 ex-
928 4104 1137 4161 succensum,
1155 4093 1240 4152 ceris
1259 4090 1409 4162 metello,
1429 4088 1516 4149 idest
1538 4085 1639 4148 corda
1661 4098 1722 4161 por

99 4178 181 4244 tincto
197 4185 294 4249 bomo
317 4187 363 4248 sit
385 4184 528 4248 idoneus
555 4187 634 4264 poni
655 4189 691 4249 in
717 4187 870 4249 aediiiolo.
927 4188 1172 4249 contessionem
1205 4186 1360 4247 sonantia
1395 4185 1594 4259 fodiuntur,
1624 4184 1657 4244 et
1684 4182 1719 4242 ln

99 4276 307 4346 llisoricordia
332 4285 465 4345 Domini
487 4284 538 4346 est
560 4284 673 4357 otiam,
693 4284 780 4362 quod
801 4287 872 4347 Do·
927 4283 1070 4346 aedilicio
1087 4283 1297 4360 adaptantur.
1311 4285 1392 4344 Item
1408 4280 1636 4342 misericordia
1649 4281 1720 4339 Do-

98 4375 188 4437 minus
201 4382 367 4457 expectat.
383 4382 481 4443 isaiae
494 4380 592 4461 (ib,3
606 4381 682 4462 eti)
700 4381 873 4443 :tundite
927 4380 1011 4442 mini
1026 4382 1086 4453 θεῖ,
1104 4380 1191 4457 quod
1213 4379 1341 4457 lapides
1361 4379 1418 4440 isti
1437 4378 1472 4439 in
1495 4376 1719 4461 peccatisob-

99 4486 140 4533 no
150 4474 259 4539 domus
278 4478 395 4551 Jacob,
412 4480 446 4539 θῖ
457 4495 555 4541 omne
569 4479 741 4540 residuum
757 4478 872 4541 domus
927 4477 1039 4540 durati
1068 4477 1291 4555 quadrantur,
1319 4478 1357 4538 ut
1383 4476 1450 4538 sint
1475 4474 1545 4552 apti
1575 4474 1653 4553 poni
1684 4474 1720 4535 in

98 4567 192 4643 lsrael,
226 4576 284 4651 qui
307 4575 489 4653 portamini
521 4589 542 4636 a
572 4590 648 4638 meo
676 4579 789 4648 utero,
816 4576 872 4652 qui
927 4574 1082 4636 aedilicio.
1790 4648 1794 4669 Ι

96 4669 249 4739 amamini
265 4688 286 4734 a
302 4672 499 4741 meavulva,
524 4673 686 4750 usquead
703 4673 872 4735 senectam
968 4671 1183 4744 Quadrantur
1196 4672 1308 4733 autem
1330 4686 1390 4749 per
1413 4673 1557 4749 quatuor
1576 4670 1718 4733 virtutes

98 4775 146 4837 uro
163 4766 241 4844 ipse,
262 4772 298 4832 et
317 4785 423 4848 usque
449 4770 490 4830 ad
507 4785 610 4832 canos
636 4785 698 4846 ego
721 4769 871 4846 portabo.
928 4770 1129 4838 cardinales,
1146 4770 1327 4843 iustitiam,
1343 4770 1623 4847 temperantiam,
1640 4769 1723 4829 For·

100 4859 166 4925 Ecce
177 4866 326 4943 quandiu
347 4869 457 4944 portat
470 4867 629 4929 Dominus
651 4868 686 4927 in
702 4870 797 4930 utero
812 4882 874 4944 pa·
927 4867 1116 4940 titudinem,
1133 4868 1166 4929 et
1176 4867 1402 4929 prudentiam.
1415 4869 1461 4927 De
1473 4866 1607 4929 iustitia
1618 4862 1723 4925 hube-

96 4956 203 5023 tuuae
217 4980 287 5025 suae
309 4966 530 5041 peccatorem,
547 4965 694 5041 quandiu
714 4966 824 5040 gestat
837 4965 873 5025 in
928 4964 1050 5027 masin
1065 4963 1127 5027 iob
1143 4964 1207 5043 (39,
1224 4964 1280 5044 25)
1297 4964 1450 5026 :iustitia
1477 4962 1612 5023 indutus
1634 4976 1719 5033 sum,

96 5055 261 5123 mirasse
276 5060 465 5123 clementiae
481 5078 489 5117 ε
504 5062 634 5124 scilicet
647 5078 752 5139 nsque
765 5062 806 5122 ad
819 5078 875 5124 so·
927 5063 961 5124 et
970 5063 1091 5124 vestivi
1105 5078 1158 5124 me
1173 5063 1260 5124 sicut
1272 5061 1480 5132 vestimento,
1492 5061 1525 5121 et
1534 5057 1722 5120 diademate

96 5158 218 5228 uocum,
237 5160 271 5220 et
288 5172 404 5223 canos.
423 5160 464 5220 nt
483 5158 596 5222 statim
615 5161 769 5237 sequitur
791 5175 875 5221 uer·
923 5159 1052 5239 judicio
1068 5174 1153 5221 meo.
1169 5162 1216 5221 De
1230 5157 1413 5220 Prudentia
1422 5156 1457 5217 in
1472 5155 1587 5218 eodem
1605 5175 1614 5215 z
1635 5158 1723 5216 Pro·

95 5243 158 5311 baro
176 5252 271 5317 dulce
286 5270 330 5316 :e
349 5258 417 5331 Ego
437 5255 512 5329 ieci,
530 5258 563 5319 ot
580 5271 643 5332 ego
662 5255 768 5318 ieram
783 5279 790 5317 :
805 5258 875 5334 Ego
927 5260 981 5322 cnl
1018 5256 1187 5319 cunctor
1212 5255 1490 5318 ecbertottonem
1522 5256 1658 5326 danim,
1688 5253 1722 5313 ct

96 5349 227 5423 ronam,
242 5353 277 5414 et
292 5351 476 5415 salvabo.»
927 5355 1098 5420 nitnotnne
1120 5355 1297 5417 exercitus
1317 5350 1382 5429 (29,
1411 5348 1476 5429 14).
1499 5353 1545 5412 Ι)θ
1569 5349 1719 5412 Fortitu-

134 5496 158 5564 i)
171 5498 251 5570 νεῖ).
265 5500 469 5584 llisericordie
480 5502 605 5572 Domini,
619 5502 695 5575 quio.
964 5504 1006 5574 (3)
1023 5503 1098 5560 Psal.
1112 5502 1146 5560 67
1168 5501 1213 5559 23.

95 5567 159 5703 (Ιέ)
169 5569 257 5697 ἕνῇ
268 5572 417 5713 {mpetum
429 5587 556 5647 repam,
573 5583 602 5632 θῖ
622 5574 735 5646 spinam
749 5573 872 5633 vorabit.
963 5576 1004 5645 (ῖ)
1015 5578 1108 5642 Dent,
1123 5542 1169 5643 ib,
1183 5573 1227 5630 22.
1247 5572 1328 5642 tulo.
1342 5588 1350 5627 :
1366 5570 1443 5628 iiuei.
1592 5646 1610 5667 ,
