3950 6200
253 296 313 357 666
530 248 537 254 ’
684 292 1460 358 6161161661166161111661666611.
1810 302 1859 364 661

253 453 345 515 licite
366 468 544 530 personam
563 448 814 513 convenientem
840 451 881 513 ad
902 453 1041 529 portam,
1098 454 1149 514 ter
1166 452 1364 524 habuerunt,
1378 452 1419 515 ab
1434 453 1549 515 eodem
1569 455 1688 516 Ordine
1706 458 1859 533 postulent

253 553 419 628 quatenus
428 550 495 610 illis
508 551 541 609 61
550 565 616 625 666
627 548 703 609 61116
713 550 754 609 61
768 565 852 626 6666
865 550 1041 626 deputatis,
1098 552 1167 610 Nec
1189 550 1288 611 liceat
1308 551 1504 627 cappellano
1523 552 1596 611 6166
1610 553 1698 614 66616
1712 558 1860 617 monaste·

254 648 393 724 aperiat.
406 648 552 709 caveant
568 645 713 708 studiose
724 661 840 707 616666
855 662 987 708 6616166
1002 661 1044 706 66
1098 647 1185 708 rium
1207 647 1347 722 ingredi.
1369 650 1407 709 ut
1426 649 1590 710 intrantes
1604 649 1637 708 in
1652 649 1723 710 loco
1741 650 1863 728 6161611-

252 746 333 807 1666
352 745 393 806 61
408 742 670 819 ingredientibus
684 743 871 805 videantur.
1099 743 1197 817 bhco,
1214 746 1250 805 ut
1263 759 1299 804 se
1314 744 1418 820 possit
1432 744 1640 818 alterutrum
1653 746 1734 808 6161
1747 746 1816 808 aliis
1824 749 1864 809 in·

1098 841 1197 902 tueri.

483 966 727 1028 CAPITULUM
741 966 813 1026 ΧΠ,
1140 939 1205 997 Pro
1217 935 1425 999 confessione
1445 937 1654 1000 infirmarum
1669 954 1740 1016 que
1756 940 1794 1001 ad
1810 943 1864 1003 bo-

1100 1034 1265 1096 cutorium
1291 1034 1341 1095 ire
1362 1050 1429 1097 non
1455 1040 1603 1112 possunt,
1628 1052 1689 1113 pro
1703 1038 1865 1098 conmuni·

1100 1130 1216 1192 caudis
1230 1131 1365 1203 eisdem,
1378 1135 1412 1195 61
1427 1149 1488 1209 616
1507 1136 1657 1195 61116166
1671 1132 1826 1205 unctione,
1841 1136 1866 1196 et

293 1230 453 1292 visitator
465 1245 617 1291 sororum
637 1244 768 1304 semper
782 1243 913 1305 semper
925 1228 969 1290 sit
981 1231 1046 1288 Or·
1100 1243 1160 1304 pro
1174 1228 1295 1290 animas
1309 1229 1645 1302 recommendatione,
1656 1230 1754 1290 liceat
1764 1230 1865 1291 eisdem

253 1326 331 1388 dine
346 1327 486 1387 fratrum
504 1326 671 1386 Minorum
693 1324 874 1386 secundum
885 1324 1045 1385 volunta·
1099 1324 1251 1385 introire.
1277 1328 1342 1386 Pro
1364 1326 1515 1402 exequiis
1535 1342 1637 1398 vero,
1662 1328 1696 1389 et
1712 1327 1864 1387 missarun

251 1424 319 1484 tem
334 1425 367 1484 et
381 1422 571 1487 mandatum
592 1421 717 1483 domiui
740 1420 934 1482 cardinalis.
950 1423 990 1482 ut
1003 1421 1047 1481 611
1100 1421 1271 1482 solemniis
1301 1421 1542 1492 defunctarum,
1563 1423 1678 1486 16161
1701 1422 1866 1484 fodiendam

251 1519 340 1591 talis,
358 1519 399 1580 de
420 1522 514 1595 quus
537 1518 709 1579 honestate
717 1518 751 1579 et
774 1517 921 1579 moribus
945 1517 1043 1594 61666
1100 1518 1151 1578 161
1169 1518 1384 1594 operiendam
1404 1520 1621 1595 sepulturam,
1645 1536 1705 1580 seu
1719 1520 1810 1581 etiam
1823 1536 1868 1580 co-

252 1617 371 1678 notitia
387 1616 560 1679 habeatur.
572 1614 826 1693 Cujusolllcium
842 1615 917 1688 erit,
932 1614 1000 1675 tam
1011 1615 1046 1674 16
1100 1615 1289 1692 aptandam,
1306 1616 1865 1693 6666161661116166166116666661-

254 1714 363 1790 666116
375 1730 474 1790 quam
489 1714 524 1774 in
537 1712 693 1775 membris
704 1713 874 1789 corrigere
888 1727 1046 1773 excessus
1100 1727 1191 1772 sonas
1212 1710 1388 1774 abbatissae
1417 1712 1624 1789 providentia
1657 1712 1802 1775 introire.
1831 1711 1868 1772 dd

254 1811 448 1872 commissos
484 1813 599 1871 contra
641 1810 782 1872 formam
816 1807 1045 1887 professionis.
1101 1807 1173 1869 1666
1188 1808 1869 1886 6616166166666161661666116161611166

254 1908 315 1979 Qui
329 1911 420 1970 stans
436 1908 472 1967 iu
492 1907 624 1983 publico
640 1896 725 1979 loco,
742 1908 779 1969 ut
792 1906 898 1967 videri
913 1904 955 1967 ab
969 1905 1046 1966 abis
1100 1904 1142 1965 de
1161 1906 1285 1967 sauctae
1310 1908 1467 1968 Romanae
1482 1907 1639 1969 Ecclesiae
1667 1905 1868 1984 cardinalibus

253 2006 370 2083 possit,
384 2021 458 2067 cum
474 2004 624 2081 pluribus
635 2007 668 2066 61
679 2003 820 2079 singulis
832 2003 924 2080 loqui
934 2003 1045 2075 liceat,
1101 2016 1161 2077 pro
1173 2002 1407 2077 gubernatore,
1423 2006 1621 2080 protectore,
1637 2005 1673 2065 et
1693 2003 1868 2071 correctore,

254 2119 328 2179 quse
341 2102 382 2163 ad
398 2102 543 2163 osticium
567 2103 770 2163 visitationis
793 2101 972 2178 pertinent,
989 2116 1046 2161 se·
1101 2099 1158 2176 qui
1170 2099 1271 2161 luerit
1282 2115 1302 2160 a
1315 2100 1449 2162 domino
1466 2103 1557 2177 Papa
1573 2099 1733 2161 {ratribus
1749 2098 1870 2159 Minori·

254 2199 398 2261 cundum
413 2199 498 2276 quod
513 2199 632 2259 melius
643 2198 766 2259 viderit
780 2197 948 2274 expedire.
961 2200 1048 2274 Cap-
1101 2197 1163 2258 bus
1181 2197 1369 2273 deputatus,
1391 2199 1427 2258 ut
1446 2213 1579 2274 semper
1598 2197 1740 2259 sudditae
1753 2199 1784 2256 61
1801 2194 1867 2255 sub-

252 2293 1047 2375 1161166616616166666666661661611661666)
1096 2296 1195 2371 jectae
1219 2293 1535 2371 pedihus·ejusdem
1568 2297 1694 2355 sanctae
1719 2292 1868 2360 Ecclesia,

253 2394 363 2468 lamae,
379 2393 591 2454 discretionis
605 2392 764 2469 providae,
781 2398 815 2454 et
829 2391 911 2452 duos
927 2390 1047 2453 fratres
1101 2391 1238 2453 stabiles
1261 2392 1297 2452 in
1324 2391 1388 2453 lide
1408 2391 1591 2463 catholica,
1612 2392 1829 2467 paupertatem
1846 2389 1870 2447 et

253 2491 358 2552 laicos
378 2493 502 2551 666616)
525 2490 790 2552 66616166116616
812 2489 845 2549 61
865 2488 1048 2550 honestatis
1102 2488 1323 2549 humilitatem
1339 2489 1470 2548 Domini
1494 2489 1601 2549 nostri
1613 2492 1697 2551 1666
1714 2486 1834 2555 Christi,
1847 2486 1871 2545 et

253 2590 430 2661 amatores,
458 2587 495 2650 in
516 2586 699 2647 subsidium
716 2586 942 2661 paupertatis,
962 2585 1049 2645 sicut
1102 2587 1175 2661 6166
1191 2585 1412 2646 sanctissimae
1427 2585 1556 2655 Matris,
1569 2586 1603 2646 in
1623 2587 1811 2663 perpetuum
1823 2581 1871 2643 ob·

254 2684 416 2746 hactenus
437 2683 479 2746 ab
500 2684 623 2745 Ordine
637 2681 804 2743 Minorum
819 2682 1048 2743 misericordi·
1102 2696 1283 2743 servemus.

503 1101 561 1160 'lte
575 1098 786 1160 otettotione.

397 3022 572 3083 REGULA
607 3020 942 3082 TERTIARIORUM
971 3022 1077 3081 SIVE
1108 3023 1322 3089 abachum
1352 3025 1414 3082 DE
1445 3022 1750 3085 POENITENTIA.

565 3301 734 3350 Momm
891 3322 894 3330 ,
1102 3260 1192 3333 1661,
1209 3258 1875 3340 661666161666666661661166616116·

1091 3358 1298 3431 1166116166
1312 3360 1407 3421 novis
1419 3361 1620 3435 poenitentia
1628 3360 1757 3436 legibus
1768 3356 1875 3418 vincire

294 3456 486 3518 1116111616
502 3456 602 3534 hujus
618 3454 706 3525 libri,
724 3454 881 3516 admonui
895 3456 964 3517 1166
981 3458 1048 3516 Or·
1103 3455 1190 3516 velle
1202 3455 1446 3532 significabant.
1469 3457 1531 3527 Qui
1552 3473 1594 3517 66
1620 3456 1800 3518 imbecilles
1812 3467 1873 3513 mu-

255 3554 351 3615 dines
366 3554 552 3616 instituisse
566 3556 603 3614 B.
620 3552 848 3624 Franciscum,
864 3555 897 3613 et
911 3552 1047 3613 uuicui—
1104 3553 1214 3624 lieres,
1230 3556 1265 3614 61
1281 3554 1439 3630 661166116
1453 3553 1552 3615 facile
1563 3555 1745 3629 expositas,
1761 3562 1876 3613 consor·

255 3667 319 3728 que
334 3667 413 3712 suas
425 3651 672 3729 praescripsisse
681 3650 818 3712 vivendi
832 3650 1048 3722 normas.Qui
1104 3651 1185 3712 tium
1202 3651 1358 3725 praesidio
1373 3651 1518 3722 orbaret,
1544 3667 1606 3711 666
1630 3651 1782 3712 homines
1803 3660 1874 3706 uxo·

253 3749 388 3810 tertiam
410 3749 618 3826 profitentur,
645 3763 822 3809 enumero
855 3747 908 3808 vel
932 3747 1049 3808 ordine
1104 3763 1177 3807 1616
1201 3747 1294 3808 116116
1317 3750 1351 3809 61
1369 3750 1481 3824 661616
1501 3749 1661 3810 666161616
1684 3746 1831 3825 privaret,
1851 3741 1876 3800 et

254 3848 339 3922 ejus,
361 3847 394 3906 et
412 3846 577 3906 relatione
598 3844 639 3905 61
666 3845 751 3905 61166
775 3844 869 3915 1666,
893 3844 1049 3906 Tertiarii
1103 3844 1177 3906 loca
1200 3844 1363 3920 urbesque
1379 3845 1510 3920 penitus
1533 3844 1738 3921 depopulare
1759 3841 1875 3904 videre·

255 3942 476 4004 communiter
490 3941 656 4003 dicuutur.
677 3944 704 4001 A
728 3943 765 4001 D.
781 3940 962 4011 Antonine,
980 3942 1051 4002 ter·
1104 3944 1169 4015 tur,
1183 3957 1245 4002 nec
1258 3941 1319 4002 hos
1335 3942 1370 4002 iu
1384 3942 1620 4018 religiosorum
1635 3941 1818 4004 sodalitium
1828 3951 1875 3996 re·

254 4038 611 4116 116661161116166,
638 4037 725 4099 titul.
754 4040 813 4109 23,
845 4053 917 4113 cap.
948 4040 983 4108 2,
1013 4037 1049 4097 in
1105 4039 1227 4114 cipere,
1259 4055 1322 4100 666
1360 4038 1437 4100 11166
1473 4038 1562 4100 16116
1596 4023 1877 4101 sanctimonialium

254 4136 398 4213 princip.
417 4138 658 4212 εΡ166666611,
678 4134 719 4195 61
741 4135 818 4194 61116
833 4139 1050 4208 Ptasochorg
1104 4136 1250 4197 claustra
1283 4136 1466 4206 recludere,
1507 4136 1697 4198 consultum
1723 4129 1873 4213 judicavit.

253 4231 1049 4308 616661666616666166116666166116-
1105 4235 1199 4296 Unde
1222 4250 1396 4295 commuue
1431 4234 1582 4311 utrisque
1608 4233 1673 4295 hoc
1709 4229 1875 4294 1661116166

254 4336 351 4393 66616
368 4332 522 4409 imposito
540 4331 672 4393 nomine
689 4329 764 4408 (sub
778 4346 842 4407 quo
856 4330 943 4391 Ordo
954 4327 977 4390 'a
989 4329 1051 4388 Ni·
1105 4332 1310 4408 praescripsit
1328 4330 1370 4391 ad
1393 4334 1430 4391 14
1451 4347 1520 4391 suae
1544 4331 1651 4406 plenae
1667 4320 1876 4392 conversionis

255 4429 407 4490 colaoIV
421 4429 544 4490 6161116
563 4427 782 4489 Pontificibus
799 4426 862 4490 luit
880 4426 1049 4503 approba·
1105 4444 1240 4498 annum,
1270 4432 1303 4491 61
1335 4428 1487 4504 Virginei
1512 4429 1627 4504 partus
1656 4428 1745 4497 1221,
1769 4425 1802 4484 in
1825 4430 1877 4495 quo

252 4529 321 4597 166,
337 4527 371 4587 61
388 4542 452 4602 quo
473 4543 530 4586 eos
549 4526 664 4587 vocari
674 4525 777 4603 jussit
797 4525 898 4586 Glem.
911 4527 981 4595 Vll,
999 4526 1051 4585 Ad
1106 4527 1278 4603 utriusque
1299 4542 1401 4586 sexus
1420 4541 1519 4586 omne
1539 4541 1655 4600 genus,
1673 4527 1740 4585 tam
1757 4516 1877 4581 saecula·

254 4627 378 4684 uberes
392 4621 542 4699 furacius)
555 4621 597 4681 ab
612 4622 684 4697 ipso
696 4626 732 4682 Ι).
750 4623 930 4684 Francisco
945 4622 1049 4682 insli—
1105 4624 1192 4684 rium
1207 4639 1305 4699 quam
1327 4622 1645 4692 ecclesiasticorum,
1671 4618 1832 4683 facillime,
1851 4609 1877 4670 61

254 4721 366 4781 tutore
376 4718 504 4793 aequius
524 4720 557 4779 et
576 4719 700 4779 rectius
720 4717 932 4794 appellantur
958 4724 1051 4778 Fro-
1105 4720 1166 4781 suh
1181 4721 1277 4781 suavi
1288 4722 1382 4796 jngo,
1406 4720 1466 4779 sub
1482 4719 1628 4795 propriis
1641 4718 1748 4787 tectis,
1763 4707 1875 4791 propria

256 4818 330 4877 1166
344 4814 397 4875 vel
409 4817 556 4875 Sorores
570 4815 838 4886 166666166116.
853 4816 957 4884 Quam
972 4814 1050 4876 dum
1105 4817 1254 4893 gaudens
1276 4817 1479 4887 haereditate,
1497 4816 1565 4876 Deo
1589 4813 1776 4876 inserviret.
1793 4802 1875 4868 Ordi-

256 4912 383 4973 coelesti
392 4909 533 4981 fervore,
547 4912 580 4971 et
588 4908 756 4970 cumulato
768 4909 877 4970 fructu
889 4910 924 4968 in
937 4910 1050 4971 multis
1106 4930 1180 4974 nem
1201 4914 1270 4974 suis
1292 4913 1424 4974 statutis
1449 4912 1605 4983 firmavit,
1629 4910 1756 4986 legibus
1781 4899 1876 4965 muni·

255 5009 363 5069 ltaliae
394 5006 477 5067 locis
508 5005 625 5065 beatus
656 5004 711 5064 hic
737 5004 910 5079 legislator
937 5009 1052 5065 noster
1105 5011 1163 5082 vit,
1180 5012 1214 5072 et
1226 5010 1360 5087 propria
1376 5009 1503 5085 Regula
1516 5005 1755 5070 corroboravit.

255 5105 464 5182 Praedicarets
493 5100 548 5161 sed
575 5101 742 5176 praecipue
775 5101 809 5160 1¹¹
836 5100 957 5177 oppido
983 5104 1050 5163 (la-
1147 5105 1612 5183 Suntveroquicontrarium
1634 5104 1757 5181 putent,
1775 5100 1876 5159 6166·

256 5201 356 5271 66111,
379 5198 466 5276 quod
494 5198 530 5257 in
545 5196 681 5258 Umbria
696 5198 731 5257 in
755 5198 849 5258 Valle
872 5199 1050 5274 Spoletaua
1105 5205 1184 5265 nino
1199 5208 1321 5278 negent
1336 5203 1498 5279 Regulam
1512 5202 1743 5263 concinnatam
1761 5191 1875 5256 Tertia·

257 5312 318 5373 per
330 5299 472 5373 quatuor
487 5294 592 5355 millia
605 5309 763 5372 passuum
783 5293 825 5355 ab
837 5295 965 5358 Assisio
980 5296 1051 5357 dis·
1105 5300 1166 5360 riis
1181 5298 1325 5371 dedisse,
1339 5298 1373 5358 et
1385 5297 1472 5360 hanc
1484 5293 1875 5374 6666666116161666666

256 5395 317 5464 tat,
332 5391 489 5469 oppidani
501 5407 626 5462 omnes,
643 5394 677 5452 et
692 5407 735 5451 ex
750 5391 827 5452 aliis
843 5393 938 5468 pagis
953 5394 986 5455 et
1001 5395 1051 5455 ci·
1105 5394 1161 5453 sed
1179 5392 1310 5452 Nicolai
1326 5393 1369 5451 1v
1385 5390 1466 5469 (non
1492 5393 1549 5463 111,
1572 5392 1608 5451 ut
1628 5387 1725 5448 habet
1743 5376 1876 5444 sedulius

257 5488 415 5550 vitatibus
427 5489 596 5549 turmatim
610 5488 652 5549 ad
666 5488 773 5548 virum
792 5489 1050 5567 1616166616-
1106 5491 1140 5549 16
1157 5489 1323 5566 611661616
1340 5487 1591 5549 adnotationum
1613 5485 1654 5545 61
1675 5483 1782 5544 Vitam
1803 5477 1877 5536 atem

258 5585 435 5646 dicationis
459 5587 535 5660 igne
554 5586 718 5655 succensi,
735 5586 880 5662 undique
907 5588 1051 5649 conflue-
1107 5583 1324 5664 Elisabetltoe)
1349 5585 1427 5645 licet
1450 5584 1651 5645 Franciscus
1673 5581 1721 5642 eis
1746 5570 1876 5654 quaedlffl
