3950 6200
268 349 347 413 1087
688 309 1496 411 s.irvr0rv11rubuirv10rnaaouvu.'
1575 429 1581 438 .
1831 341 1893 409 loe

266 507 344 590 31)=
360 506 656 571 ‹AEdiflcaverunt
668 505 802 569 excelsa
811 505 974 584 Tophetb,
987 521 1062 583 quae
1116 503 1342 577 invisibiliter,
1359 520 1401 566 ne
1414 502 1509 566 nobis
1524 505 1652 576 noceat,
1669 504 1825 581 quantum
1840 522 1892 567 no·

267 607 362 671 estin
374 606 462 668 valle
474 605 534 666 lilii
546 607 684 676 Ennom,
697 604 962 666 utincenderent
975 603 1063 665 lilios
1116 619 1193 665 cere
1208 603 1319 666 vellet.
1337 605 1419 665 Item
1440 616 1501 663 rex
1521 601 1586 663 Hai
1608 617 1790 679 suspensus
1808 605 1893 664 estin

268 721 360 775 suos,
381 706 415 765 et
437 703 525 764 illias
551 718 629 763 suas
653 702 770 778 igni.»
791 701 953 778 Topbeth,
975 700 1062 779 quod
1117 700 1285 778 patibu103
1302 700 1453 761 Christus
1468 699 1503 758 in
1520 698 1613 773 ligno
1635 698 1747 759 crucis
1761 698 1795 758 in
1809 716 1893 761 carne

266 801 507 879 interpretatur
521 800 662 861 latitudo
679 799 854 874 gehennae,
869 798 968 861 vallis
982 798 1064 861 tris·
1117 799 1232 860 nostra
1249 796 1377 859 visibili
1393 797 1444 858 est
1457 795 1638 858 crucifixus
1655 800 1713 857 :et
1736 811 1803 857 rea
1823 801 1892 870 ilat,

265 898 361 970 titiae,
379 898 457 976 quia
468 896 658 971 edificalia,
674 896 726 957 vel
742 896 876 972 vagatio
890 896 926 956 in
941 896 1062 958 mentis
1117 895 1203 958 idest
1214 895 1366 957 diabolus
1381 894 1503 955 ibidem
1519 893 1747 965 invisibiliter,
1759 895 1840 956 sicut
1851 895 1895 958 di·

266 996 445 1058 latitudine
460 994 552 1056 ducit
568 995 736 1056 hominem
751 993 786 1054 in
802 992 1014 1070 protundum,
1030 993 1063 1055 et
1116 996 1204 1056 citur
1216 994 1251 1054 in
1266 994 1384 1055 Glossa
1395 990 1442 1072 (1)
1455 1014 1464 1052 ε
1476 993 1615 1053 Gemina
1629 990 1719 1054 iacta
1733 994 1784 1053 est
1796 993 1893 1054 cruci·

264 1093 435 1156 invallem
452 1091 607 1164 tristitiae,
625 1091 753 1153 scilicet
771 1091 944 1167 gehennae,
962 1106 1062 1168 quam
1117 1092 1213 1165 lixi03
1226 1091 1313 1153 unde
1323 1089 1500 1168 Apostolus
1511 1089 1552 1151 ad
1564 1089 1778 1151 colossenses
1788 1089 1891 1169 (2,15):

264 1191 360 1253 multi
376 1190 440 1251 sibi
460 1189 626 1252 aeditlcant
640 1188 858 1250 foeneratores
874 1203 934 1264 per
948 1188 1063 1248 avari·
1116 1193 1307 1264 bapalmas
1324 1190 1553 1264 pervapatur,
1570 1188 1604 1249 et
1618 1188 1818 1262 potestates,
1832 1188 1894 1250 tro·

263 1290 358 1363 tiam,
374 1289 407 1349 et
422 1287 521 1362 tilios,
537 1289 570 1349 et
589 1286 676 1347 litias
691 1285 877 1357 immolant,
894 1286 926 1346 et
938 1285 1060 1346 incen—
1116 1288 1218 1349 deecit
1232 1287 1455 1359 confidenter,
1467 1291 1586 1359 palam
1600 1286 1820 1359 triumphans
1834 1289 1894 1348 illos

267 1386 349 1448 dunt
357 1385 398 1447 ad
413 1386 554 1456 lucrum,
565 1385 598 1446 et
608 1385 791 1461 peccatum,
806 1385 842 1445 ut
854 1383 921 1443 sint
932 1383 1062 1459 paterni
1116 1388 1153 1446 tn
1164 1384 1360 1459 semetipso,
1376 1383 1507 1446 scilicet
1520 1384 1555 1443 in
1573 1383 1708 1457 gemino
1723 1382 1813 1459 ligno
1827 1399 1894 1444 cru·

265 1483 402 1545 sceleris
415 1482 612 1552 imitatores,
626 1480 757 1542 demum
767 1482 892 1542 aeterno
904 1479 1061 1541 incendio
1116 1482 1176 1542 cis.
1192 1483 1261 1543 lmo
1275 1481 1339 1542 hoc
1354 1479 1496 1542 babetur
1506 1480 1543 1542 in
1558 1482 1674 1541 Graeco
1688 1478 1759 1559 (2):
1776 1483 1895 1542 ibima-

264 1594 340 1642 cum
360 1580 410 1641 eis
429 1578 552 1641 arsuri.
578 1577 672 1640 Unde
692 1580 777 1640 Osee
799 1576 848 1658 (9,
868 1579 907 1638 12
926 1578 959 1640 et
980 1574 1060 1655 13):
1114 1583 1225 1653 pboas
1238 1581 1275 1641 ia
1292 1582 1384 1654 ttpno
1397 1581 1512 1639 cruca
1524 1580 1672 1653 pevntno.
1695 1577 1753 1639 Sic
1771 1577 1895 1639 babetur

264 1674 391 1749 «Quod
406 1675 482 1738 etsi
504 1675 704 1739 enutrierint
723 1674 809 1736 illios
829 1690 919 1748 suos,
938 1673 1061 1737 taciem
1116 1692 1217 1754 super
1237 1677 1341 1738 losue
1368 1697 1376 1736 ε
1406 1674 1558 1736 Christus
1588 1674 1772 1736 crucifixus
1796 1678 1844 1737 est
1866 1675 1893 1735 in

264 1790 323 1836 eos
337 1774 410 1835 sine
425 1772 540 1836 liberis
552 1773 588 1834 in
603 1772 793 1834 bominibus
808 1793 815 1834 ι
830 1771 886 1834 sed
901 1771 1061 1849 Ephraim
1116 1773 1316 1850 exemplum,
1333 1774 1369 1835 ut
1382 1788 1443 1835 nes
1458 1771 1706 1848 crucifigamur.
1723 1773 1893 1833 Crucifixus

263 1872 380 1934 educet
395 1870 436 1933 ad
449 1870 696 1933 interfectorem
709 1869 796 1931 lilios
809 1885 916 1930 suos»
930 1868 971 1930 ad
987 1885 1063 1945 pec·
1116 1873 1189 1934 erat
1201 1871 1336 1942 Paulus,
1345 1870 1431 1949 quod
1440 1870 1522 1932 alibi
1532 1869 1677 1932 ostendit
1686 1869 1892 1948 dicens(t}al.,

263 1969 419 2042 candum,
444 1968 478 2030 et
504 1967 586 2045 ipsis
610 1967 781 2030 faventin
808 1967 967 2044 peccatis,
999 1981 1061 2027 nec
1115 1972 1145 2042 6,
1169 1968 1226 2048 ll)
1249 1990 1257 2029 ε
1278 1968 1501 2030 Mitridatem
1521 1969 1609 2030 obsit
1628 1970 1776 2043 gloriari
1790 1971 1893 2028 narra

264 2066 447 2141 corrigunt.
462 2065 639 2127 immolant
653 2066 744 2141 ipsos
760 2063 904 2135 diabole,
921 2065 954 2125 et
968 2063 1061 2125 mul·
1115 2081 1218 2128 cmcc
1225 2069 1364 2128 Domini
1374 2066 1485 2128 nostri
1493 2068 1577 2127 Jeao
1585 2065 1726 2132 Christi,
1733 2080 1893 2139 perquem

263 2162 362 2225 toties
382 2163 499 2224 carent
517 2160 707 2223 haeredibus
722 2161 804 2221 suis.
817 2160 890 2229 Vel,
902 2160 1061 2238 Ephraim
1114 2167 1359 2226 minimarum
1370 2164 1562 2235 cromnam
1573 2163 1637 2236 est,
1648 2162 1683 2224 et
1695 2176 1758 2238 epo
1769 2165 1892 2223 miodo.

264 2259 433 2322 educetad
446 2257 693 2320 interfectorem
704 2257 792 2319 tilios
806 2273 884 2319 suos
900 2255 1060 2330 docendo,
1117 2261 1171 2322 Sic
1186 2261 1219 2321 et
1231 2259 1372 2338 quilibet
1390 2259 1487 2322 debet
1503 2259 1665 2334 cruciligi,
1683 2261 1720 2320 ut
1733 2261 1766 2320 et
1778 2258 1844 2335 ipse
1856 2258 1896 2319 sit

266 2372 327 2435 per
341 2372 477 2418 usuram
492 2356 609 2431 augeri
623 2354 744 2416 debere
762 2354 949 2431 pecuniam.
967 2352 1061 2417 Unde
1116 2359 1238 2420 mundo
1254 2360 1404 2419 mortuus
1426 2373 1491 2434 quo
1510 2357 1551 2418 ad
1574 2356 1690 2418 mundi
1711 2356 1848 2432 negotia,
1866 2357 1895 2416 et

268 2455 418 2532 sequitur
432 2450 670 2532 (ibid.,9,1l):
684 2469 703 2512 a
715 2455 763 2514 Da
778 2451 827 2514 eis
839 2451 973 2513 vulvam
988 2450 1061 2511 siue
1116 2454 1259 2517 mundus
1274 2457 1305 2516 ei
1319 2456 1479 2533 quantum
1493 2454 1535 2515 ad
1549 2469 1664 2516 omnes
1682 2453 1827 2516 affectus.
1839 2453 1893 2513 Vel

265 2550 392 2623 liberis,
413 2552 446 2613 et
465 2550 568 2612 ubera
588 2550 731 2622 arentia,
747 2565 766 2609 »
785 2552 822 2611 ut
843 2548 972 2610 scilicet
994 2563 1061 2609 non
1115 2555 1151 2614 in
1168 2553 1260 2629 ligno
1274 2553 1385 2614 crucis
1402 2551 1583 2612 crucifixus
1598 2552 1650 2613 est
1663 2551 1705 2612 ad
1721 2550 1894 2627 exemplum

19 2643 20 2658 ¹
144 2727 149 2738 J
266 2648 416 2725 gignant,
433 2649 466 2710 et
480 2650 508 2709 si
525 2649 713 2725 genuerint,
730 2663 797 2709 non
813 2647 959 2709 habeant
972 2646 1061 2708 unde
1115 2654 1276 2724 nostrum,
1287 2650 1422 2712 utvitiis
1435 2648 1734 2724 crucifigamur30t
1744 2648 1891 2718 diabolus

268 2745 394 2807 lactent
407 2745 494 2807 tilios
509 2744 641 2807 diabolo
656 2743 864 2805 nutriendos.
1115 2750 1300 2811 natantum
1315 2748 1444 2815 noceat,
1461 2748 1619 2825 quantum
1635 2745 1810 2808 desiderat
1830 2750 1894 2806 Per

1114 2862 1216 2932 orcam
1233 2848 1319 2907 mibi
1331 2848 1482 2907 mundus
1500 2845 1694 2915 caeciliana
1714 2846 1778 2915 eat,
1791 2845 1825 2904 nt
1839 2858 1893 2917 ego

1115 2944 1274 3021 quantum
1289 2942 1330 3004 ad
1348 2941 1482 3018 negotia
1497 2940 1612 3003 mundi
1631 2940 1892 3018 contemptibilia

540 3021 680 3082 SERMO
710 3019 786 3081 001·
1114 3042 1149 3103 et
1169 3043 1384 3118 coemendo,
1400 3041 1438 3101 ut
1456 3038 1691 3101 nonadectem
1707 3054 1778 3116 quae
1791 3036 1894 3099 mundi

265 3163 391 3234 Qualiter
409 3161 537 3221 Christus
548 3176 602 3220 nos
617 3177 667 3235 per
681 3161 846 3234 passionem
859 3158 1059 3234 congregavit,
1115 3141 1203 3210 sunt,
1221 3139 1309 3201 ⁸¹⁰¹st
1323 3142 1395 3216 Otus
1410 3138 1577 3199 81Ὼᾶῖοΐῶ
1590 3137 1730 3199 faciunt*

366 3252 413 3326 qui
426 3265 542 3310 eramus
556 3249 677 3323 dispersi
690 3264 740 3324 per
754 3249 867 3307 diversa
880 3248 959 3306 vitia.
1153 3238 1223 3298 «Et
1236 3235 1454 3312 congregabit
1462 3233 1621 3312 profugos
1631 3234 1749 3296 Israel.
1760 3236 1832 3295 »De
1841 3232 1895 3292 hoc

1115 3334 1275 3397 babemus
1289 3334 1325 3394 in
1340 3332 1488 3395 Levitico
1506 3331 1571 3411 (ab,
1591 3332 1646 3410 36)
1662 3354 1670 3393 z
1685 3335 1754 3393 «ln
1770 3332 1896 3407 regione

1113 3432 1260 3494 hostium
1285 3429 1334 3509 (3)
1354 3429 1494 3493 terrebit
1514 3445 1573 3491 eos
1601 3429 1732 3492 sonitus
1752 3428 1895 3491 foliorum

1113 3529 1298 3591 volantium
1317 3528 1436 3603 magis,
1454 3542 1554 3604 quam
1577 3526 1723 3602 gladius.
1739 3544 1758 3586 a
1777 3525 1897 3588 Folium

261 3650 266 3661 ·
305 3628 368 3688 Hic
388 3626 453 3688 duo
467 3625 611 3704 petimus
628 3646 636 3686 ε
655 3626 684 3686 Α
705 3623 845 3685 Domino
867 3622 1012 3696 salvari3
1027 3622 1061 3683 et
1114 3627 1187 3689 leve
1201 3627 1262 3697 est,
1280 3625 1346 3687 cito
1360 3625 1529 3698 inarescit,
1545 3626 1579 3685 et
1592 3623 1633 3685 de
1655 3622 1748 3686 facili
1769 3640 1788 3685 a
1808 3622 1897 3684 vento

266 3724 307 3786 de
322 3722 514 3786 nationibus
528 3722 738 3798 congregari.
748 3719 990 3782 concordantia
1003 3718 1060 3779 ha·
1113 3724 1255 3801 rapitur.
1270 3724 1325 3784 Sic
1339 3721 1484 3784 bonores
1498 3721 1600 3799 huius
1614 3721 1743 3793 mundi,
1756 3724 1789 3783 et
1801 3719 1898 3782 tacu·

264 3821 364 3883 betur
389 3822 486 3882 Isaiae
505 3818 574 3900 (11,
598 3820 654 3898 12)
676 3840 684 3879 ε
705 3817 877 3880 ‹Levabit
899 3816 1059 3879 Dominus
1112 3822 1210 3894 tates,
1227 3822 1260 3882 et
1273 3819 1452 3895 dignitates
1467 3819 1534 3881 cito
1551 3819 1740 3891 transeunt,
1757 3820 1840 3880 sicut
1853 3815 1898 3876 ie-

266 3917 398 3993 signum
411 3916 619 3988 lunationes,
633 3916 668 3977 et
676 3913 891 3991 congregabit
900 3912 1059 3991 profugos
1114 3918 1234 3980 lienum
1248 3916 1390 3978 sonitus.
1405 3916 1557 3978 Secundo
1572 3918 1652 3977 sunt
1665 3916 1827 3978 volantes.
1836 3916 1896 3975 lloc

265 4014 382 4088 Israel,
394 4017 428 4075 et
439 4013 608 4090 dispersos
619 4010 938 4089 colligetaquatuor
950 4010 1060 4088 plagis
1114 4015 1230 4076 solium
1250 4015 1372 4075 multos
1396 4015 1512 4088 terret,
1529 4014 1597 4075 imo
1618 4015 1729 4091 ipsum
1749 4015 1897 4089 tanqmm

264 4114 376 4175 terrae.
391 4128 409 4171 a
423 4109 563 4173 Levabit
576 4098 736 4171 Dominus
751 4109 881 4186 signum
897 4108 931 4169 in
949 4108 1061 4169 natio·
1112 4112 1260 4188 gladium
1274 4110 1417 4187 fugiunt,
1432 4110 1510 4188 quia
1523 4110 1629 4187 magis
1641 4111 1761 4172 timent
1774 4108 1897 4187 quidam

213 4222 220 4235 ·
265 4210 490 4285 nes‚·signum
508 4208 628 4279 crucis,
649 4207 683 4267 in
710 4222 774 4284 quo
799 4206 890 4267 salus
907 4204 995 4266 iacta
1009 4206 1060 4267 est
1113 4207 1273 4271 caderea
1296 4207 1526 4284 dignitatibus,
1547 4209 1581 4268 et
1598 4206 1786 4269 bonoribus
1808 4205 1897 4282 hujus

264 4308 301 4368 in
324 4306 490 4383 gentibus,
512 4307 545 4367 et
559 4304 712 4367 diabolus
734 4306 786 4366 est
802 4302 849 4365 ibi
864 4302 1057 4364 crucifixus.
1113 4305 1238 4385 mundi,
1257 4319 1357 4383 quam
1371 4304 1482 4380 gladio
1498 4303 1604 4365 divini
1616 4302 1748 4380 judicii.
1764 4305 1811 4366 Et
1826 4316 1898 4363 con-

265 4404 358 4477 Quod
380 4404 547 4479 signatum
571 4406 622 4464 est
646 4416 705 4480 per
724 4401 803 4476 hoc,
826 4399 912 4478 quod
937 4398 1060 4461 dicitur
1111 4399 1563 4478 prepmrtuapersosmnae
1572 4394 1896 4477 Ezechielis(36,19):

264 4503 367 4563 losue
384 4499 429 4579 (8,
444 4501 497 4579 29)
516 4521 523 4559 ι
539 4516 558 4560 a
574 4503 646 4562 ilex
667 4498 730 4559 Hai
754 4513 935 4575 suspensus
954 4497 1006 4558 est
1023 4495 1058 4556 in
1112 4497 1292 4574 ‹Dispersi
1308 4511 1365 4559 eos
1377 4496 1413 4557 in
1425 4497 1552 4574 gentes,
1566 4499 1600 4559 et
1613 4495 1769 4558 ventilati
1784 4493 1897 4556 suntin

266 4595 414 4675 patibulo
428 4612 447 4657 a
461 4598 677 4658 losue.»1>er
691 4610 803 4671 regem
816 4594 880 4655 liei
893 4592 1056 4665 diabolus,
1113 4598 1223 4657 terras
1239 4615 1247 4655 ε
1259 4596 1357 4670 juxta
1372 4595 1445 4655 vias
1460 4609 1588 4665 eornm,
1604 4594 1638 4655 et
1652 4593 1899 4655 adinventiones

267 4694 324 4773 qui
339 4708 521 4770 suspensus
531 4694 582 4754 est
595 4693 630 4753 in
645 4691 794 4769 patibulo
809 4692 929 4764 crucis,
943 4691 978 4751 in
994 4706 1058 4768 qua
1113 4708 1228 4754 eorum
1239 4691 1389 4769 iudicavi
1403 4706 1489 4752 eos»
1500 4706 1508 4764 ;
1519 4693 1553 4752 et
1565 4690 1629 4768 ipsi
1645 4693 1819 4768 coeperunt
1831 4703 1899 4749 ven·

266 4792 391 4869 duplex
405 4793 457 4852 est
470 4790 597 4866 lignum
611 4789 746 4865 propter
767 4788 934 4864 geminam
953 4788 1060 4849 ratio-
1112 4791 1193 4860 tum,
1214 4787 1342 4849 scilicet
1364 4787 1557 4858 vanitatem,
1585 4802 1660 4864 quae
1681 4786 1829 4849 detrabit
1849 4798 1899 4845 eos

265 4905 353 4961 nem,
370 4890 407 4950 ut
420 4887 543 4949 dicitur
557 4901 659 4963 super
671 4886 773 4947 losue
789 4906 796 4945 ε
813 4884 862 4945 Ibi
872 4885 960 4947 enim
975 4882 1060 4945 visi·
1113 4901 1173 4962 per
1188 4900 1275 4946 vana
1289 4884 1436 4962 peccata.
1452 4883 1514 4945 Vel
1529 4886 1756 4961 conceperunt
1774 4884 1898 4945 ventum

264 4986 378 5048 biliter
388 4985 538 5047 Christus
554 4998 737 5060 suspensus
750 4983 801 5043 est
814 4981 856 5043 ad
869 4981 1059 5059 exemplum
1113 4982 1279 5053 elationis,
1296 4982 1329 5042 et
1346 4980 1516 5052 vanitatis,
1537 4982 1570 5043 et
1589 4981 1647 5041 ille
1662 4981 1838 5042 ventilavit
1849 4994 1898 5040 eos

265 5084 427 5157 nostrum,
444 5083 480 5143 ut
493 5081 585 5142 vitiis
599 5079 845 5156 crucifigamur,
861 5081 895 5142 et
906 5077 1059 5140 diabolus
1112 5080 1148 5141 in
1169 5079 1302 5141 diversa
1321 5078 1415 5140 vitia.
1438 5080 1485 5139 De
1505 5078 1569 5140 hoc
1590 5081 1690 5140 vento
1711 5077 1796 5141 dicit
1812 5080 1898 5140 Jere-

264 3390 469 3450 Salooa.nos
484 3358 552 3461 sco,
576 3389 722 3447 Domino
748 3388 842 3447 Deus
869 3383 1000 3454 noster,
1026 3383 1060 3444 et

289 3498 462 3561 congrego
474 3499 537 3546 nos
547 3486 589 3546 de
601 3483 796 3545 actionibus
808 3479 877 3561 (Ps.
890 3480 960 3555 105,
967 3477 1033 3560 47).

316 5250 344 5317 l)
359 5247 467 5305 Glossae
482 5246 543 5303 ord.
560 5261 595 5303 ex
609 5246 689 5319 orig.
1113 5255 1182 5313 trus,
1192 5244 1269 5318 quod
1278 5246 1404 5304 Christus
1414 5244 1573 5311 crucifixus,
1589 5243 1673 5301 nobis
1686 5244 1804 5317 reliquit
1816 5256 1898 5300 axam

179 5344 182 5349 2
314 5319 342 5390 2)
359 5318 483 5375 liabetur
502 5317 531 5373 in
546 5317 654 5385 draeo,
671 5323 725 5373 etc.
744 5314 835 5373 Testis
855 5322 898 5372 est
918 5315 964 5373 Ori
989 5328 1059 5373 enas
1113 5317 1214 5389 plum:
1235 5315 1340 5373 atilae
1360 5314 1497 5383 secunda,
1517 5330 1572 5387 qua
1593 5330 1664 5373 crux
1683 5316 1729 5372 illa
1748 5314 1895 5388 tropheum

265 5389 370 5445 Hamil.
391 5389 457 5447 lllll
477 5389 505 5444 in
524 5388 621 5455 losue,
641 5386 760 5469 ,tomuli
779 5385 847 5468 edit.
864 5387 955 5443 Maur.
997 5400 1057 5469 en,
1112 5386 1275 5444 dedlabolo
1291 5385 1352 5455 luit,
1368 5387 1511 5458 laqueet
1531 5385 1744 5444 crucifixusest
1765 5386 1895 5444 amnn-

265 5472 334 5583 mg
350 5457 412 5526 alb,
431 5472 510 5514 num.
526 5457 564 5513 3:
583 5477 594 5506 ‹
617 5458 695 5513 Licet
714 5471 743 5512 lu
763 5457 826 5513 alus
847 5456 1059 5528 exemplaribus
1114 5459 1227 5531 pilatus.
1246 5478 1258 5506 ι

269 5665 380 5721 minicae
398 5667 491 5723 crucis
509 5684 520 5723 ι
536 5680 592 5723 uua
607 5668 612 5678 ‘
626 5667 663 5735 la,
680 5680 735 5739 qua
750 5664 818 5724 dicit
837 5667 991 5738 Apostolus
1003 5668 1056 5726 Pe·
1112 5669 1246 5738 volantis,
1261 5675 1289 5725 et
1304 5667 1342 5724 ita
1358 5666 1468 5739 lugient
1482 5668 1564 5739 quasi
1578 5666 1716 5740 gladium.

323 5534 414 5594 eatur,
443 5525 622 5609 triumphans
645 5527 674 5582 in
703 5527 877 5599 semetipso,
906 5526 958 5610 sed
983 5541 999 5584 a
1021 5525 1059 5583 ud
1149 5524 1571 5611 (³)Y1ssg·1D⁸b⁰,lt³V⁰leffl
1596 5526 1626 5609 in
1650 5524 1787 5609 cordibus
1809 5538 1894 5603 eorum
1955 5538 1956 5593 ξ

268 5598 382 5652 Grecos
396 5594 524 5665 babetur,
545 5610 575 5651 in
591 5595 681 5722 Ιιέηο.
697 5598 774 5667 Ergo
789 5596 892 5667 duplex
906 5605 978 5654 ratio
1046 5628 1055 5638 -
1113 5599 1142 5654 in
1166 5596 1331 5669 regionibus
1348 5595 1473 5653 bostrum
1489 5612 1496 5652 :
1515 5596 1631 5654 terrebit
1648 5610 1699 5652 eos
1716 5606 1831 5655 malua
1847 5595 1894 5652 istu
1955 5616 1956 5641 2
