3950 6200
200 260 238 321 at
817 258 993 323 HONORII
1015 261 1059 322 ΙΙΙ
1080 262 1226 325 OPERA.
1797 266 1837 328 32

200 419 365 481 insultare
386 422 501 480 contra
521 419 666 481 cultores
684 418 761 480 ildei
786 421 990 493 orthodoxae,

202 515 430 592 experimento
441 516 640 592 cognoscent
650 515 747 592 qnod,
760 518 824 577 etsi
834 518 993 578 Dominus

200 612 315 673 fideles
342 628 420 673 suos
447 613 579 688 propter
607 613 742 688 peccata
770 614 916 689 ipsorum
951 614 992 673 ud

200 710 479 788 tempusquadam
490 709 687 771 contusione
695 709 889 785 perfuderit,
903 710 992 787 ipsos

199 805 393 886 tamenjeJus
408 807 577 868 miseratio
591 810 749 883 perpetuo
764 823 831 867 non
844 807 990 884 reliquit.

241 906 413 973 Caeterum,
442 904 520 980 quia
548 906 627 965 tunc
655 908 722 965 Deo
752 908 886 980 accepta
915 905 992 964 sunt

197 1002 343 1063 humana
361 1001 509 1071 servitia,
531 1017 605 1061 cnm
621 1002 662 1062 ad
683 1005 756 1078 ejus
776 1001 936 1062 honorem
958 1004 992 1063 et

199 1097 331 1160 laudern
353 1098 581 1174 principaliter
595 1098 799 1169 reseruntur,
814 1098 991 1160 discretio-

198 1210 274 1258 nem
299 1192 389 1257 tuam
408 1196 652 1257 sollicitandam
677 1196 834 1256 duximus
863 1197 895 1257 et
915 1212 989 1256 mo-

198 1294 351 1365 nendam,
369 1309 429 1369 per
450 1292 640 1369 Apostolica
665 1293 726 1354 tibi
751 1292 874 1369 scripta
892 1308 990 1354 man·

199 1390 334 1460 dantes,
344 1392 506 1465 quatenus
524 1389 632 1464 ipsum
647 1404 770 1463 regem,
787 1391 822 1450 et
835 1389 990 1464 praelatos

199 1503 239 1549 ae
259 1487 430 1562 magnates
454 1486 539 1546 alios
565 1485 645 1545 dicti
671 1485 777 1561 regni,
808 1485 989 1546 seeundum

199 1586 310 1647 datam
324 1584 420 1645 tibia
448 1586 515 1644 Dee
535 1582 743 1659 prudentiam
756 1598 891 1644 moneas
912 1583 990 1643 dili-

196 1683 322 1760 genter,
339 1684 385 1753 ut,
404 1680 564 1742 hahentes
585 1680 769 1756 simplicem
796 1680 929 1742 oculum
952 1681 989 1740 in

198 1780 262 1841 hoc
276 1778 375 1850 iacto,
393 1779 554 1855 quatenus
567 1777 666 1839 arbor
679 1777 766 1838 hona
780 1778 881 1840 iaciat
894 1775 988 1838 truc-

197 1876 376 1948 tusbonos,
387 1875 587 1940 oblationem
603 1875 751 1953 obsequii
760 1875 813 1936 sui
827 1891 894 1936 non
908 1891 990 1936 con-

198 1975 362 2037 taminent
395 1973 536 2049 alicujus
578 1973 795 2034 ammixtione
817 1973 986 2044 fermenti,

198 2072 255 2133 sed
271 2070 361 2132 omni
375 2069 457 2131 vitio
473 2068 662 2146 cupiditatis
677 2069 823 2141 excluso,
843 2070 892 2130 sie
906 2085 988 2146 pure

194 2169 368 2231 intendant
382 2167 424 2228 ad
437 2167 709 2243 exstirpationem
723 2166 891 2228 haereticae
910 2181 989 2243 pra-

196 2267 320 2335 vitatis,
335 2264 420 2343 quod
433 2264 474 2325 ad
489 2264 716 2341 occupandum
734 2264 857 2325 terram
872 2264 989 2327 catho-

196 2364 350 2434 licorum,
376 2378 415 2423 ac
438 2362 629 2439 specialiter
649 2360 691 2422 ad
713 2361 836 2423 terram
854 2362 986 2438 imperii

195 2462 250 2525 vel
273 2476 388 2537 regum
410 2459 539 2536 Angliae
561 2475 600 2521 uc
621 2462 811 2534 Aragonum
835 2459 932 2521 sitam
951 2459 986 2519 in

195 2558 344 2638 partibus
356 2557 424 2618 illis
450 2573 569 2618 manus
589 2556 767 2618 extendere
782 2572 987 2633 nonpraesu-

193 2657 295 2726 mant,
309 2670 351 2715 ne
363 2654 520 2731 pietatem
535 2653 738 2714 conuertisse
752 2652 930 2713 uideantur
950 2652 985 2712 in

194 2753 367 2830 quaestum,
394 2750 481 2812 etad
507 2765 604 2809 suum
627 2750 804 2811 retorsisse
829 2765 987 2825 compen-

195 2848 285 2909 dium
294 2847 380 2925 quod
390 2846 430 2909 oh
441 2846 589 2907 divinum
600 2847 783 2907 noscuntur
792 2845 983 2923 obsequium

195 2945 385 3023 incoepisse.

233 3042 382 3120 Denique
394 3040 476 3103 illud
490 3041 552 3105 tihi
566 3057 640 3104 esse
661 3041 813 3104 volumus
830 3041 985 3104 manifes-

193 3142 275 3213 tum,
290 3140 376 3218 quod
402 3140 498 3201 nohis
525 3139 558 3201 et
571 3139 730 3202 iratribus
752 3141 874 3202 nostris
887 3140 984 3201 valde

193 3240 368 3300 molestum
387 3239 560 3309 existeret,
583 3238 612 3298 si
636 3239 726 3298 terra
752 3238 881 3314 praefati
894 3239 983 3313 regis

191 3336 337 3411 Angliae,
375 3350 472 3412 quam
518 3333 616 3397 hahet
647 3335 681 3395 in
713 3334 862 3410 partibus
893 3335 980 3407 illis,

192 3432 383 3510 hujusmodi
412 3431 586 3493 occasione
616 3432 741 3492 destrui
779 3433 984 3509 contingeret

191 3528 487 3606 vellerentque
513 3546 585 3606 quae
608 3530 755 3605 ejusdem
775 3530 863 3605 regis
892 3547 984 3591 com-

192 3629 289 3690 modo
302 3627 464 3688 ethonori
475 3627 629 3689 tenemur
651 3626 833 3697 intendere,
851 3627 981 3688 dicere-

192 3741 267 3786 mur
281 3728 354 3801 ejus
368 3724 463 3799 gravi
476 3723 648 3799 dispendio
662 3740 796 3785 causam
809 3723 981 3786 manifeste

191 3822 332 3883 dedisse.
355 3824 463 3892 Quare
479 3820 612 3881 studeas
637 3820 779 3882 sollicite
794 3822 979 3896 providere,

190 3919 227 3980 ut
249 3918 486 3980 catholicorum
502 3917 659 3986 omniurn,
677 3919 709 3978 et
724 3918 913 3994 specialiter
930 3919 982 3996 ip—

191 4016 261 4078 sius
273 4015 373 4092 regis,
384 4014 534 4090 ¹honores
548 4015 581 4074 et
600 4017 677 4091 jura
692 4015 820 4077 illibata
840 4030 980 4077 serven-

188 4115 254 4185 tur,
273 4113 453 4174 secundum
468 4113 626 4171 statutum
641 4111 780 4171 Concilii
801 4114 978 4188 generalis,

190 4227 263 4272 eam
272 4210 377 4271 inhoc
387 4209 592 4285 diligentiam
604 4207 801 4280 adhihenda,
816 4210 901 4285 quod
914 4212 980 4272 tuae

189 4306 496 4384 circumspectionis
530 4305 787 4367 sollicitudinem
816 4307 979 4383 possimus

188 4405 224 4465 in
240 4403 302 4464 hoc
315 4404 508 4480 specialiter
516 4403 759 4483 commendare.
770 4402 841 4481 (Sic
853 4406 978 4466 terari-

188 4502 305 4573 natur,
323 4504 447 4574 uosque
460 4502 675 4575 temporario
685 4498 794 4578 aeota.)

522 4740 645 4826 xcix

278 4893 329 4953 Ad
348 4881 534 4960 Andraem,
551 4904 669 4966 regem
683 4892 886 4965 Huagartoe.

393 5072 404 5090 ,
436 5021 467 5077 li
492 5017 626 5076 februarii
647 5020 728 5076 1226.

294 5144 386 5210 [Fejen
407 5141 469 5193 God.
491 5140 598 5206 diplom.
615 5141 868 5209 lluug.,iil,1r,7t.]

184 5261 329 5321 Andream
345 5273 446 5332 regem
466 5258 619 5331 Hungariae
638 5260 765 5329 equitum
785 5259 972 5320 theutonico·

219 5363 283 5407 rum
308 5344 543 5415 revocandorum,
576 5347 852 5405 restituendorumve
881 5352 974 5422 gratio

219 5436 510 5496 extremucontentio.

222 5560 401 5633 Honorius,
413 5560 488 5633 ete,
501 5560 700 5638 illustriregi
708 5563 898 5639 Hungariae,
908 5565 969 5628 etc.

1089 423 1181 483 Sicut
1195 421 1367 483 serenitati
1389 424 1455 484 tuae
1465 424 1537 499 jam
1562 425 1730 488 multoties
1744 425 1836 496 litter

1048 519 1095 578 ris
1120 519 1242 580 nostris
1262 519 1451 580 insinuasse
1474 521 1663 593 recolimus,
1681 524 1837 599 inspectis

1048 614 1233 690 privilegiis
1258 615 1335 683 tuis,
1363 614 1488 691 liquido
1522 618 1779 689 continentibus,
1806 621 1838 680 te

1048 712 1170 772 terram
1184 714 1289 782 Bozae,
1307 727 1347 771 ae
1367 712 1454 773 ultra
1478 715 1607 775 Montes
1622 716 1769 786 Nivium,
1785 716 1837 775 di-

1048 808 1142 868 lectis
1167 808 1245 868 filiis
1275 808 1431 870 tratribus
1452 810 1568 870 domus
1597 811 1777 887 Hospitalis
1802 815 1835 873 S.

1047 904 1162 964 Mariae
1173 905 1263 965 Then
1270 907 1451 965 lonicorum
1464 908 1558 981 regia
1568 906 1770 969 liberalitate
1782 909 1838 970 do-

1046 1017 1157 1073 nasse,
1195 1004 1318 1063 terram
1342 1004 1449 1078 ipsam
1477 1004 1518 1063 ad
1546 1021 1679 1080 precum
1704 1008 1835 1067 tuarum

1046 1098 1265 1158 constantiam
1284 1098 1345 1157 suh
1368 1099 1566 1173 apostolicae
1589 1100 1682 1160 Sedis
1703 1104 1835 1178 protec-

1044 1193 1134 1253 tione
1147 1195 1361 1270 suscepimus
1381 1210 1519 1271 eamque
1535 1196 1688 1257 libertate
1706 1196 1837 1259 dotari·

1045 1306 1118 1350 mus
1130 1291 1278 1367 speciali,
1296 1292 1470 1352 statuendo
1480 1308 1554 1353 eam
1574 1293 1668 1365 nulli,
1686 1294 1751 1354 nisi
1766 1297 1835 1356 Ro-

1046 1403 1144 1449 mane
1158 1388 1311 1449 Pontifici
1329 1389 1512 1465 subjacere,
1529 1392 1693 1466 quatenus
1719 1391 1835 1453 eadem

1044 1500 1104 1560 per
1117 1485 1180 1545 hoc
1204 1485 1332 1546 colonis
1356 1486 1454 1547 citius
1477 1487 1687 1563 impleretur;
1713 1490 1746 1548 et
1768 1488 1834 1549 tuae

1044 1581 1232 1658 largitionis
1254 1582 1407 1643 meritum
1420 1599 1460 1644 eo
1476 1584 1575 1645 altius
1590 1587 1752 1660 surgeret,
1768 1600 1832 1662 quo

1044 1679 1134 1754 pium
1144 1679 1378 1741 munificentiae
1394 1683 1459 1741 tuae
1474 1680 1596 1742 donum
1607 1684 1718 1742 Terrae
1732 1684 1832 1743 Sanc-
1884 1672 1887 1676 ⁴

1043 1778 1097 1847 tae,
1113 1779 1208 1853 cujus
1223 1776 1390 1853 ohsequiis
1402 1777 1481 1839 dieti
1496 1776 1616 1839 iratres
1631 1794 1668 1839 se
1683 1779 1831 1841 totaliter

1043 1873 1266 1945 devoverunt,
1301 1872 1437 1935 uberius
1474 1875 1676 1951 proveniret.
1710 1875 1834 1936 Deinde

1043 1972 1117 2047 post
1138 1969 1260 2030 multas
1274 1971 1470 2032 vexationes
1494 1973 1527 2033 et
1550 1971 1730 2043 molestias,
1752 1988 1834 2048 quas

1043 2083 1144 2143 super
1171 2068 1258 2129 dicta
1274 2069 1364 2128 terra
1386 2068 1552 2129 dicebaris
1574 2070 1655 2146 ipsis
1676 2067 1834 2131 iratribus

1042 2165 1219 2241 irrogasse,
1232 2180 1333 2241 super
1345 2164 1464 2241 quihus
1476 2165 1536 2227 tihi
1553 2166 1720 2228 multoties
1735 2166 1829 2228 dire-

1041 2261 1152 2322 ximus
1165 2262 1288 2337 scripta
1298 2266 1423 2335 nostra,
1440 2263 1472 2323 te
1492 2262 1623 2324 demum
1637 2265 1761 2325 nostris
1771 2280 1834 2325 au·

1041 2359 1133 2420 ribus
1167 2360 1352 2428 intimante,
1387 2359 1473 2436 quod
1506 2360 1572 2437 ipsi
1597 2360 1718 2422 iratres
1749 2361 1833 2422 fines

1042 2457 1299 2533 possessionum,
1311 2472 1331 2517 a
1345 2457 1378 2518 te
1391 2456 1455 2517 sihi
1466 2472 1711 2530 concessarum,
1723 2474 1832 2533 egres·

1041 2556 1080 2625 si,
1093 2554 1252 2631 quasdam
1267 2571 1310 2615 ex
1323 2555 1389 2616 tuis
1402 2555 1667 2631 possessionibus
1689 2571 1832 2633 occupa·

1040 2654 1133 2726 runt;
1150 2668 1224 2713 eum
1239 2667 1299 2729 per
1325 2651 1454 2713 litteras
1478 2654 1608 2714 nostras
1637 2654 1833 2715 mandasse·

1040 2765 1113 2809 mus
1128 2749 1263 2819 eisdem,
1278 2751 1314 2811 ut
1326 2749 1415 2825 ipsas
1430 2751 1658 2825 possessiones
1679 2752 1744 2812 tuae
1758 2751 1831 2812 cel-

1040 2846 1177 2910 situdini
1215 2847 1438 2918 restituerent,
1475 2848 1509 2908 et
1541 2847 1583 2907 ab
1616 2850 1832 2925 occupatione

1040 2944 1182 3004 aliorum
1200 2942 1362 3004 honorum
1376 2945 1508 3005 tuorum
1523 2944 1564 3005 de
1588 2946 1707 3007 caetero
1723 2945 1829 3005 ahsti·

1039 3043 1166 3102 nerent.
1183 3043 1242 3113 Tu,
1259 3042 1345 3118 quod
1368 3040 1605 3115 intelleximus,
1630 3042 1671 3102 de
1697 3058 1832 3120 posses-

1039 3138 1188 3200 sionibus
1201 3138 1279 3209 illis,
1302 3155 1385 3215 quas
1408 3139 1604 3201 dicebantur
1627 3141 1723 3201 extra
1747 3156 1829 3201 con·

1039 3252 1208 3296 cessarum
1230 3235 1294 3296 sihi
1327 3237 1484 3297 terminos
1508 3252 1701 3314 occupasse,
1719 3238 1828 3299 nitens

1038 3336 1242 3410 retorquere,
1258 3333 1298 3394 ad
1309 3334 1397 3405 illas,
1412 3350 1492 3410 quas
1502 3334 1551 3395 eis
1565 3336 1620 3410 pia
1630 3334 1830 3396 liberalitate

1038 3419 1179 3502 donasti,
1197 3432 1231 3491 et
1245 3447 1328 3506 quae,
1346 3435 1382 3492 ut
1404 3431 1570 3504 duximus,
1587 3433 1636 3492 eis
1651 3432 1692 3492 ad
1714 3448 1829 3509 preces

1037 3528 1827 3604 tuassuntauctoritatenpostolieaconfirmatae,

1037 3625 1226 3702 praecepisti
1253 3625 1388 3697 eisdem,
1406 3627 1442 3686 ut
1463 3628 1586 3687 terram
1610 3627 1716 3701 ipsam
1737 3643 1757 3687 a
1784 3630 1827 3698 te,

1037 3723 1133 3798 prout
1152 3725 1221 3798 jam
1245 3722 1411 3794 duximus,
1433 3724 1497 3783 sihi
1524 3723 1678 3785 donatam
1700 3725 1829 3787 intuitu

1037 3820 1180 3895 pietatis,
1194 3822 1225 3880 et
1241 3836 1260 3880 a
1277 3820 1360 3879 Sede
1378 3820 1566 3896 Apostolica
1583 3821 1825 3889 confirmatam,

1035 3916 1096 3976 tihi
1106 3916 1261 3977 continuo
1276 3916 1501 3990 resignarent;
1521 3918 1581 3989 eis,
1594 3919 1659 3978 uisi
1674 3920 1740 3979 tuae
1748 3921 1828 3993 jus-

1036 4013 1122 4073 sioni
1151 4015 1316 4090 parerent,
1342 4015 1460 4088 gravia
1495 4014 1737 4075 comminando.
1768 4017 1828 4076 His

1034 4110 1147 4186 itaque
1182 4110 1222 4170 ad
1260 4110 1462 4172 audientiam
1497 4113 1645 4173 nostram
1679 4114 1828 4189 ipsorum

1035 4206 1173 4267 fratrum
1187 4207 1411 4269 insinuatione
1425 4209 1573 4283 perlatis,
1588 4225 1649 4270 nos
1661 4209 1781 4270 honori
1794 4210 1827 4271 et

1035 4304 1135 4365 saluti
1149 4307 1226 4375 tuae,
1242 4305 1355 4380 acjuri
1372 4305 1535 4365 dictorum
1549 4305 1687 4367 fratrum
1704 4307 1824 4368 uolen-

1034 4403 1094 4473 tes,
1131 4405 1229 4478 prout
1258 4402 1300 4462 ad
1328 4403 1477 4462 nostrum
1510 4406 1636 4479 spectat
1666 4405 1823 4476 officium,

1034 4499 1217 4575 providere,
1233 4499 1664 4575 circumspectionemtuam
1687 4518 1746 4578 per
1766 4502 1825 4563 lit·

1033 4596 1123 4657 teras
1139 4599 1269 4657 nostras
1284 4610 1429 4668 monere,
1442 4612 1482 4657 ac
1497 4598 1625 4659 hortari
1638 4599 1824 4659 studuimus

1034 4694 1220 4770 diligenter,
1249 4696 1285 4754 ut
1310 4696 1491 4770 prudenter
1519 4695 1702 4768 attendens,
1737 4698 1824 4772 quod

1034 4791 1117 4851 nihil
1144 4793 1179 4851 in
1199 4792 1269 4852 tuto
1282 4792 1464 4867 reponitur,
1482 4793 1548 4852 nisi
1561 4793 1644 4869 quod
1661 4794 1717 4868 pia
1739 4793 1826 4854 libe-

1032 4888 1325 4960 ralitatedonatur,
1340 4905 1379 4949 ac
1387 4889 1542 4964 praelatas
1553 4890 1681 4950 litteras
1690 4893 1824 4951 nostras

1033 4986 1213 5046 secundum
1229 5001 1346 5046 sanum
1362 4986 1566 5047 intellectum
1581 4988 1736 5063 superius
1757 5003 1822 5048 ex-

1032 5099 1191 5159 pressum,
1209 5083 1388 5159 accipiens,
1403 5083 1643 5145 olcusnatres
1663 5100 1731 5146 non
1749 5101 1825 5148 mo-

1031 5179 1169 5241 lestares
1191 5180 1332 5241 ulterius
1354 5195 1454 5256 super
1472 5179 1561 5241 terra
1586 5181 1649 5242 sibi
1672 5197 1692 5242 a
1718 5183 1751 5243 te
1765 5184 1823 5259 pia

1030 5275 1231 5336 liberalitate
1259 5275 1392 5346 donata,
1418 5273 1475 5335 sed
1502 5290 1575 5336 eam
1599 5276 1737 5353 pacifice
1756 5279 1821 5341 sihi

1030 5371 1214 5433 dimitteres
1243 5372 1423 5432 secundum
1449 5371 1572 5433 limites
1594 5374 1628 5434 in
1643 5374 1821 5456 privilegio

1029 5470 1095 5530 tuae
1119 5469 1308 5530 donationis
1323 5484 1510 5545 expressos,
1533 5485 1573 5529 ac
1591 5472 1744 5533 restituto
1770 5473 1821 5534 eis

1030 5568 1171 5645 quodam
1186 5568 1306 5639 castro,
1324 5583 1388 5644 quo
1399 5566 1560 5644 spoliasse
1575 5567 1739 5631 dicebaris
1749 5586 1821 5632 eos-
