3950 6200
235 222 276 281 79
850 223 1026 286 HONORII
1049 225 1094 288 ΙΙΙ
1116 226 1263 291 OPERA.
1837 229 1877 290 80

237 398 320 460 copo
334 382 563 445 Lemovicensi
574 384 607 446 et
615 383 744 445 dilectis
753 383 868 446 filiis...
879 384 1027 447 abbati...
1082 388 1224 449 rentiam
1239 387 1376 465 praelato
1391 386 1502 450 abbati
1521 384 1702 451 exhibeant
1708 388 1808 465 juxta
1820 403 1878 451 re-

236 481 370 543 Dolensi
394 481 611 543 Bituriceusis
632 481 785 543 dioeeesis
807 484 875 544 et...
903 483 1029 544 decano
1082 487 1214 560 gularia
1234 486 1397 548 instituta.
1429 487 1521 547 Licet
1549 488 1658 549 autem
1687 487 1783 548 nobis
1808 503 1876 547 nou

237 579 489 655 Burdegalensi,
507 579 660 647 salutem,
677 581 738 639 etc.
1083 585 1211 644 constet
1237 583 1307 644 1616
1330 583 1481 645 abbatem
1505 585 1547 644 ab
1576 584 1876 646 administrationis

278 676 457 737 intellectis
477 676 556 735 olim
583 690 642 752 per
666 676 793 737 litteras
820 676 904 748 tuas,
927 675 1031 737 irater
1083 680 1193 741 cilicio
1212 681 1489 757 suspendendum,
1513 681 1561 742 sic
1580 683 1691 741 tamen
1717 682 1876 743 volumus

238 772 403 849 episcope,
424 771 620 848 quibusdam
641 772 730 833 circa
750 773 871 834 statum
896 788 1032 834 monas-
1083 792 1143 853 per
1160 793 1219 839 vos
1242 778 1375 838 interim
1403 778 1638 854 providerint
1660 779 1876 853 saepedictum

238 870 315 931 terii
349 870 462 930 Sancti
491 869 655 930 Martialis
683 870 929 930 lemovicensis
956 869 1028 941 tibi,
1084 875 1322 935 monasterium
1333 874 1582 951 dilapidationis
1592 874 1877 950 dispendiumuou

239 969 306 1027 61...
334 966 439 1041 priori
462 966 574 1027 Sancti
591 966 706 1027 Ursini
720 967 939 1026 Bituricensis
952 981 1030 1027 cor·
1084 968 1242 1040 incurrat,
1253 970 1511 1031 contradictores
1522 973 1555 1032 et
1567 969 1717 1040 rebelles,
1731 986 1876 1031 censura

239 1062 407 1133 rectionis,
449 1065 481 1124 et
516 1062 762 1124 reformationis
806 1062 952 1123 osticium
995 1062 1030 1122 in
1083 1066 1320 1138 ecclesiastica,
1342 1066 1472 1128 sublato
1496 1067 1729 1142 appellationis
1756 1067 1875 1127 obsta-

238 1158 353 1219 eodem
373 1159 575 1220 monasterio
597 1161 664 1220 tam
686 1160 722 1218 in
743 1159 851 1235 capite
874 1174 972 1235 quam
994 1159 1030 1218 iu
1084 1162 1168 1233 culo,
1184 1164 1432 1239 compescendo.
1447 1164 1537 1235 Quod
1547 1164 1649 1229 sinon
1659 1179 1785 1234 omnes,
1797 1165 1874 1229 etc..

239 1255 397 1316 membris
423 1254 578 1315 duximus
606 1254 887 1326 committendum,
914 1255 1031 1317 volen—
1084 1259 1147 1319 duo
1163 1263 1320 1332 vestrum,
1340 1262 1403 1321 etc.
1419 1263 1537 1322 Datum
1564 1261 1734 1329 Laterani,
1757 1260 1876 1321 vidus

237 1352 326 1413 tibus
350 1354 459 1414 autem
482 1352 527 1423 16,
556 1352 660 1413 116161
689 1353 854 1428 episcope,
882 1352 1030 1413 aedicto

238 1450 351 1525 priore
361 1449 402 1508 ad
417 1449 667 1526 inquisitionem
675 1449 864 1526 procedere,
875 1448 977 1509 6111166
987 1448 1029 1508 ad

240 1545 358 1606 Sedem
369 1545 593 1622 Apostolicam
608 1546 798 1622 appellavit,
810 1548 905 1621 6111116
920 1545 1031 1621 appel·

238 1641 363 1702 latione
378 1644 564 1718 contempta
579 1658 645 1702 non
661 1642 767 1703 solum
781 1642 822 1702 ad
837 1657 1031 1703 excommu-

237 1739 417 1799 nicationis
435 1732 646 1811 seutentiam,
668 1755 784 1800 verum
806 1739 906 1800 etiam
924 1740 959 1799 in
977 1738 1031 1798 in-

239 1835 428 1911 quisitionis
447 1836 579 1910 negotio
594 1851 699 1912 usque
714 1836 755 1895 ad
768 1828 1029 1912 publicationem

238 1933 383 2004 testium,
398 1934 431 1995 et
445 1934 545 1993 etiam
556 1934 805 2010 suspensionem
816 1933 1031 1995 administra·

238 2030 339 2090 tionis
357 2029 497 2099 abbatis,
515 2031 601 2091 sicut
615 2031 746 2101 dicitur,
763 2032 813 2091 est
825 2046 1028 2107 processum.

240 2127 434 2188 constitutis
446 2130 557 2187 autem
570 2127 604 2187 in
616 2128 728 2188 nostra
743 2129 921 2203 praesentia
933 2128 1030 2187 Helia

239 2223 392 2283 Laurerii
405 2223 526 2284 clerico
543 2239 601 2299 pro
616 2227 708 2300 parte
724 2224 828 2300 ipsius
841 2222 980 2295 abbatis
999 2225 1032 2286 et

239 2320 398 2394 magistro
434 2323 470 2381 P.
503 2320 544 2380 de
576 2321 686 2381 monte
710 2320 836 2381 Valerii
870 2321 1031 2381 canonico

241 2417 354 2478 Sancti
369 2417 506 2478 duuiani
527 2417 773 2478 Lemovicensis
795 2417 949 2477 dioecesis
971 2433 1031 2493 pro

241 2514 490 2590 quampluribus
512 2514 685 2574 monachis
703 2513 896 2575 monasterii
919 2531 1033 2591 supra·

241 2611 331 2681 dicti,
347 2613 415 2672 tam
431 2626 489 2687 pro
516 2626 684 2687 processu,
703 2627 800 2687 quam
823 2613 938 2672 contra
953 2628 1032 2689 pro-

240 2723 371 2768 cessum
386 2707 489 2767 multa
506 2706 599 2767 111616
612 2708 781 2783 proposita
796 2723 908 2768 coram
924 2707 1030 2768 nobie.

239 2806 268 2865 N
273 2804 401 2864 olentes
412 2804 515 2879 igitur
524 2805 659 2880 propter
674 2804 823 2881 quaedam
829 2805 1032 2881 judiciorum

241 2900 414 2971 solemnia,
446 2902 479 2962 et
509 2900 739 2976 dispendiosos
762 2916 938 2961 causarum
963 2902 1033 2962 cir-

240 2999 350 3060 cuitus
362 2997 631 3069 reformationem
646 2998 840 3059 monasterii
855 2997 1030 3069 retardari,

240 3095 399 3157 utendum
413 3095 569 3156 duximus
585 3095 792 3172 providentia
806 3096 916 3173 potius
934 3111 1032 3172 quam

240 3195 365 3269 rigore,
380 3209 419 3254 ac
442 3194 658 3254 sententiasa
679 3195 721 3265 16,
739 3193 842 3254 116161
865 3194 1030 3268 episcope,

241 3307 316 3352 cum
339 3293 520 3351 memorato
547 3291 657 3366 priore
683 3290 843 3351 adversus
868 3289 1030 3361 abbatem,

241 3389 274 3448 et
289 3387 434 3449 lautores
450 3387 567 3464 ipsius,
580 3392 612 3448 et
624 3387 666 3447 ab
681 3386 799 3448 abbate
813 3388 927 3448 contra
941 3403 1031 3462 prae-

242 3484 347 3545 dictos
363 3485 542 3545 monachos
557 3483 781 3560 promulgatas
808 3484 1033 3545 relaxavimus

242 3583 284 3643 ad
296 3581 461 3643 cautelam
475 3581 727 3658 parapostouca
737 3581 858 3657 scripta
871 3581 1033 3641 mandau-

241 3680 302 3750 166,
318 3681 480 3755 quatenus
491 3679 532 3740 ad
543 3679 666 3740 dictum
678 3678 914 3739 monasterium
924 3693 1034 3754 perso·

242 3776 366 3836 naliter
389 3776 595 3846 accedentes,
616 3774 669 3835 bis
693 3791 766 3850 quae
788 3776 961 3851 postquam
984 3775 1031 3845 tu,

241 3871 346 3933 irater
369 3872 532 3948 episcope,
549 3887 589 3932 ac
604 3870 730 3946 collega
745 3871 822 3931 tuus
846 3872 970 3932 uostris
985 3871 1033 3931 uti

241 3969 363 4030 litteris
379 3969 572 4044 incoepistis,
587 3968 665 4027 hinc
689 3967 768 4027 indo
791 3983 811 4027 a
827 3983 1033 4043 quocumque

242 4067 368 4128 mutata
380 4064 571 4136 noscantur,
592 4065 626 4124 in
640 4066 762 4125 statum
778 4064 954 4140 pristinum
972 4081 1032 4125 re-

241 4163 379 4235 vocatis,
389 4161 644 4238 etinquisitione
652 4161 815 4236 pendente
825 4161 860 4221 in
870 4177 930 4222 suo
944 4162 1033 4244 statu

241 4259 465 4327 manentibus,
482 4274 582 4334 super
602 4258 681 4329 illis,
707 4274 781 4334 quaa
805 4258 839 4317 in
867 4257 1032 4333 prioribus

241 4356 363 4418 litteris
386 4357 608 4425 continentur,
626 4370 796 4430 processu,
815 4369 875 4430 per
888 4370 945 4415 eas
965 4357 1032 4415 tam

241 4461 342 4528 super
355 4452 579 4529 publicatione
597 4452 742 4520 testium,
755 4466 854 4526 quarn
867 4450 955 4518 aliis,
970 4449 1033 4510 ba-

1084 1356 1175 1433 maii,
1192 1373 1280 1418 anno
1294 1357 1433 1418 decimo.

1385 1554 1575 1641 CXXXIX

1221 1704 1274 1762 Ad
1296 1706 1491 1777 episcopum
1510 1707 1734 1781 Albipeusem.

1374 1826 1406 1882 13
1422 1825 1490 1881 maii
1506 1825 1584 1882 iiio.

1115 1938 1237 2001 [Regest.,
1247 1938 1292 1988 lib.
1304 1938 1337 1995 X,
1345 1938 1418 2002 epist.
1429 1938 1485 1988 aas.
1496 1939 1553 1988 1166.
1564 1941 1601 1990 La
1610 1940 1687 1989 Porte
1698 1939 1840 2004 1111111611]

1084 2053 1199 2111 blandai
1217 2054 1260 2111 eis
1281 2055 1815 2111 616611611161161166161111111661161116
1840 2054 1876 2111 ab

1119 2144 1254 2214 episcopo
1266 2142 1431 2199 caturcensi
1458 2143 1487 2198 in
1499 2142 1631 2199 consules
1649 2150 1677 2199 61
1691 2143 1771 2201 cives
1785 2156 1875 2213 quos·

1119 2229 1184 2287 dam
1197 2232 1383 2288 caturcenses
1394 2230 1492 2297 latam,
1508 2231 1650 2286 irritantes
1660 2238 1689 2286 et
1703 2229 1878 2295 relaxantes,

1119 2333 1235 2374 causam
1251 2319 1398 2389 quainter
1416 2317 1506 2374 dictos
1520 2319 1684 2391 episcopum
1700 2325 1727 2373 et
1743 2317 1880 2374 consules

1121 2405 1291 2472 vertebatur,
1307 2405 1343 2461 de
1362 2421 1436 2462 novo
1458 2405 1584 2473 6111116111,
1601 2412 1630 2462 et
1656 2407 1681 2462 61
1703 2412 1798 2476 partes
1820 2420 1879 2460 non

1120 2493 1325 2561 consenseriut,
1342 2493 1376 2550 ad
1390 2492 1492 2550 Sedent
1501 2493 1692 2565 apostolicam
1703 2490 1879 2549 sufficienter

1120 2583 1285 2638 instructam
1302 2582 1455 2639 remittent.

1126 2707 1302 2779 Honorius,
1320 2710 1395 2780 616,
1419 2707 1602 2770 venerabili
1622 2707 1755 2769 116111...
1782 2707 1877 2783 epis-

1086 2821 1167 2881 copo
1188 2804 1357 2880 Albigensi
1377 2806 1411 2866 et
1436 2805 1565 2866 dilectis
1589 2805 1705 2864 tiliis...
1722 2804 1761 2864 de
1781 2804 1877 2864 Bella

1087 2902 1216 2962 Pertica
1232 2904 1300 2962 et...
1318 2902 1357 2962 de
1373 2901 1482 2962 Garda
1501 2902 1560 2962 Dei
1577 2900 1761 2970 abbatibus,
1778 2900 1880 2961 Tolo-

1086 3014 1176 3058 sanae
1192 2999 1224 3058 61
1236 2998 1446 3058 caturcensis
1461 2998 1625 3069 dioecesis,
1643 2997 1796 3067 salutem,
1811 2998 1877 3058 etc.

1125 3099 1176 3156 Ex
1188 3097 1282 3172 parte
1295 3096 1479 3168 consulum,
1501 3096 1534 3156 et
1548 3094 1669 3156 civium
1691 3096 1878 3155 caturcen-

1087 3192 1173 3254 sium
1196 3193 1259 3254 iuit
1279 3194 1483 3269 propositum
1516 3208 1628 3253 curam
1655 3191 1762 3263 nobis,
1790 3191 1878 3268 quod

1087 3307 1161 3352 cum
1182 3290 1384 3350 venerabilis
1396 3289 1879 3351 iraternoster...caturcensis

1087 3387 1261 3464 episcopus
1297 3386 1337 3446 de
1363 3386 1559 3462 quibusdam
1587 3387 1657 3446 suis
1684 3385 1880 3446 concivibus

1087 3485 1173 3561 apud
1189 3499 1271 3560 quos
1286 3482 1406 3543 salsam
1421 3485 1585 3544 monetam
1595 3483 1805 3554 invenerant,
1822 3498 1880 3543 no·

1086 3581 1205 3642 luisset
1218 3582 1278 3652 eis,
1300 3579 1472 3640 humiliter
1485 3579 1665 3655 requisitus
1673 3581 1773 3656 juxta
1787 3581 1880 3655 ejus-

1087 3678 1160 3739 dem
1173 3677 1317 3739 civitatis
1325 3676 1596 3738 consuetudinem
1610 3692 1710 3753 super
1721 3676 1773 3736 his
1781 3676 1880 3752 justi·

1087 3775 1167 3836 tiam
1201 3774 1369 3844 exhibere,
1404 3777 1437 3836 et
1472 3789 1586 3834 eorum
1620 3773 1880 3834 consuetudines

1087 3870 1295 3947 approbatas,
1307 3871 1341 3930 61
1350 3869 1681 3945 libertatesantiquas
1691 3869 1879 3945 infringens

1087 3968 1182 4039 alias,
1192 3967 1312 4027 damna
1333 3967 1383 4026 eis
1402 3967 1529 4042 gravia,
1544 3967 1577 4027 61
1587 3966 1726 4041 iniurias
1742 3966 1878 4042 irroga-

1086 4062 1878 4140 11111161661116116611111611161116663161611,

1086 4164 1235 4221 nostram
1254 4160 1456 4221 audientiam
1478 4160 1700 4236 appellarunt,
1724 4160 1879 4236 appella-

1086 4258 1169 4319 tioni
1195 4274 1264 4318 suae
1283 4258 1455 4318 Dominica
1481 4257 1588 4333 primo
1614 4257 1795 4333 praeterita,
1813 4274 1878 4334 qua

1087 4355 1239 4415 cantatur
1247 4356 1384 4414 1161616
1398 4357 1591 4415 Jerusalem
1601 4354 1779 4414 terminum
1790 4370 1880 4429 prac-

1087 4450 1235 4526 ligeutes.
1248 4450 1311 4510 Sed
1327 4450 1433 4510 dictus
1442 4450 1629 4526 episcopus,
1641 4466 1755 4511 eornm
1769 4453 1881 4529 appel·

238 4549 308 4610 bito
322 4565 389 4610 nou
404 4550 564 4619 obstante,
581 4564 643 4608 uec
653 4547 753 4609 etiam
769 4546 1029 4623 exceptionibus,
1086 4548 1209 4609 latione
1223 4547 1419 4622 contempta,
1432 4546 1466 4606 in
1478 4548 1630 4607 consules
1646 4547 1746 4623 ipsos,
1757 4549 1881 4609 61661-

238 4649 272 4707 61
299 4646 410 4707 6611616
448 4645 675 4721 suspicionum
711 4645 827 4705 contra
850 4644 893 4716 te,
929 4644 1033 4704 irater
1086 4643 1880 4718 siliarioseorumdemnonsemel,sedpluriessic

238 4743 403 4820 episcope,
436 4742 471 4802 in
500 4742 568 4802 alio
596 4755 754 4817 processu
780 4740 958 4817 propositis
989 4757 1032 4801 611
1085 4743 1122 4803 111
1142 4742 1273 4809 dicitur,
1299 4739 1652 4800 excommunicationis
1679 4741 1880 4803 sententiam

238 4837 379 4897 adverso
405 4836 472 4896 tam
499 4834 533 4893 in
560 4832 668 4909 capite
690 4850 788 4909 quam
816 4835 851 4894 in
875 4834 1031 4896 membris
1086 4836 1317 4914 promulgavit,
1331 4852 1427 4912 quam
1441 4835 1487 4913 (1)
1498 4836 1879 4899 licettamavenerabili

237 4933 414 5010 inquiratis
440 4932 479 4992 de
498 4947 584 4991 novo
609 4947 668 5007 per
681 4931 782 4992 testes
809 4933 970 5007 receptos,
1000 4934 1032 4993 et
1086 4934 1187 4996 116116
1216 4936 1367 4993 1166116...
1395 4932 1596 4994 Bituricensi
1625 4933 1879 5012 archiepiscopo

237 5031 321 5091 alios
335 5046 410 5091 curn
424 5045 443 5089 a
459 5043 617 5104 processu
640 5028 753 5089 habito
769 5029 813 5088 sit
827 5027 961 5089 omuino
976 5044 1032 5090 re·
1085 5046 1183 5106 quam
1196 5046 1216 5090 a
1230 5030 1350 5090 dilecto
1364 5029 1433 5090 lilio
1444 5031 1557 5090 nostro
1571 5031 1623 5100 R„
1635 5031 1747 5091 Sancti
1757 5034 1878 5107 angeli

236 5127 539 5203 cessum,plenarie
552 5126 737 5193 veritatem,
748 5125 850 5185 salvis
862 5127 1032 5202 exceptio·
1085 5127 1224 5188 diacono
1239 5126 1419 5197 cardinale,
1433 5126 1631 5201 apostolicae
1650 5127 1744 5187 Sedis
1754 5126 1877 5204 legato,

235 5225 334 5284 nibus
349 5226 383 5285 in
405 5239 564 5300 personas
584 5224 616 5282 et
640 5221 738 5292 dicta,
766 5221 920 5298 quicquid
936 5223 1032 5282 inve-
1084 5224 1124 5284 de
1136 5224 1359 5300 appellatione
1374 5224 1407 5283 et
1421 5222 1563 5283 termino
1573 5223 1773 5298 supradictis
1783 5240 1881 5286 men-

235 5322 352 5382 neritis
367 5321 461 5381 uobis
473 5321 615 5381 fideliter
636 5319 842 5394 rescripturi.
861 5318 1029 5379 Pandente
1083 5321 1173 5381 tione
1203 5336 1270 5380 non
1299 5318 1422 5390 habita,
1459 5317 1679 5380 obtinuissent
1706 5320 1742 5379 iu
1770 5319 1879 5383 forma

118 5423 131 5432 ‘
236 5433 314 5481 vero
330 5418 472 5493 negotio
490 5415 646 5477 monachi
657 5415 878 5476 obedientiam
895 5418 1031 5487 611616-
1084 5417 1261 5489 communi,
1277 5416 1404 5477 scilicet
1416 5415 1503 5476 sicut
1512 5418 1602 5492 juste
1617 5416 1683 5477 lata
1700 5416 1810 5480 iuerat
1824 5419 1880 5480 ob-

276 5523 316 5596 (1)
336 5521 423 5578 idest
439 5521 671 5594 appellationem.
