3950 6200
126 334 174 401 829
647 333 970 398 PROLEGOMENA.
985 365 1027 381 -
1045 336 1154 397 vira.
1662 335 1723 396 630

126 493 260 572 Imprimis
272 507 347 554 vero
361 491 449 555 cives
463 491 505 553 ad
525 493 641 555 Pontis
655 497 755 571 caput
774 493 874 555 habi·
930 495 1039 571 posito
1060 494 1269 565 desisterent,
1293 496 1431 572 ejusque
1452 494 1592 559 arbitrio
1611 495 1723 557 omnia

124 595 222 663 111111,
245 605 313 651 cum
336 590 462 651 armata
481 591 658 666 juventute
682 590 873 663 adcurrunt,
931 588 1212 665 permitterentur.
1247 588 1378 651 Placuit
1409 587 1472 649 hoc
1507 588 1655 662 civibus,
1690 591 1723 652 et

124 702 204 762 ocyus
238 685 419 762 impedituri
455 701 497 747 ne
528 687 602 763 quis
632 685 721 749 beati
756 702 876 763 corpus
930 701 1045 746 ommes
1081 685 1132 746 illi
1167 686 1341 748 sententiae
1373 684 1585 747 accedebant.
1619 688 1725 749 Nocte

123 784 219 859 rapiat.
238 782 382 843 Omnium
401 781 447 842 ibi
471 782 702 844 lamentabiles
719 800 819 846 voces
844 785 877 844 et
931 782 1154 855 incumbente,
1162 781 1282 845 fratres
1293 783 1425 845 emissis
1435 783 1553 856 turbis,
1565 783 1726 845 claudunt

121 880 236 956 gemitus
264 879 461 951 audiuntur,
488 880 672 955 lugentium
701 880 876 942 orbitatem
932 879 1018 942 ostia
1044 880 1228 953 domorum,
1254 882 1286 943 et
1314 881 1492 956 diligenter
1517 880 1666 943 vectibus
1692 881 1726 942 et

122 992 205 1037 suam.
234 976 372 1037 Maxime
401 991 481 1038 vere
510 976 686 1053 plorabant
715 994 751 1039 se
784 979 876 1040 tanto
931 976 1018 1038 seris
1039 992 1079 1038 ea
1105 977 1291 1039 obfirmant.
1321 979 1361 1040 Et
1392 992 1470 1041 ecce
1500 979 1608 1040 media
1627 979 1725 1040 nocte

122 1076 193 1150 patre
221 1071 386 1135 destitutas
421 1089 564 1147 sorores,
595 1091 677 1153 quas
713 1090 877 1153 pauperes
932 1074 1058 1137 clamor
1078 1076 1198 1151 ingens
1219 1075 1344 1150 existit,
1368 1077 1402 1137 et
1420 1077 1609 1152 importuno
1628 1075 1723 1137 desi-

121 1170 468 1247 dominasvccantzquae
478 1173 578 1233 etiam
587 1174 727 1235 multum
738 1174 878 1248 egerunt
931 1171 1025 1234 derio
1048 1173 1153 1235 turbae
1180 1172 1311 1234 inhiant
1333 1173 1373 1234 ad
1400 1173 1578 1234 videndum
1603 1188 1724 1249 corpus

120 1268 187 1344 apud
214 1267 384 1344 primarios
408 1268 488 1346 ‘ejus
517 1270 663 1332 civitatis
691 1270 805 1344 viros,
841 1270 878 1331 ut
932 1270 1040 1331 sancti
1058 1271 1141 1331 Viri.
1171 1272 1286 1348 ltaque
1310 1270 1395 1341 ostia
1417 1269 1637 1348 perfringunt,
1665 1269 1723 1330 sed

119 1365 211 1426 liceret
223 1365 299 1441 ipsis
314 1365 399 1443 apud
415 1381 452 1428 se
472 1368 619 1429 retinere
633 1383 754 1444 corpus
768 1367 876 1428 sancti
932 1381 1006 1427 cum
1023 1369 1095 1443 jam
1110 1367 1209 1428 tertio
1232 1366 1264 1426 id
1288 1366 1456 1441 fecissent,
1482 1366 1574 1427 nulla
1593 1367 1724 1428 ratione

118 1462 185 1521 liri.
196 1462 251 1523 Sed
267 1463 457 1539 repetebant
468 1464 552 1526 illud
565 1464 686 1526 fratres
701 1465 742 1525 ad
760 1467 792 1525 S.
810 1466 878 1525 Ma·
931 1462 967 1523 in
989 1462 1121 1525 domum
1144 1463 1275 1539 ingredi
1300 1464 1489 1540 potuerunt,
1514 1461 1722 1538 stabantque,

117 1560 183 1620 riam
207 1559 374 1635 degentes,
408 1562 496 1639 apud
524 1576 607 1639 quos
636 1562 736 1623 etiarn
771 1561 877 1623 voluit
931 1562 968 1621 ut
988 1559 1123 1636 ipsimet
1140 1560 1222 1621 fassi
1244 1561 1332 1635 sunt,
1348 1560 1473 1637 apertis
1489 1559 1583 1621 ostiis
1606 1560 1722 1634 stupe·

117 1656 225 1731 sepeliri
238 1658 287 1717 111
298 1659 372 1737 1)11;
388 1658 487 1736 idque
501 1659 595 1731 adeo,
611 1659 647 1721 ut
661 1658 722 1720 sub
737 1661 876 1720 mortem
930 1655 1020 1741 facti,
1040 1659 1073 1719 et
1089 1674 1162 1719 cum
1178 1658 1295 1719 domus
1310 1659 1408 1736 plena
1423 1660 1512 1719 esset
1530 1655 1723 1730 luminibus,

116 1752 191 1814 fratri
216 1754 339 1816 cuidam
364 1756 431 1833 ipsi
463 1756 639 1819 adsistenti
667 1755 874 1833 praeceperit,
930 1754 1056 1815 aditum
1071 1754 1187 1816 videre
1207 1771 1274 1816 non
1294 1756 1482 1831 potuerunt.
1505 1756 1603 1815 Mane
1622 1752 1722 1826 facto,

116 1849 454 1915 modisommibusdaret
464 1869 611 1930 operam,
624 1854 662 1916 ut
671 1869 793 1929 corpus
803 1857 875 1930 ejus
930 1851 1087 1928 permulti
1111 1851 1420 1925 11111111111111,
1448 1851 1554 1927 pagis,
1580 1851 1614 1912 et
1639 1849 1724 1911 locis

116 1946 302 2010 1111111111
317 1950 494 2011 ecclesiam
510 1950 751 2027 deportaretur.
762 1952 876 2026 ltaque
930 1949 1051 2010 vicinis
1072 1952 1252 2012 accurrunt
1272 1970 1279 2010 ε
1300 1951 1334 2011 et
1356 1949 1410 2010 cui
1425 1949 1523 2010 datur
1543 1948 1597 2010 vel
1620 1946 1723 2009 semel

114 2042 253 2107 instabant
276 2046 398 2109 fratres
431 2048 508 2120 isti,
538 2052 571 2109 et
596 2062 728 2109 sacrum
755 2062 875 2123 corpus
930 2049 1108 2125 utcumque
1116 2045 1723 2124 contingeresacrumcorpus,beatum

114 2139 276 2218 adsportare
296 2144 456 2207 volebant
476 2168 483 2205 ε
507 2145 565 2206 sed
581 2146 672 2207 cives
695 2144 736 2205 de
759 2145 875 2207 Pontis
930 2160 966 2206 se
981 2145 1096 2208 credit.
1109 2147 1172 2219 Qui
1187 2148 1297 2208 autem
1310 2161 1379 2222 pras
1392 2145 1488 2208 turba
1500 2146 1639 2220 tangere
1655 2159 1722 2204 uon

114 2240 198 2314 eapite
225 2240 289 2302 illis
316 2242 535 2314 resistebant,
562 2244 596 2305 et
620 2257 683 2304 nec
712 2243 875 2318 attingere
929 2243 1093 2318 poteraut,
1117 2259 1233 2315 zonas,
1255 2243 1410 2313 annulos,
1436 2242 1587 2315 monilia,
1610 2241 1722 2302 claves

112 2334 217 2411 quidem
227 2338 463 2414 permittebant
472 2354 604 2416 corpus.
621 2340 759 2402 Interim
774 2339 873 2401 etiam
929 2341 963 2400 et
981 2342 1104 2401 caetera
1120 2340 1314 2401 ornamenta
1330 2355 1391 2415 per
1405 2338 1569 2400 fenestras
1589 2337 1623 2397 et
1636 2337 1723 2399 ostia

114 2435 210 2508 augent
222 2449 394 2497 numerum
409 2438 624 2511 armatorum,
640 2437 698 2515 qui
716 2437 830 2500 noctes
842 2437 875 2499 et
929 2438 1054 2514 passim
1062 2437 1287 2514 porrigebant,
1302 2439 1339 2499 ut
1351 2437 1504 2497 contactu
1520 2433 1722 2497 sanctissimi

113 2526 166 2591 ties
189 2531 381 2609 advigilent,
405 2550 448 2596 ne
472 2535 550 2597 inde
584 2534 766 2598 anferatur.
791 2537 873 2596 Tum
929 2535 1081 2612 corporis
1097 2534 1307 2597 sanctificata
1323 2534 1521 2610 reciperent.

113 2624 207 2688 fratres
226 2632 329 2692 nescii
353 2632 434 2708 quid
458 2629 617 2705 facerent,
644 2632 768 2695 adeunt
790 2632 875 2695 civi-

112 2724 378 2805 tatisepiscopum,
401 2730 498 2806 eique
513 2744 584 2791 rem
604 2732 708 2793 totam
731 2731 873 2807 permit·
1179 2734 1317 2795 CAPUT
1338 2733 1469 2794 XXVII.

112 2822 175 2882 tunt
189 2825 366 2902 Episcopus
386 2825 557 2888 canonicis
576 2828 780 2899 convocatis,
803 2828 875 2889 sin-

111 2916 233 2990 gulorum
247 2939 347 3000 super
365 2923 428 2986 hac
449 2939 486 2986 11
500 2926 699 2987 sententiam
714 2925 871 3001 inquirit.

111 3013 185 3077 llulti
194 3019 389 3083 videbantur
404 3021 438 3082 in
454 3036 528 3083 eam
543 3021 594 3083 ire
608 3022 819 3095 sententiam,
838 3024 874 3084 ut

53 3181 54 3184 Ἴ
110 3116 280 3190 pauperibus
292 3118 493 3180 dominabus
503 3135 623 3196 corpus
635 3122 668 3181 S.
679 3120 752 3182 Viri
764 3121 871 3182 111111-
968 3121 1138 3185 Pandente
1147 3123 1282 3185 interim
1295 3125 1430 3200 propter
1442 3120 1586 3182 ministri
1599 3118 1722 3180 absen-

111 3215 249 3282 queretur.
261 3217 410 3277 Tandem
419 3217 607 3294 episcopus,
619 3233 685 3279 nom
693 3218 871 3294 negligen—
927 3220 1009 3281 tiam
1023 3220 1170 3296 negotio,
1192 3220 1314 3283 fratres
1334 3220 1468 3296 propter
1488 3218 1640 3279 aestivum
1657 3230 1720 3276 ca-

53 3365 54 3388 ,
110 3304 265 3384 lasputans
273 3330 393 3390 preces
406 3313 545 3375 fratrum
556 3315 680 3376 rationi
694 3319 874 3379 consenta-
927 3317 1032 3378 lorem
1047 3317 1242 3394 corporibus
1257 3317 1426 3390 infestum,
1442 3316 1477 3376 in
1492 3329 1592 3390 capsa
1609 3312 1721 3387 lignea

53 3449 54 3496 3
109 3410 379 3484 neasmagistratui
391 3410 483 3472 urbis
496 3411 658 3488 praecipit,
669 3414 705 3474 ut
714 3412 871 3476 fratribus
927 3429 1060 3475 sacrum
1088 3430 1209 3490 corpus
1242 3414 1410 3476 conditum
1438 3413 1474 3473 in
1503 3411 1632 3472 foveam
1661 3408 1721 3470 de-

53 3557 54 3564 ,
108 3498 134 3560 in
153 3502 343 3581 deportando
373 3524 512 3585 corpore
537 3525 597 3585 pro
623 3509 750 3571 viribus
775 3510 872 3588 adju·
926 3513 1064 3589 ponunt,
1081 3511 1200 3574 leviter
1213 3511 1295 3572 illud
1311 3510 1411 3572 humo
1430 3509 1630 3587 operientes.
1640 3507 1720 3568 Mox

53 3681 54 3684 Ἴ
108 3603 194 3662 11111
207 3605 257 3665 sit.
273 3608 409 3668 Interea
422 3606 499 3666 dum
519 3606 590 3667 11111
606 3609 779 3683 geruntur,
794 3625 871 3685 pars
926 3625 1041 3672 rumor
1049 3610 1162 3670 exitio
1173 3609 1342 3685 populum,
1357 3607 1488 3685 raptum
1501 3620 1576 3667 esse
1586 3618 1718 3665 socrum

108 3694 250 3762 civiumde
261 3703 380 3764 Pontis
392 3704 500 3780 capite
515 3703 873 3767 valdeinfiammantur
926 3721 1058 3784 corpus.
1084 3706 1248 3768 advolant
1273 3706 1377 3782 igitur
1405 3718 1519 3766 omues
1548 3699 1719 3763 furibundi

108 3789 242 3859 desiderio
262 3800 426 3861 humandi
450 3802 538 3862 sacri
560 3803 721 3879 corporis,
744 3804 872 3880 neglec·
926 3806 961 3865 in
978 3804 1112 3866 domum
1126 3804 1279 3875 fratrum,
1294 3819 1369 3865 cum
1384 3801 1526 3865 fustibus
1539 3802 1572 3862 et
1585 3798 1718 3876 gladiis,

107 3889 182 3967 toque
192 3897 385 3972 magistratu
398 3898 432 3959 in
447 3899 585 3960 vetitum
600 3900 720 3976 majori
733 3903 872 3964 contem·
926 3917 1023 3977 sepes
1033 3904 1066 3963 et
1077 3902 1164 3964 ostia
1176 3901 1331 3964 evertunt
1344 3922 1351 3962 :
1364 3900 1544 3978 properant
1555 3898 1598 3960 ad
1610 3897 1719 3960 locum

108 3983 176 4048 tione
186 3991 342 4067 nituntur,
353 3993 564 4070 invitantque
576 3995 726 4058 seniores
736 3997 769 4059 et
781 3998 870 4059 ami·
925 3999 961 4061 11
984 4014 1050 4075 quo
1072 4000 1146 4062 erat
1164 4014 1297 4075 corpus,
1314 4014 1376 4060 nec
1393 3997 1526 4061 cessant
1543 4012 1564 4057 a
1584 4010 1644 4056 suo
1660 4009 1720 4055 co-

106 4089 201 4157 rusci
214 4088 293 4166 ipsis
315 4091 871 4169 1111111111111111111111111
926 4097 1018 4170 natu,
1045 4096 1151 4158 donec
1177 4112 1311 4173 capsam
1334 4097 1428 4157 illam
1449 4093 1633 4156 inveniant.
1655 4089 1719 4152 Sed

106 4183 279 4247 unanimiter
297 4191 467 4260 statuunt,
491 4204 527 4249 se
555 4205 682 4267 suaque
704 4192 816 4253 omnia
836 4193 868 4253 in
926 4194 1050 4255 111111
1071 4193 1212 4255 credunt
1230 4193 1264 4254 iu
1284 4209 1325 4256 ea
1346 4192 1616 4266 babericorpus,
1640 4187 1719 4248 licet

105 4286 357 4347 rmsensmorus
373 4286 408 4346 et
423 4285 545 4347 excidii
567 4286 746 4350 discrimen
763 4290 871 4365 conji-
925 4291 1047 4353 fratres
1072 4292 1106 4352 id
1135 4291 1379 4353 asseverarent.
1409 4288 1555 4351 Tandem
1583 4283 1719 4346 advenit
1776 4318 1782 4328 =

928 2874 1077 2935 Motibus
1095 2876 1223 2935 ctutum
1243 2874 1450 2948 camporum,
1470 2874 1618 2933 Sacrum
1640 2870 1723 2930 titud

984 2984 1110 3046 corpus
1123 2972 1468 3044 borrorittceutissime
1481 2967 1657 3045 sepelitur.
1680 3024 1684 3047 ,

105 4381 407 4460 parapetasmata
430 4382 542 4445 sinaut
565 4400 608 4445 111
635 4399 675 4446 11
700 4385 774 4448 1111
797 4387 870 4449 tolli
924 4389 1088 4460 minister,
1112 4388 1153 4449 ad
1173 4391 1268 4464 cujus
1289 4387 1431 4448 reditum
1453 4386 1522 4448 tota
1538 4382 1617 4444 urbs
1638 4396 1717 4442 sus-

104 4479 867 4560 1111111111.111111111111111111111111,
925 4499 1027 4560 pensa
1040 4483 1200 4545 herebat.
1215 4481 1264 4544 Ab
1275 4498 1314 4544 eo
1327 4483 1431 4559 igitur
1444 4482 1534 4543 11111
1549 4481 1590 4542 de
1602 4478 1718 4540 Pontis

103 4568 166 4631 adeo
178 4573 210 4635 in
224 4576 285 4643 bac
302 4593 341 4638 re
357 4577 540 4647 fervebant,
557 4580 594 4640 ut
605 4579 740 4655 quidam
754 4596 868 4642 eorum
924 4582 1033 4657 capite
1049 4596 1170 4657 corpus
1192 4581 1300 4641 sancti
1314 4580 1381 4642 viri
1397 4580 1513 4656 petunt
1526 4579 1692 4639 instanter
1708 4597 1716 4638 1

102 4666 737 4750 odiuminveteratum,etbellaintestina,
750 4679 869 4756 quibus
923 4678 1050 4740 addunt
1064 4678 1164 4741 etiam
1180 4679 1299 4751 minas,
1315 4679 1351 4739 ut
1362 4675 1547 4739 terroribus
1562 4674 1719 4750 frangant

102 4758 212 4830 interea
228 4774 331 4835 multo
345 4776 494 4849 tempore
509 4775 699 4863 saevierant,
713 4776 812 4852 plane
826 4792 870 4839 111
924 4776 1065 4850 fratres,
1092 4776 1327 4853 affirmentque
1355 4791 1391 4837 11
1422 4775 1548 4836 nullius
1575 4771 1718 4850 periculi

101 4860 198 4926 animis
230 4869 394 4946 abjecisse
424 4870 638 4944 viderentur,
672 4875 800 4936 tantum
833 4877 870 4936 ut
923 4890 1043 4935 caussa
1077 4890 1098 4936 a
1137 4875 1304 4937 sententia
1341 4874 1561 4936 discessuros.
1590 4869 1716 4929 Videns

101 4954 641 5044 illudsacrumpignusretinerent.
654 4973 870 5048 Etnecujus-
922 4972 1076 5034 minister
1096 4973 1284 5035 temeritate
1305 4972 1382 5033 illos
1404 4970 1491 5043 duci,
1516 4984 1591 5030 cum
1612 4966 1716 5030 multa

101 5067 179 5128 luam
204 5062 321 5125 fraude
347 5067 406 5126 aut
433 5066 597 5128 machinis
627 5068 687 5128 illo
715 5068 868 5131 fortassis
923 5070 1079 5132 cautione
1098 5071 1131 5132 et
1154 5070 1315 5133 modestia
1336 5069 1418 5130 dicit
1442 5066 1484 5129 ad
1508 5081 1565 5127 eos
1589 5085 1597 5123 z
1622 5062 1716 5124 Nibil

102 5153 297 5234 privarentur,
310 5164 554 5226 communicato
569 5165 865 5240 intersecomsilio,
922 5167 1055 5244 quidem
1072 5170 1149 5246 jnre
1172 5167 1227 5228 1111
1248 5181 1424 5243 reposcere
1447 5161 1585 5240 potestis
1609 5160 1717 5220 caris-

100 5246 163 5314 illud
171 5272 285 5334 rapere
297 5259 531 5323 moliebantur.
547 5262 610 5324 Sed
622 5263 708 5340 quod
719 5280 867 5340 praesens
922 5265 999 5325 simi
1018 5284 1027 5324 1
1047 5264 1105 5326 sed
1121 5265 1151 5325 si
1166 5263 1207 5325 de
1220 5262 1429 5339 indulgentia
1445 5260 1569 5335 agitur,
1583 5257 1623 5318 de
1643 5257 1716 5318 fra·

101 5357 151 5409 non
169 5357 252 5417 esset
275 5357 430 5419 minister
454 5359 682 5435 provincialis,
707 5362 749 5421 ad
771 5365 867 5439 cujus
921 5363 1009 5424 trum
1049 5361 1190 5424 consilio
1224 5360 1396 5430 faciemus,
1429 5356 1515 5435 quod
1554 5355 1715 5416 Dominus

100 5448 194 5511 nutum
226 5453 368 5518 fratrum
408 5458 637 5519 controversia
679 5458 864 5534 pendebat,
920 5458 1109 5537 inspirabit.
1124 5457 1262 5520 Interim
1271 5473 1313 5519 ne
1323 5455 1469 5533 aliquam
1485 5452 1621 5530 possitis
1634 5467 1715 5512 sus·

99 5542 861 5629 senioresquosdamecivibusrogabantfratres,
920 5556 1027 5634 picari
1055 5554 1217 5626 fraudem,
1244 5553 1340 5616 vobis
1365 5551 1519 5636 permitto
1548 5547 1716 5612 custodire

100 5637 127 5696 ut
137 5640 171 5701 ad
184 5642 272 5707 illius
291 5647 469 5710 adventum
484 5650 655 5727 paulisper
668 5667 688 5713 a
705 5668 766 5714 suo
781 5668 863 5730 pro·
919 5653 1040 5726 locum,
1055 5654 1092 5717 in
1107 5669 1172 5730 quo
1186 5652 1276 5716 beati
1294 5652 1399 5731 patris
1418 5665 1540 5728 corpus
1562 5647 1714 5727 quiescit.
