3950 6200
61 478 63 533 l

116 379 158 442 369
588 372 697 435 PARS
719 373 899 444 QUARTA.
914 402 955 419 -
975 373 1167 435 CANTICA.

197 532 303 610 lrgnut
317 545 397 608 ergo
412 529 523 592 nullus
538 532 716 605 amantem,

168 633 195 694 st
205 631 280 692 ridet
296 630 430 707 inopem
441 628 562 690 mentis
577 630 761 691 amantem:

167 732 223 792 lam
235 727 319 789 nulla
333 726 446 789 valent
460 726 581 789 uulnus
595 727 732 798 amoris,

165 827 244 889 Nulla
256 828 387 888 catenas
402 824 527 901 pellere
547 823 659 886 corda.

166 924 231 997 Quin
242 939 297 999 age
309 922 461 1001 quisquis
474 922 633 983 miserum
647 921 795 991 incusas,

164 1023 397 1098 aequatecum,
414 1020 493 1097 quid
509 1035 567 1082 cor
578 1018 684 1097 possit

163 1119 257 1181 birina
268 1118 335 1194 pati
347 1118 427 1190 tela,
441 1117 495 1180 rel
509 1118 616 1194 ignes.

163 1216 216 1278 osi
226 1216 393 1294 quisquam
408 1218 562 1276 conscius
575 1215 663 1276 esset

160 1313 289 1374 Vulneris
302 1312 419 1390 hujus!
433 1312 529 1389 sique
542 1310 671 1373 doleret

160 1411 299 1472 lliserans
314 1410 447 1471 nostros
458 1408 604 1486 pectoris
619 1409 742 1472 aestusl

169 1585 292 1650 (appius)

160 1694 263 1757 Clamat
275 1694 438 1757 aeternum
451 1695 548 1772 polus
560 1695 659 1772 atque
669 1691 790 1769 tellus3

132 1794 220 1854 ania
232 1793 262 1854 et
273 1792 422 1855 clamant
437 1814 445 1853 ε
459 1795 571 1855 Amor.
589 1793 614 1853 0
630 1806 789 1865 amorem,

131 1890 251 1967 Quisquis
264 1907 313 1964 es,
332 1889 433 1967 pleno
452 1889 528 1951 bibe
543 1889 653 1952 cordis
668 1889 801 1951 haustu.

129 1988 206 2050 Plura
217 1988 383 2059 donarem,
400 1987 497 2050 modo
515 1986 611 2065 plura
626 2002 760 2065 possem
843 2006 848 2015 ·

131 2085 249 2147 anium
261 2084 384 2157 nudus,
401 2084 462 2147 tibi
477 2084 674 2157 blandienti,

129 2183 230 2246 Quotus
239 2199 369 2261 semper
381 2197 467 2245 nora
479 2181 691 2260 pulchritudo

219 2281 360 2343 Pulcher
373 2283 392 2344 J
394 2296 465 2342 esu.

154 2397 192 2456 lu
201 2397 282 2474 rapis
293 2395 441 2458 mentem
453 2394 536 2456 mihi
551 2410 628 2457 :cor
642 2393 809 2472 liquescit.

128 2492 210 2555 Instar
221 2495 251 2556 et
261 2509 350 2556 cerae
370 2493 445 2555 fluit
459 2493 665 2554 innocenter.

127 2591 253 2652 llercium
268 2591 370 2669 quale
383 2591 435 2653 est
446 2605 553 2667 genus
568 2589 650 2651 hoct
661 2591 742 2651 Jesu

127 2687 239 2751 hduant
255 2690 290 2751 ut
306 2702 433 2750 semea
448 2687 560 2755 corda,
575 2688 679 2748 semet

127 2785 360 2849 muunttnosco
372 2801 477 2862 genus
490 2806 497 2846 :
512 2783 563 2846 est
574 2783 707 2846 Amoris

217 2887 325 2945 Aurea
339 2898 478 2944 merces.

51 3052 53 3112 ἶ
164 3056 258 3118 (rammi
270 3058 391 3121 dimitri.)

201 3177 340 3239 Dulcedo
356 3177 500 3237 mentem
515 3176 652 3253 colligat

51 3313 52 3318 κ
169 3273 202 3333 Et
213 3289 301 3334 mens
317 3274 353 3333 iu
368 3271 542 3349 amplexus
557 3273 635 3334 ruit.

169 3371 348 3448 Quantoque
363 3369 645 3447 pulchritudinem

169 3467 262 3543 Magis
276 3468 436 3539 intuetur,
449 3468 570 3536 uritur,

170 3563 354 3643 Christoque
366 3563 471 3626 semet
484 3563 593 3626 induit

51 3661 52 3702 ³
170 3661 266 3725 leita
278 3665 399 3736 semet;
416 3664 527 3724 omnia

169 3760 272 3834 Exuta,
289 3761 347 3823 sed
362 3776 429 3822 non
444 3760 570 3836 indiga.

201 3885 312 3947 luduta
328 3884 507 3957 Christum,
523 3883 651 3945 numini

51 3965 52 3980 ³
169 3980 350 4058 conjuncta,
366 3998 460 4059 paene
475 3998 598 4043 numen
614 3983 674 4053 est,

170 4067 360 4158 Omnemq'ue
375 4095 477 4157 supra
494 4080 653 4141 verticem

51 4179 52 4204 l
168 4174 266 4237 bitata
285 4175 407 4238 Christi
423 4175 542 4252 gratiis

51 4283 52 4288 ’
170 4270 285 4347 Regina
299 4275 430 4351 sceptra
445 4272 602 4350 possidet.

201 4396 292 4458 Nunc
304 4412 386 4473 ergo
398 4411 523 4459 moeror
536 4395 672 4472 dilinga,

169 4492 294 4555 Senfina
307 4511 452 4572 namque
467 4495 519 4556 est
532 4494 709 4555 criminum

168 4589 323 4654 Exhausta
339 4615 347 4652 :
364 4593 494 4670 priscus
511 4591 634 4653 occidit

168 4686 262 4749 Homo
278 4705 285 4749 :
299 4689 440 4752 recessit
454 4689 613 4766 pestilens

168 4782 269 4846 Foetor
282 4807 290 4846 ε
304 4786 434 4849 medela
449 4786 607 4848 constitit.

200 4908 326 4972 Christo
340 4911 521 4972 innovatus
540 4910 620 4970 exui

166 5004 300 5081 antiqua
311 5008 388 5068 vitae
404 5007 539 5067 nomina

168 5100 224 5160 Sed
239 5117 353 5180 nempe
366 5104 452 5166 tanti
465 5104 638 5164 flammeus

168 5199 290 5259 amoris
304 5200 389 5278 ignis
404 5202 455 5263 est
470 5200 569 5274 mihi3

168 5293 284 5371 Corpus
298 5314 339 5360 ne
353 5299 461 5361 cultro
476 5298 623 5370 finditur,

167 5390 243 5451 hum
255 5397 470 5458 menscalore
484 5395 681 5457 absumitur.

167 5487 214 5548 lle
225 5489 349 5555 Christe
361 5492 502 5571 pulcher
515 5491 668 5564 attrahis,

167 5585 339 5660 amplector
351 5590 458 5662 illum,
475 5590 508 5651 et
522 5588 668 5657 clamito,

170 5682 282 5742 Amore
295 5683 332 5745 da
343 5687 386 5749 da
398 5687 434 5748 ut
448 5685 609 5748 occidam.

1045 534 1166 593 Amore
1180 530 1288 595 victus
1300 531 1456 608 langueo,

1006 631 1047 692 m
1063 629 1243 692 semivivus
1257 630 1371 691 ardeo.

1005 728 1055 787 Tu
1067 725 1096 787 si
1111 726 1251 800 recedis,
1266 730 1407 800 oAmor,

1006 824 1081 885 Nou
1095 824 1263 901 lacrymis,
1278 840 1345 885 non
1360 824 1491 887 fletibus

962 930 971 949 ⁰
1008 920 1180 997 Suspiriis,
1198 921 1399 997 singultibus

1007 1019 1071 1080 cor
1085 1018 1269 1096 inquietum
1286 1020 1459 1097 temperat,

1006 1118 1118 1178 Donec
1132 1115 1268 1201 redibis,
1281 1132 1302 1179 o
1316 1132 1420 1178 amor.

1047 1247 1132 1321 Quid
1148 1262 1239 1325 ergo,
1257 1248 1335 1326 quid
1357 1248 1540 1312 moraberis

977 1416 984 1431 ‚
1006 1345 1058 1407 Ab
1072 1344 1284 1408 uulneratum
1299 1345 1439 1423 respice.

1006 1444 1131 1505 Tantos
1146 1442 1279 1505 dolores
1293 1444 1423 1522 perpeti

1006 1541 1101 1602 Mens
1114 1541 1265 1603 sauciata
1280 1543 1451 1618 pernegat.

1007 1637 1070 1709 Qui
1083 1636 1156 1708 sim,
1169 1638 1222 1699 uel
1237 1637 1305 1710 ubi,
1320 1639 1374 1701 vel
1385 1638 1463 1716 quid
1478 1639 1609 1717 loquar,

1007 1735 1225 1813 Mediterque,
1241 1751 1416 1814 agamque,
1433 1737 1558 1800 nescio.

1008 1833 1051 1894 Ut
1067 1833 1186 1894 mentis
1201 1847 1322 1909 expers
1337 1833 1481 1911 compita

1007 1931 1161 2003 Pererro,
1178 1946 1267 2007 saepe
1281 1931 1435 2008 spiritum

1006 2028 1182 2106 Languere
1196 2027 1322 2091 tractus
1340 2030 1399 2092 rix
1411 2028 1520 2095 traho.
1639 2065 1643 2072 ·

1048 2161 1223 2238 Imparque
1233 2164 1305 2238 jam
1320 2160 1491 2223 doloribus

1006 2257 1091 2319 Mihi
1105 2273 1163 2319 cor
1177 2274 1286 2320 meum
1301 2257 1503 2331 iurantibus,

1007 2355 1087 2426 Quae
1102 2355 1169 2417 sint
1182 2354 1323 2432 agenda,
1339 2344 1474 2417 nescio.

1008 2451 1094 2523 Quin
1109 2453 1143 2515 et
1156 2454 1294 2527 rogatus
1309 2452 1422 2525 audio,

1006 2550 1094 2610 Num
1108 2549 1237 2611 Christe
1250 2565 1397 2613 amorem
1412 2549 1604 2627 comprobes

1007 2648 1083 2708 Non
1098 2649 1290 2709 actuosumt
1303 2648 1332 2708 si
1344 2647 1525 2725 improbas,

1007 2745 1087 2805 Esse
1102 2747 1259 2806 actuosus
1273 2760 1340 2806 nou
1356 2760 1452 2823 queo.

1000 2989 1182 3055 (lxmam.)

965 3128 1040 3188 Jam
1057 3126 1220 3189 facundos
1235 3144 1326 3190 eram
1344 3151 1351 3189 :
1369 3146 1456 3191 nunc
1468 3129 1681 3192 taciturnitas

926 3225 1049 3285 Vocem
1067 3224 1241 3302 surripuit.
1258 3226 1343 3299 Quin
1356 3227 1476 3301 vigiles
1489 3227 1586 3289 modo

926 3321 1113 3383 connivent
1126 3321 1225 3383 oculi.
1240 3324 1323 3382 Dum
1337 3323 1442 3394 taceo,
1456 3322 1586 3400 loquor,

926 3417 1085 3480 Evinotus
1099 3417 1202 3494 fugio.
1218 3418 1344 3480 Desilio
1359 3418 1470 3491 simul,

925 3518 1032 3594 Atque
1047 3532 1113 3577 una
1126 3516 1223 3578 salio.
1240 3516 1425 3593 Deprimor,
1442 3516 1603 3594 opprimo.

926 3615 992 3675 Pro
1007 3628 1119 3675 rerum
1134 3612 1248 3685 facies,
1265 3615 1479 3690 monstraque
1495 3612 1653 3686 maxima,

926 3710 1039 3772 Nullis
1052 3711 1126 3773 uisa
1141 3710 1240 3772 locist
1260 3710 1343 3782 Quid
1360 3710 1470 3787 patior
1483 3709 1607 3771 miseri

926 3808 1056 3871 Divinis
1071 3808 1211 3886 pereunt
1225 3808 1325 3870 corda
1340 3806 1519 3870 caloribus.

977 4055 1022 4102 Ab
1043 4055 1120 4104 HEC
1142 4055 1200 4103 ITA
1221 4056 1385 4104 CHRISTUS
1405 4055 1616 4104 Rusrouhltr.

998 4214 1176 4279 (decentem.)

905 4331 985 4388 Pone
1005 4330 1120 4388 modum
1137 4338 1167 4389 tu
1182 4332 1311 4405 quisquis
1325 4346 1406 4389 umas
1419 4332 1581 4388 malesanus
1592 4331 1699 4389 amoris

905 4418 1010 4477 Ordine
1024 4419 1132 4493 gaudet
1144 4435 1234 4489 amor,
1246 4435 1313 4477 nam
1324 4419 1431 4492 gaudet
1443 4426 1473 4476 et
1481 4419 1582 4480 ordine
1595 4420 1695 4480 virtus.

905 4508 1050 4576 Quaestum
1064 4507 1196 4564 invenies
1207 4522 1263 4579 qua
1277 4522 1324 4564 me
1338 4509 1459 4577 ratione,
1477 4507 1596 4567 docebo.

904 4596 995 4666 Carpe
1006 4596 1084 4652 viam
1093 4594 1205 4652 virtutis
1219 4609 1331 4653 amaus.
1348 4596 1452 4653 Comes
1464 4596 1559 4655 addita
1572 4599 1662 4656 virtus

904 4685 967 4740 Dux
979 4684 1033 4740 erit
1046 4697 1102 4740 una
1119 4683 1194 4740 via:
1211 4691 1338 4741 veterem
1353 4683 1523 4743 obliviscere
1537 4687 1655 4758 cultum,

904 4772 1079 4844 virtutisque
1091 4785 1203 4829 sacram
1216 4773 1384 4845 generosior
1397 4773 1484 4832 indue
1498 4783 1617 4833 vestem.

904 4861 950 4917 lte
958 4861 1063 4918 mulcet
1076 4859 1239 4919 moderatus
1253 4876 1335 4919 amor
1346 4879 1353 4919 :
1366 4877 1518 4935 compesce
1533 4863 1685 4921 torentem.

904 4949 950 5006 Sic
961 4949 1050 5007 decus
1062 4948 1211 5007 arboribus
1226 4949 1353 5022 prebent
1364 4965 1416 5008 sua
1432 4951 1555 5024 pendula
1571 4966 1671 5024 poma;

903 5039 938 5095 Et
953 5039 1076 5110 pretium
1086 5037 1203 5109 sobolis,
1220 5036 1362 5096 frondosae
1372 5046 1414 5097 est
1430 5040 1520 5112 gloria
1532 5039 1641 5097 matris.

938 5160 1043 5233 Aspice
1057 5168 1160 5219 cuncta
1175 5175 1263 5220 manu
1274 5169 1303 5220 et
1317 5160 1404 5218 verbo
1420 5159 1556 5219 fabricata
1572 5163 1679 5234 petenti

903 5248 1080 5307 Ponderibus
1092 5249 1221 5308 dimensa
1233 5250 1303 5318 suis,
1315 5263 1492 5321 numeroque
1502 5248 1655 5322 modoque,

903 5339 938 5395 Et
950 5338 1036 5395 tinem
1052 5339 1149 5397 sortita
1166 5353 1260 5396 suum.
1278 5339 1324 5397 Sic
1336 5338 1453 5394 vertitur
1467 5336 1538 5395 ordo

903 5426 1028 5499 Legibus
1043 5426 1098 5496 his,
1114 5434 1198 5498 atque
1213 5425 1290 5483 bunc
1303 5432 1400 5483 servet
1411 5426 1517 5483 Natura
1530 5433 1670 5485 tenorem.

903 5515 985 5572 Hunc
998 5529 1085 5587 mage
1097 5522 1193 5573 servat
1207 5529 1296 5572 amor.
1306 5514 1409 5572 Nimits
1423 5527 1474 5571 cur
1485 5513 1601 5588 ignibus
1616 5530 1688 5591 crgo

903 5603 1025 5677 Desipis,
1037 5611 1086 5661 aut
1099 5619 1163 5675 quaa
1175 5611 1203 5661 te
1217 5602 1361 5660 dementia
1376 5604 1455 5676 cepit
1469 5609 1616 5661 amantem
1633 5621 1640 5662 ε

902 5694 1065 5766 Comprime
1077 5708 1201 5752 vesanos
1215 5692 1355 5751 malesani
1370 5692 1494 5765 pectoris
1507 5700 1602 5751 aestus.
