3950 6200
109 335 137 395 ol
288 347 293 355 '
559 321 883 388 PROLEGOMENA.
905 352 946 368 -
965 320 1235 383 TESTIMONIA.
1678 325 1721 384 62

112 484 503 553 sedhunirersaiicciesia
512 484 745 548 celebraretur.
764 483 864 547 Oho·
920 482 1003 560 lippi
1028 484 1072 544 IV
1097 496 1257 558 germana
1284 495 1392 554 soror,
1418 498 1492 559 quae
1515 482 1615 544 etiam
1641 481 1721 544 huic

108 603 166 648 nun
187 588 289 655 Deum,
317 584 376 661 qui
408 584 494 645 votis
521 584 645 646 nostris
660 583 704 644 ita
721 582 813 654 savit,
831 583 868 643 ut
920 580 1028 642 tertiae
1043 579 1199 655 religioni
1214 595 1335 641 nomeu
1357 579 1529 653 dederunt,
1547 597 1629 658 quas
1645 597 1721 641 cum

105 685 186 746 lacus
198 680 322 742 Ordinis
334 680 506 756 generalis
516 680 620 742 frater
629 697 733 754 meus,
751 695 867 757 propo·
920 676 1154 753 potentissimo
1176 675 1210 737 et
1230 675 1471 752 piissimorege
1486 679 1574 738 Deus
1589 677 1646 737 diu
1667 678 1723 738 in·
1794 697 1797 703 ·

103 782 144 842 sili
157 779 246 840 nostri
265 793 408 850 memor,
424 794 475 839 me
494 778 607 849 etiam,
623 778 659 840 ut
681 777 784 854 potui,
801 777 865 838 ad·
921 773 1069 835 columes
1085 772 1204 834 servet.
1220 777 1270 834 An
1286 772 1371 835 forte
1390 789 1457 834 non
1474 774 1569 836 decet
1593 776 1720 850 regiam

97 878 207 956 jurante
220 875 351 953 (saitem
366 875 530 952 propositi
545 875 778 937 recordatione
800 890 867 935 non
922 870 1116 947 dignitatem
1129 870 1294 931 ciliciuml
1304 872 1405 932 Decet
1415 874 1516 943 certe,
1529 873 1722 949 ettempore

99 971 270 1049 neoemaria)
291 971 421 1035 testum
443 972 605 1034 celebrari
627 972 818 1044 obtinuerit,
835 973 868 1033 et
921 968 1023 1029 Elisei
1051 968 1222 1045 prophetae
1256 984 1295 1028 eo
1331 984 1426 1028 usum
1459 985 1573 1045 regem
1602 969 1718 1042 lsrael,

98 1073 187 1150 prima
212 1073 280 1147 ejus
310 1070 457 1132 solemni
482 1070 702 1132 celebrationi
739 1069 868 1130 adstitit
921 1067 1038 1127 narrat
1053 1065 1201 1127 Historia
1217 1082 1313 1126 sacra
1329 1063 1388 1143 (1).
1406 1066 1500 1127 Unde
1515 1083 1596 1144 ergo
1611 1068 1719 1129 mira-

98 1172 150 1246 ipse
159 1167 315 1244 generalis
331 1168 481 1240 Ordinis,
498 1168 611 1229 adst'ti
623 1168 657 1229 et
669 1183 730 1243 ego
743 1168 867 1228 sanctae
921 1162 979 1235 ris,
991 1162 1472 1240 quodcardinaliscinericium
1482 1164 1630 1226 habitum
1644 1181 1722 1243 pur·

98 1269 224 1329 itomauae
231 1265 393 1327 Ecclesiae
404 1269 474 1344 jam
485 1265 678 1337 cardinalis
687 1264 743 1341 qui
751 1279 868 1341 propo
921 1273 1015 1335 purae
1030 1259 1190 1334 imponat,
1206 1258 1240 1319 et
1259 1257 1383 1318 chorda
1396 1273 1432 1318 se
1447 1260 1650 1335 praecingat?
1664 1255 1723 1321 Di-

97 1365 138 1424 siti
160 1367 297 1438 tempore
327 1378 399 1423 non
428 1363 542 1440 elapso
567 1362 676 1423 adhuc
706 1362 867 1423 decennio
922 1354 971 1416 cis
989 1355 1155 1415 :Humilis
1180 1354 1312 1415 habitus
1339 1356 1400 1427 est,
1432 1358 1532 1417 tantae
1555 1356 1719 1431 dignitati.

96 1476 164 1522 emm
182 1459 368 1521 secularis.
401 1460 484 1521 Vide
509 1460 669 1537 quantum
693 1458 867 1536 praemium
921 1454 964 1514 At
978 1468 1040 1528 ego
1063 1453 1260 1530 respondeo,
1285 1452 1361 1514 ideo
1383 1454 1631 1529 suscipiendum
1659 1455 1723 1517 hoo

95 1574 140 1634 pm
157 1558 283 1618 minimo
308 1556 437 1618 affectu
460 1556 663 1618 devotionis!
686 1557 720 1617 et
744 1556 867 1633 quanta
923 1551 1089 1627 tempore,
1116 1569 1134 1610 c
1161 1567 1236 1612 cum
1263 1552 1355 1613 tanto
1396 1551 1571 1624 humilior,
1623 1553 1723 1629 atque

98 1655 143 1714 siro
164 1654 233 1715 huic
261 1653 343 1714 divo
370 1654 574 1731 obligatione
601 1653 783 1724 devinctus,
811 1653 869 1729 qui
922 1648 993 1709 «ad
1021 1647 1232 1710 serviendum
1257 1651 1324 1710 Deo
1347 1650 1531 1726 promptior
1546 1650 1722 1727 quisquam

98 1752 193 1822 boeot
210 1751 340 1823 omnia,
361 1767 436 1829 quae
451 1750 564 1825 habui,
578 1751 685 1827 ipsius
700 1750 868 1811 devotioni
922 1745 1073 1806 «debeat
1093 1762 1167 1807 esse
1183 1762 1226 1807 ex
1239 1762 1390 1820 munere,
1405 1750 1528 1825 quanto
1543 1763 1579 1808 se
1594 1747 1724 1825 ohliga-

99 1847 237 1909 tribuenda
247 1865 376 1910 censeo
392 1870 400 1909 :
415 1864 541 1925 quama
552 1846 747 1926 parentibus
759 1847 869 1909 haere-
923 1859 941 1902 c
955 1844 1073 1904 liorem
1089 1859 1162 1904 esse
1182 1845 1345 1922 conspicit
1370 1845 1406 1905 in
1433 1846 1601 1908 reddenda
1615 1847 1723 1909 ratio-

97 1945 199 2008 ditatem
238 1947 448 2023 accepimus,
485 1946 541 2023 qui
575 1945 616 2006 oh
649 1961 805 2020 magnum
832 1944 868 2004 in
922 1955 997 2000 ‹ne
1012 1938 1163 2020 (2)»:et
1182 1940 1278 2002 nohis
1297 1942 1518 2005 humilitatem
1544 1945 1608 2006 hoc
1630 1946 1718 2008 tem-

95 2044 274 2104 iranciscum
284 2043 460 2116 affectum,
473 2058 534 2103 sua
547 2057 687 2119 corpora
699 2041 867 2118 antiquis·
922 2053 1015 2115 pore,
1026 2054 1091 2115 quo
1102 2040 1143 2101 ad
1155 2040 1257 2110 talem
1271 2041 1378 2101 erecti
1389 2057 1504 2101 sumus
1514 2041 1720 2117 dignitatem,

95 2141 157 2200 dno
168 2141 281 2218 majori
294 2140 490 2203 Placentini
505 2141 687 2202 conventus
705 2139 867 2200 Francis·
922 2137 1048 2198 «tanto
1077 2137 1183 2212 magis
1209 2137 1355 2198 arbitror
1380 2154 1456 2200 esse
1486 2139 1722 2214 necessariam,

94 2237 151 2297 rani
172 2238 291 2300 sacello
318 2238 456 2299 decoris
484 2237 682 2315 sepulchris,
704 2239 737 2298 et
752 2236 868 2313 paucis
922 2237 1079 2311 «quanto
1095 2237 1202 2311 major
1216 2236 1368 2297 noscitur
1382 2236 1523 2297 materia
1545 2238 1723 2313 suppetere

95 2333 189 2396 abirim
201 2337 298 2397 annis
314 2335 363 2397 ah
377 2334 606 2396 illustrissimo
626 2334 729 2396 fratre
753 2335 867 2396 nostro
922 2330 1177 2408 «superbiendi.
1230 2335 1361 2402 Genus,
1411 2334 1514 2406 aetas,
1568 2334 1719 2407 scientia,

94 2432 218 2510 episcopo
251 2433 448 2495 innumeris
483 2431 649 2494 decoratis
675 2432 866 2522 sanctprum
922 2428 1132 2501 «cathedra,
1165 2430 1198 2490 et
1225 2429 1311 2505 quod
1334 2433 1454 2508 majus
1485 2431 1551 2503 est,
1591 2432 1724 2508 prima-

93 2529 227 2606 reliquiis,
242 2532 298 2609 pie
315 2529 611 2605 commendaruut3
633 2544 773 2607 quorum
788 2530 866 2591 ani-
921 2528 1007 2588 ‹tus
1019 2526 1253 2604 praerogativa,
1265 2528 1398 2590 coinon
1410 2528 1722 2593 essentinsolentiae

93 2640 146 2685 nas
162 2629 281 2690 meritis
305 2630 342 2689 et
361 2627 516 2704 precihus
539 2626 628 2687 beati
655 2627 866 2704 patriarchae,
922 2639 1076 2696 «comes,
1093 2626 1126 2686 et
1146 2624 1344 2687 elevationis
1366 2627 1518 2688 occasioi
1534 2643 1722 2705 quanquam

93 2722 185 2799 suique
198 2725 337 2786 Ordinis
351 2724 504 2797 fratrum,
521 2724 575 2800 pie
590 2739 688 2802 spero
698 2727 769 2802 jam
793 2724 866 2800 glo-
921 2737 1025 2783 «esse
1052 2723 1180 2798 possint
1203 2725 1237 2784 et
1257 2723 1468 2786 humilitatis.
1484 2725 1722 2788 Meditantibus

93 2818 130 2878 ria
148 2823 252 2898 potiri3
270 2825 312 2884 et
325 2837 466 2899 quorum
486 2821 666 2895 consortio,
694 2822 868 2882 Fratrum·
921 2819 1084 2896 «quidem
1110 2820 1255 2881 honores
1280 2819 1507 2893 blandiuntur,
1533 2822 1589 2885 sed
1619 2838 1722 2885 onera

96 2931 142 2991 pre
162 2919 326 2980 hinorum
348 2917 532 2994 suffragiis,
548 2921 585 2980 ut
606 2934 667 2995 ego
682 2934 758 2980 curn
771 2933 865 2995 prae-
922 2917 1171 2993 «pensantibus
1213 2918 1313 2980 taedio
1355 2922 1433 2981 sunt
1468 2921 1567 2997 atque
1603 2919 1723 2983 formi-

94 3011 160 3075 dicto
172 3014 268 3078 iratre
287 3031 363 3077 meo
385 3015 608 3093 perfruamur,
624 3015 660 3076 in
674 3015 790 3077 eadem
806 3030 864 3076 ec·
921 3013 1023 3074 «dini
1039 3013 1130 3093 (3).»
1146 3015 1210 3076 Sed
1226 3015 1399 3091 superbire
1421 3018 1604 3079 honoribus
1625 3035 1720 3085 com-

94 3111 270 3177 ciesiaallud
299 3114 473 3191 amplioris
488 3114 622 3175 aedilicii
643 3130 704 3190 ego
731 3113 866 3175 extrusi
922 3111 1055 3172 munius
1084 3114 1149 3184 est,
1176 3130 1364 3191 «saepeque
1385 3115 1580 3176 transitoria
1610 3117 1723 3193 potes-

92 3210 233 3283 saceilum,
245 3229 315 3291 quo
326 3227 467 3289 corpora
476 3212 590 3273 nostra
606 3211 865 3282 constituantur,
921 3209 1007 3270 ctas
1026 3210 1172 3271 animam
1188 3227 1246 3287 per
1266 3211 1406 3289 abrupta
1429 3212 1583 3285 elationis
1611 3214 1720 3289 rapit:

93 3309 123 3366 ut
139 3306 179 3368 ihi
191 3313 411 3389 requiescant,
437 3308 496 3369 uhi
511 3323 642 3386 semper
656 3308 790 3369 animus
806 3323 865 3369 re·
921 3306 1147 3385 «pierumque
1160 3308 1250 3368 enim
1266 3325 1301 3370 se
1322 3310 1435 3370 animo
1452 3312 1588 3386 accepta
1605 3312 1721 3387 potes-

94 3404 182 3479 pnien
195 3409 332 3470 invenit.
920 3421 939 3463 c
951 3404 1003 3464 tas
1016 3404 1141 3481 objicit,
1156 3422 1230 3466 cum
1241 3407 1375 3468 tumidis
1389 3407 1645 3482 cogitationibus
1660 3408 1721 3470 fal·

121 3504 157 3563 ll
167 3506 199 3565 tu
211 3506 406 3576 admiraris,
429 3507 462 3566 et
476 3503 679 3566 solemnibus
695 3503 866 3564 celebrare
921 3500 999 3563 ciit.
1012 3504 1203 3578 bianuergo
1219 3503 1413 3565 humillimae
1427 3505 1717 3579 considerationis,

95 3600 166 3674 cupis
177 3603 347 3670 encomiis,
361 3618 415 3663 me
428 3604 501 3678 post
511 3616 691 3678 purpuram
709 3600 867 3661 cardina·
921 3597 1186 3676 «deprimendus
1218 3604 1269 3663 est
1297 3602 1407 3662 tumor
1442 3603 1598 3664 elationis
1622 3602 1683 3682 (4).
1700 3620 1720 3664 s

43 3730 45 3777 t
94 3691 157 3756 litia
174 3699 358 3776 dignitatis,
381 3698 532 3760 habitum
550 3699 640 3760 tertii
663 3698 797 3759 Ordinis
812 3698 867 3758 in·
921 3697 1009 3758 Hinc
1032 3697 1158 3758 Paulus
1187 3698 1228 3759 ad
1253 3700 1467 3774 Apostolatus
1488 3702 1522 3763 et
1535 3702 1720 3777 magisterii

94 3790 192 3866 dhisse,
216 3799 250 3858 et
276 3797 473 3859 solemniter
494 3797 627 3857 tertiam
644 3794 864 3872 patrisnostri
920 3790 1114 3870 dignitatem
1127 3796 1272 3869 evectus,
1288 3795 1383 3856 nohis
1398 3798 1516 3869 elucet,
1534 3816 1552 3857 c
1568 3799 1719 3861 serviens

95 3888 239 3955 Francisci
264 3894 428 3969 Regulam
446 3892 633 3970 professum
660 3892 773 3953 luisse.
801 3891 864 3953 Sed
921 3892 1088 3953 «Domino
1104 3894 1280 3954 cumomni
1294 3894 1497 3970 humilitate3
1516 3912 1644 3958 memor
1659 3897 1720 3957 hu-

95 3991 240 4061 quonodo,
258 3993 314 4069 qui
329 3991 504 4068 meipsum,
519 3992 553 4052 et
574 3990 698 4060 omnia,
713 4005 787 4065 quae
803 3989 866 4050 ha·
920 3990 1114 4062 «militatis,
1131 4006 1204 4068 quae
1229 3991 1293 4060 his,
1320 3993 1380 4079 qui
1406 3996 1553 4069 praesunt
1572 3996 1717 4057 manime

96 4078 315 4157 heo,Francisci
331 4104 405 4149 esse
420 4087 610 4164 proiitehar,
628 4103 758 4164 possem
774 4102 861 4164 qua·
920 4088 1117 4163 «congruit,
1145 4104 1184 4150 eo
1207 4089 1293 4165 quod
1319 4088 1478 4151 facillime
1498 4092 1534 4151 in
1555 4107 1720 4167 arrogan-

98 4177 240 4262 lecumque
257 4184 418 4246 exhihere
433 4185 620 4246 devotionis
637 4185 781 4260 signum,
798 4184 864 4245 nisi
920 4184 1029 4246 «tiam
1041 4184 1205 4246 tolluntur
1220 4183 1282 4264 (5).
1295 4204 1313 4245 r
1325 4188 1444 4248 Nonne
1453 4188 1516 4248 hoc
1527 4205 1588 4249 nos
1601 4189 1720 4250 docent

98 4278 229 4355 meipsum
250 4300 321 4345 suae
350 4282 509 4358 religioni
533 4282 750 4343 devoveremi
769 4285 864 4342 Anne
920 4282 1076 4342 enatura
1104 4281 1277 4344 instructae
1303 4299 1414 4358 grues
1439 4285 1570 4360 quaein
1599 4284 1720 4347 altiora

98 4370 225 4452 indignus
252 4383 303 4442 est
340 4379 514 4440 Francisci
551 4378 653 4447 funis,
681 4394 745 4455 quo
771 4379 864 4454 regia
920 4379 1101 4446 elevandae,
1125 4394 1167 4439 ne
1193 4380 1337 4441 aventis
1357 4381 1423 4439 huc
1447 4381 1592 4457 illucque
1610 4383 1718 4459 proji-

98 4485 216 4551 pupura
235 4478 408 4554 cingaturl
430 4478 476 4537 iio
491 4476 689 4553 praecinctus
714 4475 863 4537 bladovi·
920 4477 1062 4547 cientur,
1076 4475 1203 4550 lapides
1214 4475 1352 4552 pedibus
1363 4479 1507 4552 portant,
1525 4482 1560 4539 ut
1573 4480 1720 4555 pondere

99 4580 141 4628 cus
159 4589 213 4634 rex
232 4574 361 4645 Galliae,
384 4573 554 4635 Elisabeth
568 4573 751 4649 Hungariae
766 4573 862 4649 prin·
920 4573 1071 4634 securius
1086 4573 1202 4633 volare
1215 4572 1353 4648 possint,
1367 4590 1440 4650 quae
1451 4573 1595 4638 leviores
1609 4578 1718 4640 ventis

99 4678 168 4743 ceps,
181 4670 214 4730 in
227 4674 423 4734 Sanctorum
434 4686 609 4731 numerum
622 4670 719 4731 relati
731 4692 739 4744 3
753 4671 863 4747 impe·
920 4670 1039 4732 cedere
1054 4669 1351 4746 compellerenturl
1370 4672 1489 4733 Nonne
1503 4675 1615 4736 navim
1632 4691 1718 4736 one-

98 4765 221 4840 uuicos,
231 4768 481 4845 reges,reginae,
490 4769 522 4830 et
532 4767 591 4829 alii
602 4767 771 4844 principes
781 4766 862 4840 viri;
919 4768 973 4828 rat
997 4768 1110 4838 nauta,
1132 4767 1169 4828 ut
1187 4766 1236 4828 sic
1258 4767 1415 4843 depressa
1431 4772 1463 4831 et
1478 4770 1633 4843 demissa,
1654 4773 1720 4833 hu-

99 4872 213 4933 quorum
224 4882 407 4937 numerum,
424 4866 573 4941 tempore
587 4865 703 4926 mortis
716 4880 785 4925 suae
805 4863 865 4924 de-
919 4863 1031 4926 miiior
1045 4865 1133 4935 licet,
1150 4864 1300 4925 securior
1313 4867 1424 4926 tamen
1436 4866 1501 4929 iter
1515 4871 1592 4944 agat
1606 4885 1715 4943 suum,

99 4958 240 5024 potissime
268 4964 419 5025 habitum
443 4962 644 5038 suscipiens,
678 4961 773 5023 anxit
800 4961 864 5022 hoc
920 4977 980 5023 nec
1002 4960 1048 5022 ita
1077 4961 1215 5023 faciiea
1242 4964 1438 5038 procellosis
1455 4965 1553 5025 undis
1568 4967 1716 5041 agitata,

100 5066 168 5115 anuo
190 5060 359 5137 Phiiippus
393 5059 512 5120 tertius
547 5059 801 5134 Hispaniarum,
832 5059 865 5118 et
919 5060 985 5121 huc
1000 5058 1146 5135 illucque
1155 5061 1281 5136 jactata
1297 5060 1571 5136 demergatur3et
1582 5077 1646 5137 quo
1662 5063 1717 5123 al-

99 5151 177 5222 pauio
201 5168 272 5218 ante
297 5156 514 5218 serenissima
551 5154 719 5232 Hispaniae
747 5155 863 5230 regina
919 5156 1060 5219 tiorihus
1084 5159 1201 5218 natare
1216 5157 1307 5233 cupit
1333 5158 1443 5229 undis,
1471 5173 1510 5218 eo
1535 5173 1570 5218 se
1592 5162 1720 5236 majore

100 5245 248 5324 Elisabeth,
270 5252 417 5330 Philippi
439 5254 483 5314 IV
498 5251 625 5313 domini
644 5252 750 5313 nostri
765 5264 862 5323 uxor,
920 5254 1040 5330 gravat
1067 5255 1189 5316 oneret
1212 5254 1296 5326 Quid
1321 5270 1400 5330 ergo
1425 5270 1486 5330 ego
1514 5255 1658 5316 facerem
1679 5273 1719 5319 eo

101 5346 125 5402 ei
135 5347 320 5411 nobilissima
330 5351 486 5428 princeps
500 5349 607 5411 Maria
620 5349 767 5427 eiusdem
782 5348 864 5409 Phi·
919 5353 1080 5427 tempore,
1103 5350 1349 5430 quoindignus
1372 5352 1413 5413 ad
1434 5354 1502 5413 tarn
1528 5368 1718 5430 supremum

128 5483 161 5555 (i)
177 5488 299 5563 illleg„
320 5504 361 5546 vr.
456 5559 462 5573 .
631 5560 637 5574 .
955 5488 996 5634 ἓῖιζ
1016 5489 1149 5563 Grego'r,
1165 5489 1214 5547 lib.
1231 5490 1309 5556 xxi,
1327 5490 1355 5545 in
1366 5489 1439 5558 ioh„
1457 5506 1483 5547 e.
1495 5492 1527 5547 io
1542 5493 1628 5576 et'll.

127 5555 292 5633 iiidregor,
313 5559 667 5633 ilem.it,rnliraogeho.
872 5622 874 5626 ,
967 5561 984 5617 il
1015 5563 1078 5617 Act.
1106 5576 1152 5619 xx.
1182 5559 1341 5632 chrysost,
1377 5562 1461 5617 Hom.
1491 5562 1537 5632 ta,
1573 5578 1602 5623 in
1631 5565 1722 5625 Actus

127 5625 309 5699 (tiberinam,
329 5630 414 5701 epist.
428 5629 472 5687 ia.
919 5632 1039 5702 apostol.
