3950 6200
267 235 329 297 283
699 232 732 293 S.
756 232 977 294 FRANCISCI
998 234 1226 295 ASSISIATIS
1247 235 1477 298 opuscubl.
1820 256 1862 318 234

270 397 304 459 et
317 409 432 458 omnes
447 391 597 471 populos,
613 390 721 453 tribus
735 393 769 455 et
781 392 924 469 linguas,
940 394 976 455 et
989 409 1064 455 om·
1120 392 1316 461 exaltemus,
1336 394 1596 473 magnificemus,
1622 401 1654 463 et
1675 406 1786 479 graias
1804 426 1864 488 aga.

269 510 330 556 nes
344 493 509 564 natones,
526 492 560 552 et
573 505 688 552 omnes
702 489 853 552 bomines
868 489 990 568 ubique
1000 494 1066 553 ter·
1120 507 1193 552 mus
1205 491 1367 554 altissimo
1382 494 1416 555 et
1427 510 1556 557 summo
1567 499 1633 558 beo
1645 502 1768 573 aterno
1782 508 1865 572 atra.

269 607 395 663 rarum,
417 589 473 666 qui
496 588 575 649 sunt
589 590 623 651 et
636 590 745 659 eruut,
769 588 941 650 humiliter
959 604 1064 665 roga·
1121 589 1217 650 nitati
1232 590 1265 651 et
1280 591 1417 662 Unitati,
1439 593 1543 664 Patri,
1560 596 1594 656 et
1611 596 1703 668 Filio,
1716 602 1864 678 etSpiritni

269 706 343 751 mus
358 692 392 750 et
405 686 631 764 supplicamus
646 702 708 748 nos
723 702 837 748 omnes
852 684 972 747 iratres
1003 687 1062 747 ldi-
1122 689 1253 758 Sancte,
1270 689 1417 750 Creatori
1430 691 1588 763 omnium,
1603 692 1636 753 in
1650 709 1683 755 se
1696 696 1863 765 credentium

269 803 379 857 nores,
396 786 485 846 servi
497 784 645 856 inutiles,
663 786 699 845 ut
719 799 834 847 omues
850 784 886 844 in
900 800 980 845 uera
1001 783 1065 845 tide
1119 787 1153 846 et
1167 786 1382 861 sperantium,
1398 789 1431 848 et
1443 787 1648 864 diligentium
1663 806 1743 863 eum,
1756 798 1866 872 quisine

269 882 500 961 etpoenitentia
510 897 775 960 perseveremus3
789 882 867 959 quia
877 882 976 944 aliter
989 881 1066 942 nul·
1120 882 1227 955 mitte,
1244 885 1277 945 et
1293 883 1366 945 sine
1381 884 1458 956 tine,
1481 886 1704 961 immutabilis,
1725 896 1756 952 et
1775 893 1867 957 invisi·

267 983 320 1043 lus
341 981 466 1043 salvari
485 981 603 1058 potest.
623 983 743 1042 Omnes
756 979 1065 1056 diligamusaxtoto
1119 979 1208 1052 bilis,
1233 981 1479 1054 inenarrabilia,
1502 983 1692 1057 ineffabilis,
1710 986 1865 1066 incompre-

268 1080 378 1151 corde,
390 1096 434 1141 ex
448 1080 517 1140 tota
532 1077 656 1149 anima,
670 1093 714 1139 ex
726 1078 794 1140 tota
809 1079 931 1149 mente,
948 1080 982 1139 et
997 1077 1067 1139 tor·
1119 1077 1305 1150 bensibilis,
1327 1079 1581 1157 investigabilis,
1606 1080 1795 1156 benedictus,
1815 1088 1867 1150 lau·

266 1178 421 1249 titudine,
445 1192 488 1238 ex
509 1177 581 1239 toto
596 1176 779 1246 intellectu,
802 1176 893 1238 etex
912 1175 1065 1238 omnihus
1119 1175 1249 1248 dabilis,
1263 1176 1439 1252 gloncsus,
1449 1180 1723 1256 superexaltatus,
1736 1182 1865 1257 sublimis,
1891 1192 1893 1219 ¹

268 1275 409 1347 viribus,
426 1274 494 1336 toto
510 1274 598 1344 nisu,
613 1274 683 1335 toto
698 1273 831 1345 affectu,
855 1274 934 1335 totis
949 1274 1063 1335 visce-
1119 1273 1282 1345 excelsus,
1312 1275 1435 1347 suavis,
1457 1275 1624 1349 amabilis,
1643 1277 1835 1353 delectabilis,
1847 1288 1869 1345 al

267 1374 372 1445 ribus,
389 1373 468 1435 totis
483 1371 659 1433 desideriis
681 1374 715 1433 et
737 1371 966 1433 voluntatibus
993 1374 1064 1433 lio-
1118 1372 1207 1433 totus
1230 1386 1362 1449 semper
1380 1374 1607 1450 superomnia
1629 1374 1868 1441 desiderabilisin

266 1471 395 1534 minum
410 1471 524 1541 Deum,
541 1470 598 1547 qui
611 1471 716 1531 totum
731 1484 863 1546 corpus,
875 1472 979 1531 totam
994 1468 1066 1530 ani·
1118 1468 1241 1532 secula
1254 1470 1462 1532 wculorum.

266 1585 366 1641 mam,
389 1569 492 1633 totam
515 1567 620 1629 vitam
641 1566 743 1639 dedit,
769 1570 803 1628 et
827 1567 884 1629 dat
910 1566 1064 1630 omnibns

268 1666 364 1729 nohis
380 1689 388 1726 ε
404 1668 462 1744 qui
477 1681 538 1726 nos
559 1665 696 1737 creavit,
712 1668 745 1727 et
766 1665 917 1737 redemit,
943 1667 977 1727 et
990 1665 1064 1726 sola
1299 1684 1508 1745 Emptam
1526 1687 1572 1745 aa
1591 1686 1731 1759 fragm,

268 1782 329 1827 sua
344 1764 575 1825 misericordia
591 1762 755 1824 salvavit:
772 1764 830 1839 qui
845 1761 941 1825 nobis
955 1762 1063 1824 mise·

267 1862 431 1925 rabilibus
445 1862 479 1923 et
492 1860 636 1933 miseris,
653 1860 796 1937 putridis
812 1862 845 1923 et
859 1859 994 1932 ioetidis,
1013 1860 1064 1920 in·
1157 1861 1194 1920 In
1214 1859 1348 1921 nomine
1363 1860 1422 1923 Dei
1437 1861 1683 1939 omnipotentis,
1695 1878 1771 1939 rogo
1783 1879 1870 1926 omna

267 1958 383 2035 gratis,
404 1957 544 2033 ignaris,
565 1957 598 2018 et
619 1956 716 2017 malis
737 1957 851 2017 omnia
871 1954 1061 2027 benefecit,
1116 1956 1247 2029 tratres,
1263 1958 1300 2019 ut
1313 1956 1646 2021 addiscantteuorem
1660 1962 1693 2022 et
1706 1976 1872 2022 sensumeo

267 2057 301 2118 et
313 2056 403 2117 iacit.
414 2054 507 2116 Nibil
521 2070 601 2130 ergo
616 2053 707 2114 aliud
723 2053 963 2125 desideremus,
976 2052 1062 2114 nihil
1116 2069 1188 2114 rum
1204 2070 1277 2131 quae
1291 2054 1327 2116 in
1339 2055 1404 2117 ista
1418 2056 1487 2117 vita
1499 2055 1540 2117 ad
1553 2057 1695 2118 salutem
1705 2058 1872 2119 animares

267 2154 358 2216 aliud
366 2153 518 2224 velimus,
529 2151 613 2213 nihil
625 2151 715 2212 aliud
727 2151 866 2228 placeat,
879 2153 912 2213 et
921 2149 1063 2212 delectet
1116 2154 1177 2212 trae
1192 2152 1314 2228 scripta
1329 2156 1416 2225 sunt,
1430 2154 1464 2215 et
1484 2154 1548 2215 ista
1566 2153 1754 2231 frequenter
1766 2155 1801 2216 ad
1820 2171 1872 2215 me·

266 2267 340 2324 nos,
353 2251 418 2315 nisi
434 2251 623 2320 (incatenat
637 2248 847 2326 Redemptor,
860 2251 893 2310 et
907 2249 1063 2311 Salvator
1116 2248 1256 2310 moriam
1271 2249 1441 2311 reducant
1459 2252 1498 2312 ut
1516 2265 1619 2312 exoro
1639 2255 1750 2324 Deum,
1765 2254 1797 2313 ut
1811 2253 1872 2328 ipse,

267 2352 390 2421 nester,
406 2348 497 2409 solus
508 2348 542 2409 et
555 2362 654 2409 verus
667 2349 765 2419 Deus,
783 2348 839 2424 qui
855 2349 907 2410 est
925 2347 1060 2423 plenum
1116 2346 1173 2422 qul
1188 2346 1237 2407 est
1251 2348 1471 2425 omnipotens,
1489 2348 1597 2409 trinus
1615 2351 1649 2411 et
1665 2366 1757 2420 unus,
1769 2349 1873 2409 buett-
1904 2386 1906 2413 l

266 2447 400 2518 bonum,
415 2445 660 2516 omnebonum,
674 2447 779 2507 totum
794 2445 926 2516 bonum,
942 2459 1061 2506 verum
1115 2446 1168 2504 cal
1198 2458 1313 2505 omnes
1343 2444 1511 2516 docentes,
1541 2445 1758 2516 addiscentes,
1786 2459 1874 2505 recor-
1905 2420 1906 2461 ³

266 2546 301 2607 et
320 2559 485 2607 summum
506 2542 639 2612 bonum,
664 2542 720 2620 qui
746 2543 839 2604 solus
862 2543 913 2604 est
940 2540 1058 2613 bouus,
1116 2539 1292 2611 danteset
1317 2543 1493 2617 operantes
1508 2541 1585 2613 ista,
1608 2542 1873 2620 quotiesrepetml

265 2642 341 2720 pius
356 2644 388 2703 et
406 2640 507 2710 mitis,
522 2640 637 2701 suavis
654 2642 688 2700 el
699 2638 816 2710 dulcis,
831 2640 887 2716 qui
902 2639 994 2701 solus
1010 2640 1061 2701 eet
1115 2637 1248 2713 quesibi
1262 2638 1457 2700 adsalutem
1471 2641 1619 2701 nostram
1632 2640 1753 2716 scripta
1765 2638 1874 2699 similit

268 2739 416 2809 mactus,
436 2737 557 2814 justus,
581 2751 693 2805 verus,
708 2736 877 2807 etractus,
895 2736 952 2812 qui
967 2736 1060 2797 solus
1115 2732 1274 2810 deprecor
1286 2750 1401 2797 omnes
1416 2751 1490 2796 cum
1499 2736 1612 2797 osculo
1630 2737 1758 2812 pedum,
1772 2738 1805 2795 ut
1816 2733 1875 2794 nul·

267 2832 893 2910 estbeuignus,inuoceus,mundus:a
908 2848 984 2910 quc,
1002 2848 1062 2910 per
1114 2831 1183 2893 tum
1206 2831 1358 2907 diligant,
1382 2832 1579 2903 custodiant,
1613 2836 1648 2894 et
1669 2833 1829 2909 reponant,
1851 2832 1875 2891 et

267 2948 376 3012 quem,
401 2931 434 2992 et
454 2931 490 2991 in
511 2946 576 3007 quo
602 2930 654 2992 est
680 2929 788 2992 omnis
812 2931 923 3003 uenia,
953 2931 1063 2992 omnis
1115 2943 1158 2988 ex
1168 2929 1260 3004 parte
1271 2928 1330 2988 bei
1345 2929 1591 3005 omnipotentis,
1602 2933 1639 2992 et
1653 2929 1774 2990 domini
1788 2931 1875 3002 Papa,

268 3029 389 3109 gratia,
406 3027 514 3090 omnis
533 3027 640 3104 gloria
655 3027 801 3088 omnium
817 3027 1059 3106 poenitentium,
1115 3026 1149 3088 et
1159 3041 1218 3104 per
1231 3025 1463 3100 obedientiam,
1481 3043 1541 3103 ego
1555 3029 1752 3089 Franciscus
1766 3024 1879 3087 tirmiter

266 3128 485 3206 etjustcrum,
497 3126 643 3187 omnium
654 3126 867 3188 beatorumin
883 3126 1061 3189 coeliscon·
1115 3124 1273 3201 precipio
1288 3127 1321 3187 et
1336 3124 1484 3201 injungo,
1501 3128 1537 3187 ut
1555 3141 1599 3186 ex
1622 3126 1677 3187 bis
1692 3142 1763 3203 quae
1780 3125 1811 3185 iu
1829 3124 1878 3183 ista

265 3224 491 3302 gaudemium.
508 3222 601 3284 Nihil
616 3237 696 3298 ergo
714 3221 884 3299 impediat,
905 3222 991 3283 nibil
1006 3238 1062 3284 se-
1114 3222 1183 3284 vita
1195 3222 1318 3297 scripta
1332 3207 1420 3293 snn‘t,
1438 3217 1551 3284 nullus
1562 3223 1703 3294 minuat,
1719 3223 1769 3285 rel
1780 3221 1878 3297 inipsa

265 3323 370 3401 paret,
388 3320 472 3383 nibil
487 3320 687 3397 interpellet
708 3321 828 3398 Utique
849 3335 911 3382 nos
932 3335 1058 3392 omues,
1115 3319 1273 3396 scriptum
1288 3319 1421 3396 aliquod
1436 3319 1579 3396 desuper
1592 3320 1705 3393 addat,
1721 3336 1779 3382 uec
1797 3318 1879 3380 alian

265 3421 357 3484 omni
382 3420 466 3490 loco,
490 3418 580 3479 omni
603 3417 697 3489 bora,
719 3418 752 3478 et
778 3417 868 3478 omni
896 3417 1057 3494 tempore,
1115 3417 1276 3492 Regulam
1299 3416 1419 3478 iratres
1443 3416 1597 3479 babeant.
1621 3419 1737 3480 Gloria
1753 3413 1878 3485 Patriet

265 3517 413 3596 quetidie
426 3518 459 3578 et
473 3516 628 3578 continue
652 3514 827 3576 credamus
846 3515 1013 3576 veraciter
1025 3515 1058 3581 et
1112 3514 1251 3585 Filio,et
1266 3513 1406 3590 Spiritui
1422 3517 1562 3576 Sancto:
1578 3515 1668 3577 sicut
1684 3518 1755 3577 erat
1765 3515 1798 3574 in
1808 3512 1881 3589 prin

265 3616 448 3687 humiliter,
468 3616 502 3675 et
525 3614 560 3674 in
582 3612 682 3675 corde
697 3613 879 3699 teneamus,
896 3627 1056 3685 amemus,
1113 3612 1210 3689 cipio,
1226 3612 1260 3673 et
1274 3627 1372 3682 nunc,
1390 3611 1423 3674 et
1436 3627 1577 3689 semper,
1596 3613 1631 3675 et
1648 3614 1684 3674 in
1696 3611 1812 3674 saecula
1824 3623 1879 3669 sa·

264 3713 477 3782 honoremus,
502 3710 689 3780 adoremus,
718 3710 913 3781 serviamus,
936 3709 1057 3770 laude-
1113 3709 1407 3771 culorumamen.

264 3825 350 3880 mus,
360 3812 394 3872 et
403 3808 650 3878 benedicamus,
660 3806 894 3883 glorificemus,
906 3808 1060 3883 etsuper·

175 4069 183 4092 Ι
296 4121 501 4183 SECUNDA
522 4119 698 4180 REGULA
720 4119 760 4178 B.
783 4120 946 4180 PATRIS
966 4115 1207 4179 FRANCISCI
1225 4117 1313 4178 PRO
1333 4119 1584 4178 FRATRIBUS
1603 4117 1854 4180 MINORIBUS.

576 4405 744 4454 Momm
1113 4360 1175 4423 ituit
1197 4376 1216 4422 a
1240 4364 1308 4422 Dec
1326 4361 1532 4424 revelatione
1553 4363 1781 4426 commonitus.
1796 4357 1883 4420 Vide·

1110 4458 1208 4521 batur
1233 4458 1364 4536 quidem
1386 4458 1449 4519 sibi
1473 4458 1514 4520 de
1540 4461 1629 4522 terra
1653 4461 1759 4522 micas
1781 4470 1883 4536 panum

303 4568 377 4629 lam
406 4575 507 4639 supra
540 4561 574 4621 in
605 4558 808 4636 Argumento
838 4556 1056 4635 praecedentis
1111 4554 1344 4618 subtilissimas
1370 4555 1556 4633 collegisse,
1591 4557 1769 4633 multisque
1797 4554 1885 4614 fame-

264 4661 400 4737 Regulae
418 4658 617 4724 monuimus,
637 4672 677 4717 ea
701 4654 901 4732 posthabita,
925 4643 1056 4716 banc'a
1110 4653 1184 4718 licis
1206 4651 1364 4714 tratribus
1382 4653 1491 4730 ipsum
1513 4653 1813 4722 circumstantibus
1838 4649 1885 4709 de·

264 4757 423 4821 iratribus
435 4751 619 4816 Minoribus
632 4750 814 4824 observari,
826 4752 1056 4829 rationemque
1109 4749 1189 4811 bere
1210 4748 1375 4823 tribuere;
1403 4765 1542 4828 cumque
1568 4751 1672 4811 micas
1697 4753 1764 4811 tam
1787 4749 1885 4810 moues

263 4857 300 4918 in
337 4856 425 4916 bunc
459 4850 567 4912 locum
601 4847 856 4920 reservavimus,
886 4863 985 4924 quam
1013 4863 1056 4909 ex
1111 4845 1308 4908 distribuere
1319 4845 1523 4918 formidaret,
1535 4862 1577 4907 ne
1587 4845 1770 4909 torteinter
1784 4857 1886 4906 manus

264 4969 336 5030 cap.
368 4949 497 5012 lvitae
517 4945 623 5006 nostri
647 4944 800 5005 Auctoris
836 4960 903 5004 non
931 4944 1057 5020 pigebit
1109 4944 1313 5016 exciderent,
1332 4959 1400 5004 vox
1413 4943 1446 5004 ei
1468 4943 1610 5022 desuper
1623 4945 1692 5006 ait:
1715 4941 1885 5008 Francisce,

263 5047 439 5114 taedebitve
452 5045 506 5106 bic
519 5041 655 5104 reterre.
671 5041 752 5101 Cum
765 5040 902 5102 dilatato
912 5043 983 5117 jam
999 5055 1057 5102 or·
1110 5056 1209 5101 unam
1228 5040 1269 5102 de
1290 5040 1386 5100 micis
1407 5040 1559 5102 omnibus
1581 5040 1725 5102 hostiam
1743 5039 1846 5109 facito
1860 5035 1886 5096 et

264 5148 353 5218 dine,
370 5143 418 5205 ait
436 5141 475 5203 b.
495 5139 727 5201 Beneventura
743 5135 803 5215 (1),
828 5136 961 5197 vivendi
985 5136 1057 5198 ior·
1110 5137 1311 5199 manducare
1319 5137 1506 5200 volentibus
1516 5137 1636 5200 tribue.
1647 5141 1717 5211 Quo
1728 5137 1760 5198 id
1770 5135 1884 5212 agente,

262 5259 352 5308 mam
366 5255 425 5317 per
439 5241 476 5301 D.
499 5234 728 5298 Innocentium
747 5233 961 5311 approbatam
986 5235 1056 5296 dis-
1109 5234 1307 5312 quicumque
1335 5234 1418 5296 illud
1447 5234 1563 5298 devote
1587 5251 1654 5297 non
1682 5231 1884 5310 recipiebant,

263 5339 403 5418 poneret
416 5351 476 5413 per
489 5347 715 5395 successorem
730 5331 835 5409 ipsius
857 5332 1053 5405 Honorium,
1109 5335 1169 5395 aut
1195 5335 1363 5411 receptum
1387 5334 1643 5398 contemnebant
1664 5335 1796 5396 donum.
1819 5343 1885 5391 mcx

263 5438 300 5500 in
325 5434 518 5514 perpetuum
542 5429 653 5493 tacere
676 5428 839 5501 roborari,
865 5427 1055 5506 hujusmodi
1109 5431 1202 5509 lepra
1221 5430 1335 5494 inlecti
1357 5431 1520 5494 notabiles
1537 5430 1751 5509 apparebant.
1772 5425 1885 5492 Recital

302 5566 343 5641 (l)
361 5569 479 5635 Bonav,
494 5577 556 5636 cap.
573 5561 599 5633 l,
617 5560 747 5632 immuta
760 5559 891 5632 maiora,
907 5560 935 5617 in
950 5558 1016 5617 ine.
