<?xml version="1.0" encoding="UTF-8"?>
<!DOCTYPE html PUBLIC "-//W3C//DTD XHTML 1.0 Transitional//EN"
    "http://www.w3.org/TR/xhtml1/DTD/xhtml1-transitional.dtd">
<html xmlns="http://www.w3.org/1999/xhtml" xml:lang="en" lang="en">
 <head>
  <title>
</title>
<meta http-equiv="Content-Type" content="text/html;charset=utf-8" />
  <meta name='ocr-system' content='tesseract 3.04.00' />
  <meta name='ocr-capabilities' content='ocr_page ocr_carea ocr_par ocr_line ocrx_word'/>
</head>
<body>
  <div class='ocr_page' id='page_1' title='image "./mediiaevibiblio09bottgoog_0016.png"; bbox 0 0 3950 6200; ppageno 0'>
   <div class='ocr_carea' id='block_1_1' title="bbox 833 202 1248 267">
    <p class='ocr_par' dir='ltr' id='par_1_1' title="bbox 833 202 1248 267">
     <span class='ocr_line' id='line_1_1' title="bbox 833 202 1248 267; baseline 0.005 -6"><span class='ocrx_word' id='word_1_1' title='bbox 833 202 1010 265; x_wconf 84' lang='lat' dir='ltr'>HONORII</span> <span class='ocrx_word' id='word_1_2' title='bbox 1033 204 1078 265; x_wconf 92' lang='lat' dir='ltr'><strong>III</strong></span> <span class='ocrx_word' id='word_1_3' title='bbox 1100 205 1248 267; x_wconf 81' lang='lat' dir='ltr'>OPERA.</span> 
     </span>
    </p>
   </div>
   <div class='ocr_carea' id='block_1_2' title="bbox 531 369 696 458">
    <p class='ocr_par' dir='ltr' id='par_1_2' title="bbox 531 369 696 458">
     <span class='ocr_line' id='line_1_2' title="bbox 531 369 696 458; baseline -0.006 -2"><span class='ocrx_word' id='word_1_4' title='bbox 531 369 696 458; x_wconf 83' lang='lat' dir='ltr'>LXVIII</span> 
     </span>
    </p>
   </div>
   <div class='ocr_carea' id='block_1_3' title="bbox 266 520 957 595">
    <p class='ocr_par' dir='ltr' id='par_1_3' title="bbox 266 520 957 595">
     <span class='ocr_line' id='line_1_3' title="bbox 266 520 957 595; baseline -0.004 -12"><span class='ocrx_word' id='word_1_5' title='bbox 266 523 318 583; x_wconf 79' lang='lat' dir='ltr'><strong>Ad</strong></span> <span class='ocrx_word' id='word_1_6' title='bbox 332 524 500 583; x_wconf 64' lang='lat' dir='ltr'><strong>maccam</strong></span> <span class='ocrx_word' id='word_1_7' title='bbox 514 522 547 583; x_wconf 84' lang='lat' dir='ltr'><strong>et</strong></span> <span class='ocrx_word' id='word_1_8' title='bbox 561 522 748 595; x_wconf 76' lang='lat' dir='ltr'><strong>capitulum</strong></span> <span class='ocrx_word' id='word_1_9' title='bbox 765 520 957 583; x_wconf 79' lang='lat' dir='ltr'><strong>Treecuses.</strong></span> 
     </span>
    </p>
   </div>
   <div class='ocr_carea' id='block_1_4' title="bbox 244 650 985 840">
    <p class='ocr_par' dir='ltr' id='par_1_4' title="bbox 244 650 985 840">
     <span class='ocr_line' id='line_1_4' title="bbox 497 650 743 724; baseline 0.004 -17"><span class='ocrx_word' id='word_1_10' title='bbox 497 654 512 708; x_wconf 87' lang='grc'><strong>7</strong></span> <span class='ocrx_word' id='word_1_11' title='bbox 525 650 648 724; x_wconf 82' lang='lat' dir='ltr'><strong>januarii</strong></span> <span class='ocrx_word' id='word_1_12' title='bbox 665 651 743 708; x_wconf 76' lang='lat'><strong>1226.</strong></span> 
     </span>
     <span class='ocr_line' id='line_1_5' title="bbox 244 773 985 840; baseline -0.001 -15"><span class='ocrx_word' id='word_1_13' title='bbox 244 775 365 839; x_wconf 67' lang='lat' dir='ltr'><strong>marest,</strong></span> <span class='ocrx_word' id='word_1_14' title='bbox 379 775 425 825; x_wconf 89' lang='lat' dir='ltr'><strong>lib.</strong></span> <span class='ocrx_word' id='word_1_15' title='bbox 436 775 469 833; x_wconf 81' lang='lat' dir='ltr'><strong>X,</strong></span> <span class='ocrx_word' id='word_1_16' title='bbox 479 773 553 837; x_wconf 82' lang='lat' dir='ltr'><strong>epist.</strong></span> <span class='ocrx_word' id='word_1_17' title='bbox 570 774 623 823; x_wconf 77' lang='lat' dir='ltr'><strong>aaa.</strong></span> <span class='ocrx_word' id='word_1_18' title='bbox 639 775 697 823; x_wconf 88' lang='lat' dir='ltr'><strong>llss.</strong></span> <span class='ocrx_word' id='word_1_19' title='bbox 713 775 748 824; x_wconf 87' lang='lat' dir='ltr'><strong>La</strong></span> <span class='ocrx_word' id='word_1_20' title='bbox 758 774 834 825; x_wconf 88' lang='lat' dir='ltr'><strong>Porte</strong></span> <span class='ocrx_word' id='word_1_21' title='bbox 844 774 879 825; x_wconf 90' lang='lat' dir='ltr'><strong>du</strong></span> <span class='ocrx_word' id='word_1_22' title='bbox 890 774 985 840; x_wconf 86' lang='lat' dir='ltr'><strong>Theil.]</strong></span> 
     </span>
    </p>
   </div>
   <div class='ocr_carea' id='block_1_5' title="bbox 218 897 1011 1237">
    <p class='ocr_par' dir='ltr' id='par_1_5' title="bbox 218 897 1011 1237">
     <span class='ocr_line' id='line_1_6' title="bbox 218 897 1011 972; baseline -0.003 -15"><span class='ocrx_word' id='word_1_23' title='bbox 218 900 349 971; x_wconf 82' lang='lat' dir='ltr'><strong>Praecipit</strong></span> <span class='ocrx_word' id='word_1_24' title='bbox 360 900 413 967; x_wconf 84' lang='lat' dir='ltr'><strong>cis,</strong></span> <span class='ocrx_word' id='word_1_25' title='bbox 428 906 460 955; x_wconf 90' lang='lat' dir='ltr'><strong>ut</strong></span> <span class='ocrx_word' id='word_1_26' title='bbox 472 914 528 955; x_wconf 91' lang='lat' dir='ltr'><strong>non</strong></span> <span class='ocrx_word' id='word_1_27' title='bbox 547 898 677 955; x_wconf 85' lang='lat' dir='ltr'><strong>obstante</strong></span> <span class='ocrx_word' id='word_1_28' title='bbox 694 897 871 972; x_wconf 74' lang='lat' dir='ltr'><strong>indulgentia</strong></span> <span class='ocrx_word' id='word_1_29' title='bbox 888 898 1011 971; x_wconf 84' lang='lat' dir='ltr'><strong>quedam</strong></span> 
     </span>
     <span class='ocr_line' id='line_1_7' title="bbox 254 984 1008 1055; baseline 0 -11"><span class='ocrx_word' id='word_1_30' title='bbox 254 989 382 1044; x_wconf 78' lang='lat' dir='ltr'><strong>ecclesie</strong></span> <span class='ocrx_word' id='word_1_31' title='bbox 404 988 536 1044; x_wconf 85' lang='lat' dir='ltr'><strong>Trecensi</strong></span> <span class='ocrx_word' id='word_1_32' title='bbox 553 1002 700 1055; x_wconf 84' lang='lat' dir='ltr'><strong>concessa,</strong></span> <span class='ocrx_word' id='word_1_33' title='bbox 721 988 904 1045; x_wconf 77' lang='lat' dir='ltr'><strong>Valerianum</strong></span> <span class='ocrx_word' id='word_1_34' title='bbox 925 984 1008 1044; x_wconf 86' lang='lat' dir='ltr'><strong>clert-</strong></span> 
     </span>
     <span class='ocr_line' id='line_1_8' title="bbox 254 1074 1010 1148; baseline -0.001 -16"><span class='ocrx_word' id='word_1_35' title='bbox 254 1090 330 1144; x_wconf 90' lang='lat' dir='ltr'><strong>cum,</strong></span> <span class='ocrx_word' id='word_1_36' title='bbox 351 1090 520 1148; x_wconf 81' lang='lat' dir='ltr'><strong>germanum</strong></span> <span class='ocrx_word' id='word_1_37' title='bbox 541 1074 644 1147; x_wconf 75' lang='lat' dir='ltr'><strong>iudicia</strong></span> <span class='ocrx_word' id='word_1_38' title='bbox 667 1077 765 1132; x_wconf 88' lang='lat' dir='ltr'><strong>iloriei</strong></span> <span class='ocrx_word' id='word_1_39' title='bbox 789 1077 860 1133; x_wconf 87' lang='lat' dir='ltr'><strong>civis</strong></span> <span class='ocrx_word' id='word_1_40' title='bbox 879 1077 1010 1146; x_wconf 84' lang='lat' dir='ltr'><strong>Romani,</strong></span> 
     </span>
     <span class='ocr_line' id='line_1_9' title="bbox 255 1162 802 1237; baseline 0 -16"><span class='ocrx_word' id='word_1_41' title='bbox 255 1165 286 1221; x_wconf 91' lang='lat' dir='ltr'><strong>in</strong></span> <span class='ocrx_word' id='word_1_42' title='bbox 300 1165 468 1222; x_wconf 89' lang='lat' dir='ltr'><strong>canonicum</strong></span> <span class='ocrx_word' id='word_1_43' title='bbox 482 1173 510 1220; x_wconf 87' lang='lat' dir='ltr'><strong>ct</strong></span> <span class='ocrx_word' id='word_1_44' title='bbox 526 1162 639 1221; x_wconf 83' lang='lat' dir='ltr'><strong>tratrem</strong></span> <span class='ocrx_word' id='word_1_45' title='bbox 656 1165 802 1237; x_wconf 74' lang='lat' dir='ltr'>recipiant.</span> 
     </span>
    </p>
   </div>
   <div class='ocr_carea' id='block_1_6' title="bbox 216 1290 1017 5444">
    <p class='ocr_par' dir='ltr' id='par_1_6' title="bbox 217 1290 1013 1644">
     <span class='ocr_line' id='line_1_10' title="bbox 259 1290 1012 1368; baseline -0.001 -16"><span class='ocrx_word' id='word_1_46' title='bbox 259 1290 427 1352; x_wconf 90' lang='lat' dir='ltr'><strong>Honorius</strong></span> <span class='ocrx_word' id='word_1_47' title='bbox 465 1290 652 1368; x_wconf 86' lang='lat' dir='ltr'><strong>episcopus,</strong></span> <span class='ocrx_word' id='word_1_48' title='bbox 687 1306 804 1351; x_wconf 86' lang='lat' dir='ltr'><strong>servus</strong></span> <span class='ocrx_word' id='word_1_49' title='bbox 840 1306 1012 1351; x_wconf 84' lang='lat' dir='ltr'><strong>servorum</strong></span> 
     </span>
     <span class='ocr_line' id='line_1_11' title="bbox 217 1387 1013 1465; baseline -0.001 -16"><span class='ocrx_word' id='word_1_50' title='bbox 217 1388 291 1459; x_wconf 84' lang='lat' dir='ltr'><strong>Dei,</strong></span> <span class='ocrx_word' id='word_1_51' title='bbox 308 1387 437 1448; x_wconf 88' lang='lat' dir='ltr'><strong>dilectis</strong></span> <span class='ocrx_word' id='word_1_52' title='bbox 451 1387 566 1447; x_wconf 88' lang='lat' dir='ltr'><strong>tiliis...</strong></span> <span class='ocrx_word' id='word_1_53' title='bbox 583 1388 719 1459; x_wconf 87' lang='lat' dir='ltr'><strong>decano,</strong></span> <span class='ocrx_word' id='word_1_54' title='bbox 735 1388 768 1449; x_wconf 91' lang='lat' dir='ltr'><strong>et</strong></span> <span class='ocrx_word' id='word_1_55' title='bbox 780 1388 924 1465; x_wconf 87' lang='lat' dir='ltr'><strong>capitulo</strong></span> <span class='ocrx_word' id='word_1_56' title='bbox 936 1390 1013 1448; x_wconf 77' lang='lat' dir='ltr'><strong>Tre</strong></span> 
     </span>
     <span class='ocr_line' id='line_1_12' title="bbox 219 1484 1011 1562; baseline -0.003 -15"><span class='ocrx_word' id='word_1_57' title='bbox 219 1484 323 1556; x_wconf 89' lang='lat' dir='ltr'><strong>censi,</strong></span> <span class='ocrx_word' id='word_1_58' title='bbox 359 1484 499 1545; x_wconf 91' lang='lat' dir='ltr'><strong>salutem</strong></span> <span class='ocrx_word' id='word_1_59' title='bbox 534 1486 567 1545; x_wconf 91' lang='lat' dir='ltr'><strong>et</strong></span> <span class='ocrx_word' id='word_1_60' title='bbox 598 1485 821 1562; x_wconf 79' lang='lat' dir='ltr'><strong>apostolicam</strong></span> <span class='ocrx_word' id='word_1_61' title='bbox 851 1485 1011 1546; x_wconf 90' lang='lat' dir='ltr'><strong>benedic-</strong></span> 
     </span>
     <span class='ocr_line' id='line_1_13' title="bbox 220 1582 356 1644; baseline -0.015 -1"><span class='ocrx_word' id='word_1_62' title='bbox 220 1582 356 1644; x_wconf 87' lang='lat' dir='ltr'><strong>tionem.</strong></span> 
     </span>
    </p>

    <p class='ocr_par' dir='ltr' id='par_1_7' title="bbox 216 1679 1017 5151">
     <span class='ocr_line' id='line_1_14' title="bbox 259 1679 1012 1757; baseline 0.001 -17"><span class='ocrx_word' id='word_1_63' title='bbox 259 1681 340 1740; x_wconf 86' lang='lat' dir='ltr'><strong>Cum</strong></span> <span class='ocrx_word' id='word_1_64' title='bbox 356 1679 434 1739; x_wconf 91' lang='lat' dir='ltr'><strong>olim</strong></span> <span class='ocrx_word' id='word_1_65' title='bbox 449 1679 633 1740; x_wconf 78' lang='lat' dir='ltr'><strong>venerabili</strong></span> <span class='ocrx_word' id='word_1_66' title='bbox 649 1680 744 1741; x_wconf 83' lang='lat' dir='ltr'><strong>tratri</strong></span> <span class='ocrx_word' id='word_1_67' title='bbox 764 1680 915 1741; x_wconf 90' lang='lat' dir='ltr'><strong>nostro...</strong></span> <span class='ocrx_word' id='word_1_68' title='bbox 940 1680 1012 1757; x_wconf 93' lang='lat' dir='ltr'><strong>epi-</strong></span> 
     </span>
     <span class='ocr_line' id='line_1_15' title="bbox 220 1776 1013 1853; baseline 0 -15"><span class='ocrx_word' id='word_1_69' title='bbox 220 1792 321 1853; x_wconf 86' lang='lat' dir='ltr'><strong>scopo</strong></span> <span class='ocrx_word' id='word_1_70' title='bbox 350 1777 505 1836; x_wconf 88' lang='lat' dir='ltr'><strong>Trecensi</strong></span> <span class='ocrx_word' id='word_1_71' title='bbox 533 1778 566 1837; x_wconf 88' lang='lat' dir='ltr'><strong>et</strong></span> <span class='ocrx_word' id='word_1_72' title='bbox 592 1776 686 1837; x_wconf 81' lang='lat' dir='ltr'><strong>vobis</strong></span> <span class='ocrx_word' id='word_1_73' title='bbox 710 1778 951 1853; x_wconf 82' lang='lat' dir='ltr'><strong>scripserimus,</strong></span> <span class='ocrx_word' id='word_1_74' title='bbox 977 1779 1013 1838; x_wconf 90' lang='lat' dir='ltr'><strong>ut</strong></span> 
     </span>
     <span class='ocr_line' id='line_1_16' title="bbox 220 1873 1010 1946; baseline -0.003 -11"><span class='ocrx_word' id='word_1_75' title='bbox 220 1890 280 1935; x_wconf 87' lang='lat' dir='ltr'><strong>vos</strong></span> <span class='ocrx_word' id='word_1_76' title='bbox 296 1873 452 1933; x_wconf 90' lang='lat' dir='ltr'><strong>dilectum</strong></span> <span class='ocrx_word' id='word_1_77' title='bbox 476 1873 580 1933; x_wconf 86' lang='lat' dir='ltr'><strong>tilium</strong></span> <span class='ocrx_word' id='word_1_78' title='bbox 603 1874 817 1934; x_wconf 79' lang='lat' dir='ltr'><strong>Valerianum</strong></span> <span class='ocrx_word' id='word_1_79' title='bbox 841 1874 1010 1946; x_wconf 89' lang='lat' dir='ltr'><strong>clericum,</strong></span> 
     </span>
     <span class='ocr_line' id='line_1_17' title="bbox 219 1969 1012 2047; baseline -0.001 -16"><span class='ocrx_word' id='word_1_80' title='bbox 219 1986 414 2047; x_wconf 80' lang='lat' dir='ltr'><strong>germanum</strong></span> <span class='ocrx_word' id='word_1_81' title='bbox 435 1969 556 2030; x_wconf 90' lang='lat' dir='ltr'><strong>nobilis</strong></span> <span class='ocrx_word' id='word_1_82' title='bbox 573 1971 638 2031; x_wconf 78' lang='lat' dir='ltr'><strong>uiri</strong></span> <span class='ocrx_word' id='word_1_83' title='bbox 653 1971 776 2047; x_wconf 88' lang='lat' dir='ltr'><strong>judicis</strong></span> <span class='ocrx_word' id='word_1_84' title='bbox 794 1971 911 2031; x_wconf 90' lang='lat' dir='ltr'><strong>Morici</strong></span> <span class='ocrx_word' id='word_1_85' title='bbox 929 1971 1012 2031; x_wconf 87' lang='lat' dir='ltr'><strong>civis</strong></span> 
     </span>
     <span class='ocr_line' id='line_1_18' title="bbox 219 2066 1011 2143; baseline -0.001 -14"><span class='ocrx_word' id='word_1_86' title='bbox 219 2066 361 2129; x_wconf 88' lang='lat' dir='ltr'><strong>Romani</strong></span> <span class='ocrx_word' id='word_1_87' title='bbox 387 2082 447 2143; x_wconf 94' lang='lat' dir='ltr'><strong>pro</strong></span> <span class='ocrx_word' id='word_1_88' title='bbox 473 2067 587 2127; x_wconf 87' lang='lat' dir='ltr'><strong>nostra</strong></span> <span class='ocrx_word' id='word_1_89' title='bbox 614 2068 646 2127; x_wconf 92' lang='lat' dir='ltr'><strong>et</strong></span> <span class='ocrx_word' id='word_1_90' title='bbox 670 2067 827 2127; x_wconf 77' lang='lat' dir='ltr'><strong>Ecclesiae</strong></span> <span class='ocrx_word' id='word_1_91' title='bbox 853 2070 1011 2128; x_wconf 84' lang='lat' dir='ltr'><strong>Romanae</strong></span> 
     </span>
     <span class='ocr_line' id='line_1_19' title="bbox 217 2164 1012 2240; baseline -0.003 -14"><span class='ocrx_word' id='word_1_92' title='bbox 217 2165 417 2236; x_wconf 86' lang='lat' dir='ltr'><strong>reverentia,</strong></span> <span class='ocrx_word' id='word_1_93' title='bbox 438 2164 631 2240; x_wconf 90' lang='lat' dir='ltr'><strong>reciperetis</strong></span> <span class='ocrx_word' id='word_1_94' title='bbox 650 2164 686 2224; x_wconf 94' lang='lat' dir='ltr'><strong>in</strong></span> <span class='ocrx_word' id='word_1_95' title='bbox 705 2165 903 2224; x_wconf 89' lang='lat' dir='ltr'><strong>canonicum</strong></span> <span class='ocrx_word' id='word_1_96' title='bbox 924 2167 957 2226; x_wconf 92' lang='lat' dir='ltr'><strong>et</strong></span> <span class='ocrx_word' id='word_1_97' title='bbox 977 2165 1012 2224; x_wconf 88' lang='lat' dir='ltr'><strong>in</strong></span> 
     </span>
     <span class='ocr_line' id='line_1_20' title="bbox 218 2261 1011 2338; baseline -0.004 -14"><span class='ocrx_word' id='word_1_98' title='bbox 218 2263 366 2333; x_wconf 81' lang='lat' dir='ltr'><strong>fratrem,</strong></span> <span class='ocrx_word' id='word_1_99' title='bbox 383 2262 415 2322; x_wconf 90' lang='lat' dir='ltr'><strong>et</strong></span> <span class='ocrx_word' id='word_1_100' title='bbox 430 2261 516 2321; x_wconf 90' lang='lat' dir='ltr'><strong>idem</strong></span> <span class='ocrx_word' id='word_1_101' title='bbox 534 2262 707 2338; x_wconf 87' lang='lat' dir='ltr'><strong>episcopus</strong></span> <span class='ocrx_word' id='word_1_102' title='bbox 726 2261 891 2323; x_wconf 73' lang='lat' dir='ltr'><strong>conterret</strong></span> <span class='ocrx_word' id='word_1_103' title='bbox 905 2262 938 2323; x_wconf 89' lang='lat' dir='ltr'><strong>et</strong></span> <span class='ocrx_word' id='word_1_104' title='bbox 952 2278 1011 2322; x_wconf 89' lang='lat' dir='ltr'><strong>as-</strong></span> 
     </span>
     <span class='ocr_line' id='line_1_21' title="bbox 219 2358 1012 2437; baseline -0.001 -16"><span class='ocrx_word' id='word_1_105' title='bbox 219 2362 368 2437; x_wconf 81' lang='lat' dir='ltr'><strong>signaret</strong></span> <span class='ocrx_word' id='word_1_106' title='bbox 381 2358 445 2419; x_wconf 93' lang='lat' dir='ltr'><strong>sibi</strong></span> <span class='ocrx_word' id='word_1_107' title='bbox 460 2358 683 2435; x_wconf 89' lang='lat' dir='ltr'><strong>praebendam,</strong></span> <span class='ocrx_word' id='word_1_108' title='bbox 700 2359 729 2418; x_wconf 92' lang='lat' dir='ltr'><strong>si</strong></span> <span class='ocrx_word' id='word_1_109' title='bbox 744 2360 856 2436; x_wconf 90' lang='lat' dir='ltr'><strong>quain</strong></span> <span class='ocrx_word' id='word_1_110' title='bbox 870 2361 1012 2420; x_wconf 87' lang='lat' dir='ltr'><strong>ecclesia</strong></span> 
     </span>
     <span class='ocr_line' id='line_1_22' title="bbox 217 2456 1012 2533; baseline -0.004 -13"><span class='ocrx_word' id='word_1_111' title='bbox 217 2461 330 2520; x_wconf 87' lang='lat' dir='ltr'><strong>vestra</strong></span> <span class='ocrx_word' id='word_1_112' title='bbox 347 2457 483 2517; x_wconf 83' lang='lat' dir='ltr'><strong>vacaret</strong></span> <span class='ocrx_word' id='word_1_113' title='bbox 501 2456 542 2516; x_wconf 90' lang='lat' dir='ltr'><strong>ad</strong></span> <span class='ocrx_word' id='word_1_114' title='bbox 564 2471 721 2531; x_wconf 80' lang='lat' dir='ltr'><strong>praesens,</strong></span> <span class='ocrx_word' id='word_1_115' title='bbox 741 2457 794 2516; x_wconf 79' lang='lat' dir='ltr'><strong>vel</strong></span> <span class='ocrx_word' id='word_1_116' title='bbox 817 2457 1012 2533; x_wconf 89' lang='lat' dir='ltr'><strong>quantocius</strong></span> 
     </span>
     <span class='ocr_line' id='line_1_23' title="bbox 218 2551 1012 2632; baseline -0.006 -15"><span class='ocrx_word' id='word_1_117' title='bbox 218 2553 448 2632; x_wconf 82' lang='lat' dir='ltr'><strong>opportunitas</strong></span> <span class='ocrx_word' id='word_1_118' title='bbox 471 2569 507 2612; x_wconf 93' lang='lat' dir='ltr'><strong>se</strong></span> <span class='ocrx_word' id='word_1_119' title='bbox 529 2551 676 2624; x_wconf 86' lang='lat' dir='ltr'><strong>offerret,</strong></span> <span class='ocrx_word' id='word_1_120' title='bbox 691 2551 898 2626; x_wconf 82' lang='lat' dir='ltr'><strong>indulgentia</strong></span> <span class='ocrx_word' id='word_1_121' title='bbox 913 2569 1012 2628; x_wconf 89' lang='lat' dir='ltr'><strong>quam</strong></span> 
     </span>
     <span class='ocr_line' id='line_1_24' title="bbox 218 2648 1012 2727; baseline -0.004 -15"><span class='ocrx_word' id='word_1_122' title='bbox 218 2652 258 2712; x_wconf 91' lang='lat' dir='ltr'><strong>de</strong></span> <span class='ocrx_word' id='word_1_123' title='bbox 278 2667 343 2712; x_wconf 94' lang='lat' dir='ltr'><strong>non</strong></span> <span class='ocrx_word' id='word_1_124' title='bbox 358 2649 561 2727; x_wconf 88' lang='lat' dir='ltr'><strong>providendo</strong></span> <span class='ocrx_word' id='word_1_125' title='bbox 582 2648 658 2708; x_wconf 89' lang='lat' dir='ltr'><strong>aliis</strong></span> <span class='ocrx_word' id='word_1_126' title='bbox 677 2665 706 2709; x_wconf 72' lang='lat' dir='ltr'><strong>a,</strong></span> <span class='ocrx_word' id='word_1_127' title='bbox 721 2648 804 2708; x_wconf 88' lang='lat' dir='ltr'><strong>Sede</strong></span> <span class='ocrx_word' id='word_1_128' title='bbox 823 2648 1012 2724; x_wconf 77' lang='lat' dir='ltr'><strong>apostolica</strong></span> 
     </span>
     <span class='ocr_line' id='line_1_25' title="bbox 217 2744 1013 2812; baseline -0.01 0"><span class='ocrx_word' id='word_1_129' title='bbox 217 2748 401 2812; x_wconf 88' lang='lat' dir='ltr'><strong>obtinuisse</strong></span> <span class='ocrx_word' id='word_1_130' title='bbox 420 2747 542 2808; x_wconf 89' lang='lat' dir='ltr'><strong>dieitur</strong></span> <span class='ocrx_word' id='word_1_131' title='bbox 557 2745 672 2806; x_wconf 89' lang='lat' dir='ltr'><strong>eadem</strong></span> <span class='ocrx_word' id='word_1_132' title='bbox 692 2745 833 2807; x_wconf 88' lang='lat' dir='ltr'><strong>ecclesia</strong></span> <span class='ocrx_word' id='word_1_133' title='bbox 848 2761 915 2806; x_wconf 92' lang='lat' dir='ltr'><strong>non</strong></span> <span class='ocrx_word' id='word_1_134' title='bbox 935 2744 1013 2804; x_wconf 92' lang='lat' dir='ltr'><strong>obs-</strong></span> 
     </span>
     <span class='ocr_line' id='line_1_26' title="bbox 216 2842 1012 2921; baseline -0.008 -13"><span class='ocrx_word' id='word_1_135' title='bbox 216 2847 321 2917; x_wconf 84' lang='lat' dir='ltr'><strong>tante,</strong></span> <span class='ocrx_word' id='word_1_136' title='bbox 348 2842 505 2921; x_wconf 84' lang='lat' dir='ltr'><strong>praelatus</strong></span> <span class='ocrx_word' id='word_1_137' title='bbox 532 2843 706 2920; x_wconf 90' lang='lat' dir='ltr'><strong>episcopus</strong></span> <span class='ocrx_word' id='word_1_138' title='bbox 727 2843 947 2919; x_wconf 85' lang='lat' dir='ltr'><strong>personaliter</strong></span> <span class='ocrx_word' id='word_1_139' title='bbox 970 2842 1012 2903; x_wconf 89' lang='lat' dir='ltr'><strong>ad</strong></span> 
     </span>
     <span class='ocr_line' id='line_1_27' title="bbox 218 2940 1013 3021; baseline -0.005 -17"><span class='ocrx_word' id='word_1_140' title='bbox 218 2942 431 3021; x_wconf 88' lang='lat' dir='ltr'><strong>praesentiam</strong></span> <span class='ocrx_word' id='word_1_141' title='bbox 446 2941 593 3002; x_wconf 89' lang='lat' dir='ltr'><strong>nostram</strong></span> <span class='ocrx_word' id='word_1_142' title='bbox 606 2940 767 3001; x_wconf 90' lang='lat' dir='ltr'><strong>accedens</strong></span> <span class='ocrx_word' id='word_1_143' title='bbox 786 2955 886 3017; x_wconf 88' lang='lat' dir='ltr'><strong>super</strong></span> <span class='ocrx_word' id='word_1_144' title='bbox 900 2941 1013 3017; x_wconf 86' lang='lat' dir='ltr'><strong>provi·</strong></span> 
     </span>
     <span class='ocr_line' id='line_1_28' title="bbox 218 3032 1012 3115; baseline -0.004 -13"><span class='ocrx_word' id='word_1_145' title='bbox 218 3041 314 3103; x_wconf 88' lang='lat' dir='ltr'><strong>aione</strong></span> <span class='ocrx_word' id='word_1_146' title='bbox 337 3038 450 3101; x_wconf 90' lang='lat' dir='ltr'><strong>clerici</strong></span> <span class='ocrx_word' id='word_1_147' title='bbox 479 3038 662 3115; x_wconf 88' lang='lat' dir='ltr'><strong>supradicti</strong></span> <span class='ocrx_word' id='word_1_148' title='bbox 685 3032 856 3100; x_wconf 86' lang='lat' dir='ltr'><strong>humiliter</strong></span> <span class='ocrx_word' id='word_1_149' title='bbox 879 3039 1012 3100; x_wconf 88' lang='lat' dir='ltr'><strong>tandem</strong></span> 
     </span>
     <span class='ocr_line' id='line_1_29' title="bbox 217 3135 1013 3215; baseline -0.003 -16"><span class='ocrx_word' id='word_1_150' title='bbox 217 3139 254 3199; x_wconf 91' lang='lat' dir='ltr'><strong>in</strong></span> <span class='ocrx_word' id='word_1_151' title='bbox 273 3139 367 3215; x_wconf 88' lang='lat' dir='ltr'><strong>parte</strong></span> <span class='ocrx_word' id='word_1_152' title='bbox 386 3137 497 3214; x_wconf 90' lang='lat' dir='ltr'><strong>paruit</strong></span> <span class='ocrx_word' id='word_1_153' title='bbox 519 3136 642 3197; x_wconf 89' lang='lat' dir='ltr'><strong>nostrae</strong></span> <span class='ocrx_word' id='word_1_154' title='bbox 664 3135 871 3213; x_wconf 89' lang='lat' dir='ltr'><strong>beneplacito</strong></span> <span class='ocrx_word' id='word_1_155' title='bbox 892 3137 1013 3197; x_wconf 80' lang='lat' dir='ltr'><strong>volun-</strong></span> 
     </span>
     <span class='ocr_line' id='line_1_30' title="bbox 216 3231 1013 3311; baseline -0.005 -14"><span class='ocrx_word' id='word_1_156' title='bbox 216 3233 307 3307; x_wconf 78' lang='lat' dir='ltr'><strong>tatis,</strong></span> <span class='ocrx_word' id='word_1_157' title='bbox 329 3234 496 3296; x_wconf 90' lang='lat' dir='ltr'><strong>concessis</strong></span> <span class='ocrx_word' id='word_1_158' title='bbox 516 3231 624 3294; x_wconf 89' lang='lat' dir='ltr'><strong>eidem</strong></span> <span class='ocrx_word' id='word_1_159' title='bbox 640 3233 761 3293; x_wconf 87' lang='lat' dir='ltr'><strong>litteris</strong></span> <span class='ocrx_word' id='word_1_160' title='bbox 781 3234 862 3305; x_wconf 88' lang='lat' dir='ltr'><strong>suis,</strong></span> <span class='ocrx_word' id='word_1_161' title='bbox 886 3234 921 3294; x_wconf 92' lang='lat' dir='ltr'><strong>in</strong></span> <span class='ocrx_word' id='word_1_162' title='bbox 938 3233 1013 3311; x_wconf 91' lang='lat' dir='ltr'><strong>qui-</strong></span> 
     </span>
     <span class='ocr_line' id='line_1_31' title="bbox 216 3330 1014 3408; baseline -0.001 -15"><span class='ocrx_word' id='word_1_163' title='bbox 216 3333 279 3393; x_wconf 86' lang='lat' dir='ltr'><strong>bus</strong></span> <span class='ocrx_word' id='word_1_164' title='bbox 298 3333 404 3393; x_wconf 85' lang='lat' dir='ltr'><strong>forma</strong></span> <span class='ocrx_word' id='word_1_165' title='bbox 422 3330 624 3408; x_wconf 79' lang='lat' dir='ltr'><strong>proataionis</strong></span> <span class='ocrx_word' id='word_1_166' title='bbox 647 3330 752 3407; x_wconf 91' lang='lat' dir='ltr'><strong>ipsius</strong></span> <span class='ocrx_word' id='word_1_167' title='bbox 777 3331 891 3392; x_wconf 85' lang='lat' dir='ltr'><strong>clerici</strong></span> <span class='ocrx_word' id='word_1_168' title='bbox 906 3331 1014 3392; x_wconf 91' lang='lat' dir='ltr'><strong>conti-</strong></span> 
     </span>
     <span class='ocr_line' id='line_1_32' title="bbox 218 3427 1013 3506; baseline -0.005 -14"><span class='ocrx_word' id='word_1_169' title='bbox 218 3432 327 3503; x_wconf 89' lang='lat' dir='ltr'><strong>netur,</strong></span> <span class='ocrx_word' id='word_1_170' title='bbox 340 3446 439 3506; x_wconf 82' lang='lat' dir='ltr'><strong>quam</strong></span> <span class='ocrx_word' id='word_1_171' title='bbox 450 3427 647 3489; x_wconf 87' lang='lat' dir='ltr'><strong>auctoritate</strong></span> <span class='ocrx_word' id='word_1_172' title='bbox 657 3428 846 3504; x_wconf 76' lang='lat' dir='ltr'><strong>apostolica</strong></span> <span class='ocrx_word' id='word_1_173' title='bbox 857 3427 1013 3488; x_wconf 78' lang='lat' dir='ltr'><strong>duximus</strong></span> 
     </span>
     <span class='ocr_line' id='line_1_33' title="bbox 219 3525 1014 3597; baseline -0.006 -7"><span class='ocrx_word' id='word_1_174' title='bbox 219 3525 490 3590; x_wconf 79' lang='lat' dir='ltr'><strong>confirmandam.</strong></span> <span class='ocrx_word' id='word_1_175' title='bbox 504 3526 664 3597; x_wconf 86' lang='lat' dir='ltr'><strong>Quocirca</strong></span> <span class='ocrx_word' id='word_1_176' title='bbox 676 3526 926 3587; x_wconf 84' lang='lat' dir='ltr'><strong>universitatem</strong></span> <span class='ocrx_word' id='word_1_177' title='bbox 937 3542 1014 3586; x_wconf 84' lang='lat' dir='ltr'><strong>ves-</strong></span> 
     </span>
     <span class='ocr_line' id='line_1_34' title="bbox 217 3621 1014 3698; baseline -0.006 -11"><span class='ocrx_word' id='word_1_178' title='bbox 217 3626 305 3687; x_wconf 90' lang='lat' dir='ltr'><strong>tram</strong></span> <span class='ocrx_word' id='word_1_179' title='bbox 334 3638 505 3685; x_wconf 89' lang='lat' dir='ltr'><strong>monemus</strong></span> <span class='ocrx_word' id='word_1_180' title='bbox 531 3621 593 3698; x_wconf 88' lang='lat' dir='ltr'><strong>&#39;per</strong></span> <span class='ocrx_word' id='word_1_181' title='bbox 620 3622 741 3684; x_wconf 89' lang='lat' dir='ltr'><strong>iterata</strong></span> <span class='ocrx_word' id='word_1_182' title='bbox 769 3621 862 3682; x_wconf 83' lang='lat' dir='ltr'><strong>vobis</strong></span> <span class='ocrx_word' id='word_1_183' title='bbox 890 3623 1014 3698; x_wconf 87' lang='lat' dir='ltr'><strong>scripta</strong></span> 
     </span>
     <span class='ocr_line' id='line_1_35' title="bbox 218 3718 1015 3800; baseline -0.008 -16"><span class='ocrx_word' id='word_1_184' title='bbox 218 3721 444 3800; x_wconf 88' lang='lat' dir='ltr'><strong>praecipiendo</strong></span> <span class='ocrx_word' id='word_1_185' title='bbox 457 3718 662 3789; x_wconf 67' lang='lat' dir='ltr'><strong>mandantes</strong></span> <span class='ocrx_word' id='word_1_186' title='bbox 680 3721 841 3795; x_wconf 86' lang='lat' dir='ltr'><strong>quatenus</strong></span> <span class='ocrx_word' id='word_1_187' title='bbox 857 3735 923 3779; x_wconf 92' lang='lat' dir='ltr'><strong>non</strong></span> <span class='ocrx_word' id='word_1_188' title='bbox 936 3718 1015 3779; x_wconf 91' lang='lat' dir='ltr'><strong>obs-</strong></span> 
     </span>
     <span class='ocr_line' id='line_1_36' title="bbox 218 3815 1014 3893; baseline -0.008 -12"><span class='ocrx_word' id='word_1_189' title='bbox 218 3819 312 3881; x_wconf 87' lang='lat' dir='ltr'><strong>tante</strong></span> <span class='ocrx_word' id='word_1_190' title='bbox 336 3815 544 3893; x_wconf 77' lang='lat' dir='ltr'><strong>indulgentia</strong></span> <span class='ocrx_word' id='word_1_191' title='bbox 572 3818 767 3888; x_wconf 88' lang='lat' dir='ltr'><strong>memorata,</strong></span> <span class='ocrx_word' id='word_1_192' title='bbox 797 3831 896 3892; x_wconf 89' lang='lat' dir='ltr'><strong>quam</strong></span> <span class='ocrx_word' id='word_1_193' title='bbox 929 3815 1014 3876; x_wconf 86' lang='lat' dir='ltr'><strong>alias</strong></span> 
     </span>
     <span class='ocr_line' id='line_1_37' title="bbox 219 3911 1014 3989; baseline -0.005 -11"><span class='ocrx_word' id='word_1_194' title='bbox 219 3915 315 3979; x_wconf 83' lang='lat' dir='ltr'><strong>vobis</strong></span> <span class='ocrx_word' id='word_1_195' title='bbox 329 3913 482 3977; x_wconf 83' lang='lat' dir='ltr'><strong>volumus</strong></span> <span class='ocrx_word' id='word_1_196' title='bbox 496 3929 570 3974; x_wconf 90' lang='lat' dir='ltr'><strong>esse</strong></span> <span class='ocrx_word' id='word_1_197' title='bbox 585 3911 723 3983; x_wconf 85' lang='lat' dir='ltr'><strong>salvam,</strong></span> <span class='ocrx_word' id='word_1_198' title='bbox 738 3914 1014 3989; x_wconf 88' lang='lat' dir='ltr'><strong>praenominatum</strong></span> 
     </span>
     <span class='ocr_line' id='line_1_38' title="bbox 221 4009 1013 4075; baseline -0.006 -1"><span class='ocrx_word' id='word_1_199' title='bbox 221 4013 380 4075; x_wconf 86' lang='lat' dir='ltr'><strong>clericum</strong></span> <span class='ocrx_word' id='word_1_200' title='bbox 401 4010 436 4071; x_wconf 91' lang='lat' dir='ltr'><strong>in</strong></span> <span class='ocrx_word' id='word_1_201' title='bbox 460 4010 597 4071; x_wconf 88' lang='lat' dir='ltr'><strong>tratrem</strong></span> <span class='ocrx_word' id='word_1_202' title='bbox 617 4009 649 4071; x_wconf 93' lang='lat' dir='ltr'><strong>et</strong></span> <span class='ocrx_word' id='word_1_203' title='bbox 668 4011 864 4071; x_wconf 88' lang='lat' dir='ltr'><strong>canonicum</strong></span> <span class='ocrx_word' id='word_1_204' title='bbox 888 4010 1013 4071; x_wconf 90' lang='lat' dir='ltr'><strong>admit-</strong></span> 
     </span>
     <span class='ocr_line' id='line_1_39' title="bbox 220 4106 1012 4183; baseline -0.006 -11"><span class='ocrx_word' id='word_1_205' title='bbox 220 4109 311 4182; x_wconf 89' lang='lat' dir='ltr'><strong>tatis,</strong></span> <span class='ocrx_word' id='word_1_206' title='bbox 334 4108 451 4169; x_wconf 90' lang='lat' dir='ltr'><strong>nuntio</strong></span> <span class='ocrx_word' id='word_1_207' title='bbox 476 4124 536 4168; x_wconf 91' lang='lat' dir='ltr'><strong>suo</strong></span> <span class='ocrx_word' id='word_1_208' title='bbox 558 4106 706 4183; x_wconf 89' lang='lat' dir='ltr'><strong>ejusdem</strong></span> <span class='ocrx_word' id='word_1_209' title='bbox 730 4106 844 4168; x_wconf 88' lang='lat' dir='ltr'><strong>clerici</strong></span> <span class='ocrx_word' id='word_1_210' title='bbox 866 4107 1012 4179; x_wconf 90' lang='lat' dir='ltr'><strong>nomine,</strong></span> 
     </span>
     <span class='ocr_line' id='line_1_40' title="bbox 222 4203 1015 4279; baseline -0.006 -11"><span class='ocrx_word' id='word_1_211' title='bbox 222 4206 355 4268; x_wconf 89' lang='lat' dir='ltr'><strong>stallum</strong></span> <span class='ocrx_word' id='word_1_212' title='bbox 374 4207 410 4267; x_wconf 92' lang='lat' dir='ltr'><strong>in</strong></span> <span class='ocrx_word' id='word_1_213' title='bbox 427 4205 540 4275; x_wconf 88' lang='lat' dir='ltr'><strong>choro,</strong></span> <span class='ocrx_word' id='word_1_214' title='bbox 557 4204 590 4265; x_wconf 91' lang='lat' dir='ltr'><strong>et</strong></span> <span class='ocrx_word' id='word_1_215' title='bbox 603 4204 712 4264; x_wconf 90' lang='lat' dir='ltr'><strong>locum</strong></span> <span class='ocrx_word' id='word_1_216' title='bbox 732 4204 768 4264; x_wconf 92' lang='lat' dir='ltr'><strong>in</strong></span> <span class='ocrx_word' id='word_1_217' title='bbox 790 4203 934 4279; x_wconf 90' lang='lat' dir='ltr'><strong>capitulo</strong></span> <span class='ocrx_word' id='word_1_218' title='bbox 957 4220 1015 4264; x_wconf 91' lang='lat' dir='ltr'><strong>as-</strong></span> 
     </span>
     <span class='ocr_line' id='line_1_41' title="bbox 221 4299 1015 4379; baseline -0.003 -16"><span class='ocrx_word' id='word_1_219' title='bbox 221 4304 411 4379; x_wconf 81' lang='lat' dir='ltr'><strong>signando:</strong></span> <span class='ocrx_word' id='word_1_220' title='bbox 436 4300 592 4378; x_wconf 78' lang='lat' dir='ltr'><strong>Alioquin</strong></span> <span class='ocrx_word' id='word_1_221' title='bbox 612 4300 742 4362; x_wconf 87' lang='lat' dir='ltr'><strong>dilectis</strong></span> <span class='ocrx_word' id='word_1_222' title='bbox 763 4300 880 4360; x_wconf 85' lang='lat' dir='ltr'><strong>tiliis...</strong></span> <span class='ocrx_word' id='word_1_223' title='bbox 902 4299 1015 4361; x_wconf 91' lang='lat' dir='ltr'><strong>abbati</strong></span> 
     </span>
     <span class='ocr_line' id='line_1_42' title="bbox 223 4397 1015 4468; baseline -0.006 -6"><span class='ocrx_word' id='word_1_224' title='bbox 223 4401 353 4462; x_wconf 85' lang='lat' dir='ltr'><strong>Sanctae</strong></span> <span class='ocrx_word' id='word_1_225' title='bbox 370 4397 569 4468; x_wconf 66' lang='lat' dir='ltr'><strong>denotatae,</strong></span> <span class='ocrx_word' id='word_1_226' title='bbox 598 4400 630 4459; x_wconf 88' lang='lat' dir='ltr'><strong>et</strong></span> <span class='ocrx_word' id='word_1_227' title='bbox 658 4397 893 4459; x_wconf 88' lang='lat' dir='ltr'><strong>archidiacono</strong></span> <span class='ocrx_word' id='word_1_228' title='bbox 917 4398 1015 4458; x_wconf 88' lang='lat' dir='ltr'><strong>Pari·</strong></span> 
     </span>
     <span class='ocr_line' id='line_1_43' title="bbox 222 4495 1014 4571; baseline -0.003 -14"><span class='ocrx_word' id='word_1_229' title='bbox 222 4496 336 4568; x_wconf 90' lang='lat' dir='ltr'><strong>siensi,</strong></span> <span class='ocrx_word' id='word_1_230' title='bbox 349 4498 381 4557; x_wconf 89' lang='lat' dir='ltr'><strong>et</strong></span> <span class='ocrx_word' id='word_1_231' title='bbox 396 4495 551 4556; x_wconf 82' lang='lat' dir='ltr'><strong>Mattliaeo</strong></span> <span class='ocrx_word' id='word_1_232' title='bbox 561 4495 707 4556; x_wconf 78' lang='lat' dir='ltr'><strong>iohanni</strong></span> <span class='ocrx_word' id='word_1_233' title='bbox 725 4495 873 4571; x_wconf 82' lang='lat' dir='ltr'><strong>Elperini</strong></span> <span class='ocrx_word' id='word_1_234' title='bbox 891 4495 1014 4556; x_wconf 77' lang='lat' dir='ltr'><strong>Belua-</strong></span> 
     </span>
     <span class='ocr_line' id='line_1_44' title="bbox 223 4591 1015 4664; baseline 0 -10"><span class='ocrx_word' id='word_1_235' title='bbox 223 4594 316 4655; x_wconf 89' lang='lat' dir='ltr'><strong>ceusi</strong></span> <span class='ocrx_word' id='word_1_236' title='bbox 339 4592 510 4664; x_wconf 90' lang='lat' dir='ltr'><strong>canonico,</strong></span> <span class='ocrx_word' id='word_1_237' title='bbox 532 4591 682 4652; x_wconf 89' lang='lat' dir='ltr'><strong>Parisius</strong></span> <span class='ocrx_word' id='word_1_238' title='bbox 702 4593 929 4664; x_wconf 88' lang='lat' dir='ltr'><strong>commoranti,</strong></span> <span class='ocrx_word' id='word_1_239' title='bbox 953 4609 1015 4654; x_wconf 91' lang='lat' dir='ltr'><strong>nos</strong></span> 
     </span>
     <span class='ocr_line' id='line_1_45' title="bbox 222 4688 1017 4765; baseline -0.001 -13"><span class='ocrx_word' id='word_1_240' title='bbox 222 4690 384 4752; x_wconf 85' lang='lat' dir='ltr'><strong>noveritis</strong></span> <span class='ocrx_word' id='word_1_241' title='bbox 399 4704 458 4765; x_wconf 89' lang='lat' dir='ltr'><strong>per</strong></span> <span class='ocrx_word' id='word_1_242' title='bbox 474 4689 605 4749; x_wconf 89' lang='lat' dir='ltr'><strong>nostras</strong></span> <span class='ocrx_word' id='word_1_243' title='bbox 622 4688 751 4749; x_wconf 89' lang='lat' dir='ltr'><strong>litteras</strong></span> <span class='ocrx_word' id='word_1_244' title='bbox 767 4689 963 4765; x_wconf 81' lang='lat' dir='ltr'><strong>injunxisse,</strong></span> <span class='ocrx_word' id='word_1_245' title='bbox 981 4691 1017 4752; x_wconf 91' lang='lat' dir='ltr'><strong>ut</strong></span> 
     </span>
     <span class='ocr_line' id='line_1_46' title="bbox 218 4785 1016 4861; baseline -0.003 -12"><span class='ocrx_word' id='word_1_246' title='bbox 218 4803 279 4849; x_wconf 77' lang='lat' dir='ltr'><strong>uos</strong></span> <span class='ocrx_word' id='word_1_247' title='bbox 290 4785 330 4847; x_wconf 91' lang='lat' dir='ltr'><strong>ad</strong></span> <span class='ocrx_word' id='word_1_248' title='bbox 344 4786 376 4846; x_wconf 94' lang='lat' dir='ltr'><strong>id</strong></span> <span class='ocrx_word' id='word_1_249' title='bbox 392 4801 639 4861; x_wconf 88' lang='lat' dir='ltr'><strong>percensuram</strong></span> <span class='ocrx_word' id='word_1_250' title='bbox 655 4785 926 4859; x_wconf 90' lang='lat' dir='ltr'><strong>ecclesiasticam,</strong></span> <span class='ocrx_word' id='word_1_251' title='bbox 941 4787 1016 4847; x_wconf 89' lang='lat' dir='ltr'><strong>sub-</strong></span> 
     </span>
     <span class='ocr_line' id='line_1_47' title="bbox 223 4881 1014 4961; baseline 0 -16"><span class='ocrx_word' id='word_1_252' title='bbox 223 4884 290 4946; x_wconf 90' lang='lat' dir='ltr'><strong>lato</strong></span> <span class='ocrx_word' id='word_1_253' title='bbox 312 4882 489 4959; x_wconf 85' lang='lat' dir='ltr'><strong>cujuslibet</strong></span> <span class='ocrx_word' id='word_1_254' title='bbox 512 4881 782 4944; x_wconf 86' lang='lat' dir='ltr'><strong>contradictionis</strong></span> <span class='ocrx_word' id='word_1_255' title='bbox 805 4885 839 4945; x_wconf 92' lang='lat' dir='ltr'><strong>et</strong></span> <span class='ocrx_word' id='word_1_256' title='bbox 861 4884 1014 4961; x_wconf 87' lang='lat' dir='ltr'><strong>appella-</strong></span> 
     </span>
     <span class='ocr_line' id='line_1_48' title="bbox 222 4978 1015 5055; baseline 0 -13"><span class='ocrx_word' id='word_1_257' title='bbox 222 4980 324 5043; x_wconf 88' lang='lat' dir='ltr'><strong>tionis</strong></span> <span class='ocrx_word' id='word_1_258' title='bbox 358 4978 604 5054; x_wconf 89' lang='lat' dir='ltr'><strong>impedimento,</strong></span> <span class='ocrx_word' id='word_1_259' title='bbox 642 4978 851 5055; x_wconf 85' lang='lat' dir='ltr'><strong>compellant.</strong></span> <span class='ocrx_word' id='word_1_260' title='bbox 896 4982 1015 5042; x_wconf 89' lang='lat' dir='ltr'><strong>Datum</strong></span> 
     </span>
     <span class='ocr_line' id='line_1_49' title="bbox 223 5075 933 5151; baseline -0.001 -13"><span class='ocrx_word' id='word_1_261' title='bbox 223 5078 338 5150; x_wconf 86' lang='lat' dir='ltr'><strong>Reate,</strong></span> <span class='ocrx_word' id='word_1_262' title='bbox 352 5077 412 5137; x_wconf 85' lang='lat' dir='ltr'><strong>VII</strong></span> <span class='ocrx_word' id='word_1_263' title='bbox 425 5075 500 5135; x_wconf 89' lang='lat' dir='ltr'><strong>idus</strong></span> <span class='ocrx_word' id='word_1_264' title='bbox 512 5076 673 5151; x_wconf 89' lang='lat' dir='ltr'><strong>januarii,</strong></span> <span class='ocrx_word' id='word_1_265' title='bbox 690 5092 779 5137; x_wconf 90' lang='lat' dir='ltr'><strong>anno</strong></span> <span class='ocrx_word' id='word_1_266' title='bbox 794 5075 933 5138; x_wconf 89' lang='lat' dir='ltr'><strong>decimo.</strong></span> 
     </span>
    </p>

    <p class='ocr_par' dir='ltr' id='par_1_8' title="bbox 223 5172 1014 5444">
     <span class='ocr_line' id='line_1_50' title="bbox 263 5172 1014 5249; baseline 0.004 -16"><span class='ocrx_word' id='word_1_267' title='bbox 263 5173 334 5234; x_wconf 85' lang='lat' dir='ltr'><strong>illis</strong></span> <span class='ocrx_word' id='word_1_268' title='bbox 357 5172 516 5249; x_wconf 89' lang='lat' dir='ltr'><strong>scriptum</strong></span> <span class='ocrx_word' id='word_1_269' title='bbox 539 5172 590 5233; x_wconf 90' lang='lat' dir='ltr'><strong>est</strong></span> <span class='ocrx_word' id='word_1_270' title='bbox 612 5175 649 5233; x_wconf 82' lang='lat' dir='ltr'><strong>tc</strong></span> <span class='ocrx_word' id='word_1_271' title='bbox 677 5176 834 5234; x_wconf 82' lang='lat' dir='ltr'><strong>eumdem</strong></span> <span class='ocrx_word' id='word_1_272' title='bbox 861 5177 1014 5247; x_wconf 71' lang='lat' dir='ltr'><strong>modeim,</strong></span> 
     </span>
     <span class='ocr_line' id='line_1_51' title="bbox 223 5268 1014 5347; baseline 0.005 -17"><span class='ocrx_word' id='word_1_273' title='bbox 223 5269 334 5330; x_wconf 75' lang='lat' dir='ltr'><strong>aerbIs</strong></span> <span class='ocrx_word' id='word_1_274' title='bbox 360 5268 583 5347; x_wconf 87' lang='lat' dir='ltr'><strong>competenter</strong></span> <span class='ocrx_word' id='word_1_275' title='bbox 605 5270 751 5342; x_wconf 87' lang='lat' dir='ltr'><strong>mutatis,</strong></span> <span class='ocrx_word' id='word_1_276' title='bbox 777 5272 814 5332; x_wconf 89' lang='lat' dir='ltr'><strong>ut</strong></span> <span class='ocrx_word' id='word_1_277' title='bbox 837 5286 894 5333; x_wconf 86' lang='lat' dir='ltr'><strong>eos</strong></span> <span class='ocrx_word' id='word_1_278' title='bbox 915 5272 957 5335; x_wconf 90' lang='lat' dir='ltr'><strong>ad</strong></span> <span class='ocrx_word' id='word_1_279' title='bbox 980 5273 1014 5334; x_wconf 93' lang='lat' dir='ltr'><strong>id</strong></span> 
     </span>
     <span class='ocr_line' id='line_1_52' title="bbox 224 5363 587 5444; baseline -0.011 -15"><span class='ocrx_word' id='word_1_280' title='bbox 224 5365 422 5444; x_wconf 88' lang='lat' dir='ltr'><strong>compellere</strong></span> <span class='ocrx_word' id='word_1_281' title='bbox 436 5363 587 5427; x_wconf 86' lang='lat' dir='ltr'><strong>debeant.</strong></span> 
     </span>
    </p>
   </div>
   <div class='ocr_carea' id='block_1_7' title="bbox 1840 198 1940 313">
    <p class='ocr_par' dir='ltr' id='par_1_9' title="bbox 1840 198 1940 319">
     <span class='ocr_line' id='line_1_53' title="bbox 1840 198 1940 313; baseline 0 6"><span class='ocrx_word' id='word_1_282' title='bbox 1840 211 1857 266; x_wconf 85' lang='lat'><strong>⁴</strong></span> <span class='ocrx_word' id='word_1_283' title='bbox 1938 198 1940 313; x_wconf 82' lang='lat' dir='ltr'><strong>l</strong></span> 
     </span>
    </p>
   </div>
   <div class='ocr_carea' id='block_1_8' title="bbox 1400 372 1524 459">
    <p class='ocr_par' dir='ltr' id='par_1_10' title="bbox 1400 372 1524 459">
     <span class='ocr_line' id='line_1_54' title="bbox 1400 372 1524 459; baseline 0.008 -1"><span class='ocrx_word' id='word_1_284' title='bbox 1400 372 1524 459; x_wconf 84' lang='lat' dir='ltr'>LXIX</span> 
     </span>
    </p>
   </div>
   <div class='ocr_carea' id='block_1_9' title="bbox 1065 522 1943 681">
    <p class='ocr_par' dir='ltr' id='par_1_11' title="bbox 1065 496 1943 681">
     <span class='ocr_line' id='line_1_55' title="bbox 1065 522 1943 598; baseline 0.001 -15"><span class='ocrx_word' id='word_1_285' title='bbox 1065 524 1284 585; x_wconf 73' lang='lat' dir='ltr'><strong>adeodatam</strong></span> <span class='ocrx_word' id='word_1_286' title='bbox 1298 524 1332 584; x_wconf 89' lang='lat' dir='ltr'><strong>ct</strong></span> <span class='ocrx_word' id='word_1_287' title='bbox 1345 523 1549 584; x_wconf 80' lang='lat' dir='ltr'><strong>concentum</strong></span> <span class='ocrx_word' id='word_1_288' title='bbox 1560 524 1679 584; x_wconf 81' lang='lat' dir='ltr'><strong>Sancti</strong></span> <span class='ocrx_word' id='word_1_289' title='bbox 1692 524 1862 598; x_wconf 73' lang='lat' dir='ltr'><strong>arnulphi</strong></span> <span class='ocrx_word' id='word_1_290' title='bbox 1941 522 1943 539; x_wconf 61' lang='lat'><em>¹</em></span> 
     </span>
     <span class='ocr_line' id='line_1_56' title="bbox 1310 621 1550 681; baseline 0.008 -4"><span class='ocrx_word' id='word_1_291' title='bbox 1310 666 1318 677; x_wconf 89' lang='lat'>.</span> <span class='ocrx_word' id='word_1_292' title='bbox 1373 621 1550 681; x_wconf 75' lang='lat' dir='ltr'><strong>aletensis.</strong></span> 
     </span>
    </p>
   </div>
   <div class='ocr_carea' id='block_1_10' title="bbox 1207 750 1719 938">
    <p class='ocr_par' dir='ltr' id='par_1_12' title="bbox 1207 750 1719 938">
     <span class='ocr_line' id='line_1_57' title="bbox 1338 750 1584 821; baseline 0 -15"><span class='ocrx_word' id='word_1_293' title='bbox 1338 750 1489 821; x_wconf 79' lang='lat' dir='ltr'><strong>ljanuarii</strong></span> <span class='ocrx_word' id='word_1_294' title='bbox 1505 750 1584 807; x_wconf 69' lang='lat' dir='ltr'><strong>lato.</strong></span> 
     </span>
     <span class='ocr_line' id='line_1_58' title="bbox 1207 868 1719 938; baseline 0 -15"><span class='ocrx_word' id='word_1_295' title='bbox 1207 868 1374 937; x_wconf 68' lang='lat' dir='ltr'><strong>[Taboulllot</strong></span> <span class='ocrx_word' id='word_1_296' title='bbox 1389 872 1452 923; x_wconf 83' lang='lat' dir='ltr'><strong>llist.</strong></span> <span class='ocrx_word' id='word_1_297' title='bbox 1466 873 1496 922; x_wconf 87' lang='lat' dir='ltr'><strong>de</strong></span> <span class='ocrx_word' id='word_1_298' title='bbox 1507 875 1579 931; x_wconf 83' lang='lat' dir='ltr'><strong>ldetz,</strong></span> <span class='ocrx_word' id='word_1_299' title='bbox 1593 874 1635 931; x_wconf 88' lang='lat' dir='ltr'><strong>lli,</strong></span> <span class='ocrx_word' id='word_1_300' title='bbox 1654 874 1719 938; x_wconf 64' lang='lat' dir='ltr'><strong>lde]</strong></span> 
     </span>
    </p>
   </div>
   <div class='ocr_carea' id='block_1_11' title="bbox 1199 1005 1724 1075">
    <p class='ocr_par' dir='ltr' id='par_1_13' title="bbox 1199 1005 1724 1075">
     <span class='ocr_line' id='line_1_59' title="bbox 1199 1005 1724 1075; baseline 0 -12"><span class='ocrx_word' id='word_1_301' title='bbox 1199 1005 1345 1075; x_wconf 78' lang='lat' dir='ltr'><strong>Quondam</strong></span> <span class='ocrx_word' id='word_1_302' title='bbox 1359 1014 1494 1064; x_wconf 84' lang='lat' dir='ltr'><strong>statutum</strong></span> <span class='ocrx_word' id='word_1_303' title='bbox 1510 1009 1552 1064; x_wconf 86' lang='lat' dir='ltr'><strong>eis</strong></span> <span class='ocrx_word' id='word_1_304' title='bbox 1566 1007 1724 1064; x_wconf 85' lang='lat' dir='ltr'><strong>contlrmat.</strong></span> 
     </span>
    </p>
   </div>
   <div class='ocr_carea' id='block_1_12' title="bbox 1106 1151 1949 1227">
    <p class='ocr_par' dir='ltr' id='par_1_14' title="bbox 1106 1151 1949 1227">
     <span class='ocr_line' id='line_1_60' title="bbox 1106 1151 1949 1227; baseline 0.007 -18"><span class='ocrx_word' id='word_1_305' title='bbox 1106 1151 1858 1227; x_wconf 83' lang='lat' dir='ltr'><strong>Honoriusepiscopus,servusservorumDei‚</strong></span> <span class='ocrx_word' id='word_1_306' title='bbox 1948 1178 1949 1185; x_wconf 21' lang='grc' dir='ltr'>Ι</span> 
     </span>
    </p>
   </div>
   <div class='ocr_carea' id='block_1_13' title="bbox 1067 1245 1862 2294">
    <p class='ocr_par' dir='ltr' id='par_1_15' title="bbox 1067 1245 1862 1502">
     <span class='ocr_line' id='line_1_61' title="bbox 1067 1245 1862 1310; baseline 0.005 -5"><span class='ocrx_word' id='word_1_307' title='bbox 1067 1245 1195 1307; x_wconf 90' lang='lat' dir='ltr'><strong>dilectis</strong></span> <span class='ocrx_word' id='word_1_308' title='bbox 1211 1246 1288 1307; x_wconf 86' lang='lat' dir='ltr'><strong>tiliis</strong></span> <span class='ocrx_word' id='word_1_309' title='bbox 1303 1247 1414 1309; x_wconf 90' lang='lat' dir='ltr'><strong>abbati</strong></span> <span class='ocrx_word' id='word_1_310' title='bbox 1427 1250 1460 1308; x_wconf 90' lang='lat' dir='ltr'><strong>et</strong></span> <span class='ocrx_word' id='word_1_311' title='bbox 1475 1249 1653 1309; x_wconf 84' lang='lat' dir='ltr'><strong>conventui</strong></span> <span class='ocrx_word' id='word_1_312' title='bbox 1669 1249 1782 1309; x_wconf 85' lang='lat' dir='ltr'><strong>Sancti</strong></span> <span class='ocrx_word' id='word_1_313' title='bbox 1797 1253 1862 1310; x_wconf 85' lang='lat' dir='ltr'><strong>Ar-</strong></span> 
     </span>
     <span class='ocr_line' id='line_1_62' title="bbox 1067 1342 1861 1421; baseline 0.005 -19"><span class='ocrx_word' id='word_1_314' title='bbox 1067 1342 1184 1418; x_wconf 87' lang='lat' dir='ltr'><strong>nulpbi</strong></span> <span class='ocrx_word' id='word_1_315' title='bbox 1211 1344 1379 1417; x_wconf 87' lang='lat' dir='ltr'><strong>Metensls,</strong></span> <span class='ocrx_word' id='word_1_316' title='bbox 1408 1344 1607 1407; x_wconf 88' lang='lat' dir='ltr'><strong>salutemet</strong></span> <span class='ocrx_word' id='word_1_317' title='bbox 1636 1346 1861 1421; x_wconf 85' lang='lat' dir='ltr'><strong>Apostolicam</strong></span> 
     </span>
     <span class='ocr_line' id='line_1_63' title="bbox 1067 1441 1340 1502; baseline 0 -1"><span class='ocrx_word' id='word_1_318' title='bbox 1067 1441 1340 1502; x_wconf 90' lang='lat' dir='ltr'><strong>benedictionem.</strong></span> 
     </span>
    </p>

    <p class='ocr_par' dir='ltr' id='par_1_16' title="bbox 1067 1538 1862 2294">
     <span class='ocr_line' id='line_1_64' title="bbox 1108 1538 1861 1616; baseline 0.003 -18"><span class='ocrx_word' id='word_1_319' title='bbox 1108 1539 1192 1610; x_wconf 88' lang='lat' dir='ltr'><strong>Quia</strong></span> <span class='ocrx_word' id='word_1_320' title='bbox 1213 1538 1454 1616; x_wconf 76' lang='lat' dir='ltr'><strong>providendum</strong></span> <span class='ocrx_word' id='word_1_321' title='bbox 1473 1541 1524 1600; x_wconf 90' lang='lat' dir='ltr'><strong>est</strong></span> <span class='ocrx_word' id='word_1_322' title='bbox 1547 1539 1698 1600; x_wconf 90' lang='lat' dir='ltr'><strong>ecclesiis</strong></span> <span class='ocrx_word' id='word_1_323' title='bbox 1719 1539 1760 1599; x_wconf 89' lang='lat' dir='ltr'><strong>da</strong></span> <span class='ocrx_word' id='word_1_324' title='bbox 1783 1555 1861 1616; x_wconf 91' lang='lat' dir='ltr'><strong>per-</strong></span> 
     </span>
     <span class='ocr_line' id='line_1_65' title="bbox 1068 1636 1861 1715; baseline 0.001 -20"><span class='ocrx_word' id='word_1_325' title='bbox 1068 1636 1171 1707; x_wconf 88' lang='lat' dir='ltr'><strong>sonis,</strong></span> <span class='ocrx_word' id='word_1_326' title='bbox 1195 1652 1254 1712; x_wconf 90' lang='lat' dir='ltr'><strong>per</strong></span> <span class='ocrx_word' id='word_1_327' title='bbox 1273 1651 1355 1712; x_wconf 86' lang='lat' dir='ltr'><strong>quas</strong></span> <span class='ocrx_word' id='word_1_328' title='bbox 1375 1638 1441 1715; x_wconf 85' lang='lat' dir='ltr'><strong>Deo</strong></span> <span class='ocrx_word' id='word_1_329' title='bbox 1465 1636 1501 1695; x_wconf 92' lang='lat' dir='ltr'><strong>in</strong></span> <span class='ocrx_word' id='word_1_330' title='bbox 1520 1636 1642 1696; x_wconf 84' lang='lat' dir='ltr'><strong>divinis</strong></span> <span class='ocrx_word' id='word_1_331' title='bbox 1662 1636 1779 1696; x_wconf 85' lang='lat' dir='ltr'><strong>officiis</strong></span> <span class='ocrx_word' id='word_1_332' title='bbox 1800 1652 1861 1712; x_wconf 90' lang='lat' dir='ltr'><strong>per</strong></span> 
     </span>
     <span class='ocr_line' id='line_1_66' title="bbox 1068 1732 1859 1807; baseline 0.001 -15"><span class='ocrx_word' id='word_1_333' title='bbox 1068 1733 1314 1793; x_wconf 89' lang='lat' dir='ltr'><strong>ecclesiasticos</strong></span> <span class='ocrx_word' id='word_1_334' title='bbox 1341 1732 1474 1793; x_wconf 88' lang='lat' dir='ltr'><strong>ordines</strong></span> <span class='ocrx_word' id='word_1_335' title='bbox 1508 1748 1654 1807; x_wconf 80' lang='lat' dir='ltr'><strong>congrue</strong></span> <span class='ocrx_word' id='word_1_336' title='bbox 1682 1734 1859 1804; x_wconf 83' lang='lat' dir='ltr'><strong>serviatur,</strong></span> 
     </span>
     <span class='ocr_line' id='line_1_67' title="bbox 1067 1829 1857 1906; baseline 0.001 -18"><span class='ocrx_word' id='word_1_337' title='bbox 1067 1829 1306 1891; x_wconf 84' lang='lat' dir='ltr'><strong>deliberatione</strong></span> <span class='ocrx_word' id='word_1_338' title='bbox 1325 1830 1464 1906; x_wconf 78' lang='lat' dir='ltr'><strong>provida</strong></span> <span class='ocrx_word' id='word_1_339' title='bbox 1483 1831 1656 1901; x_wconf 86' lang='lat' dir='ltr'><strong>statuistis,</strong></span> <span class='ocrx_word' id='word_1_340' title='bbox 1680 1832 1716 1890; x_wconf 88' lang='lat' dir='ltr'><strong>ut</strong></span> <span class='ocrx_word' id='word_1_341' title='bbox 1736 1830 1857 1901; x_wconf 89' lang='lat' dir='ltr'><strong>dicitis,</strong></span> 
     </span>
     <span class='ocr_line' id='line_1_68' title="bbox 1067 1927 1860 2003; baseline 0 -16"><span class='ocrx_word' id='word_1_342' title='bbox 1067 1930 1104 1987; x_wconf 92' lang='lat' dir='ltr'><strong>ut</strong></span> <span class='ocrx_word' id='word_1_343' title='bbox 1118 1943 1203 1997; x_wconf 91' lang='lat' dir='ltr'><strong>cum,</strong></span> <span class='ocrx_word' id='word_1_344' title='bbox 1223 1944 1284 2003; x_wconf 88' lang='lat' dir='ltr'><strong>per</strong></span> <span class='ocrx_word' id='word_1_345' title='bbox 1298 1928 1549 2003; x_wconf 87' lang='lat' dir='ltr'><strong>impressionem</strong></span> <span class='ocrx_word' id='word_1_346' title='bbox 1567 1927 1730 1997; x_wconf 85' lang='lat' dir='ltr'><strong>laicalem,</strong></span> <span class='ocrx_word' id='word_1_347' title='bbox 1747 1927 1860 2003; x_wconf 88' lang='lat' dir='ltr'><strong>plures</strong></span> 
     </span>
     <span class='ocr_line' id='line_1_69' title="bbox 1067 2023 1860 2100; baseline 0 -17"><span class='ocrx_word' id='word_1_348' title='bbox 1067 2024 1171 2084; x_wconf 90' lang='lat' dir='ltr'><strong>laicos</strong></span> <span class='ocrx_word' id='word_1_349' title='bbox 1186 2025 1221 2083; x_wconf 91' lang='lat' dir='ltr'><strong>in</strong></span> <span class='ocrx_word' id='word_1_350' title='bbox 1236 2025 1438 2085; x_wconf 88' lang='lat' dir='ltr'><strong>monasterio</strong></span> <span class='ocrx_word' id='word_1_351' title='bbox 1460 2027 1571 2084; x_wconf 82' lang='lat' dir='ltr'><strong>vestro</strong></span> <span class='ocrx_word' id='word_1_352' title='bbox 1591 2025 1785 2100; x_wconf 88' lang='lat' dir='ltr'><strong>reciperetis</strong></span> <span class='ocrx_word' id='word_1_353' title='bbox 1806 2023 1860 2083; x_wconf 89' lang='lat' dir='ltr'><strong>in-</strong></span> 
     </span>
     <span class='ocr_line' id='line_1_70' title="bbox 1068 2120 1861 2191; baseline 0 -10"><span class='ocrx_word' id='word_1_354' title='bbox 1068 2121 1137 2191; x_wconf 82' lang='lat' dir='ltr'><strong>viti,</strong></span> <span class='ocrx_word' id='word_1_355' title='bbox 1160 2121 1243 2181; x_wconf 89' lang='lat' dir='ltr'><strong>nulli</strong></span> <span class='ocrx_word' id='word_1_356' title='bbox 1266 2121 1306 2181; x_wconf 94' lang='lat' dir='ltr'><strong>de</strong></span> <span class='ocrx_word' id='word_1_357' title='bbox 1328 2124 1447 2182; x_wconf 87' lang='lat' dir='ltr'><strong>caetero</strong></span> <span class='ocrx_word' id='word_1_358' title='bbox 1469 2122 1504 2181; x_wconf 91' lang='lat' dir='ltr'><strong>in</strong></span> <span class='ocrx_word' id='word_1_359' title='bbox 1519 2124 1656 2181; x_wconf 88' lang='lat' dir='ltr'><strong>tonsura</strong></span> <span class='ocrx_word' id='word_1_360' title='bbox 1671 2123 1723 2179; x_wconf 84' lang='lat' dir='ltr'><strong>vel</strong></span> <span class='ocrx_word' id='word_1_361' title='bbox 1743 2120 1861 2181; x_wconf 87' lang='lat' dir='ltr'><strong>babitu</strong></span> 
     </span>
     <span class='ocr_line' id='line_1_71' title="bbox 1067 2216 1862 2294; baseline 0 -17"><span class='ocrx_word' id='word_1_362' title='bbox 1067 2218 1179 2279; x_wconf 89' lang='lat' dir='ltr'><strong>laicali</strong></span> <span class='ocrx_word' id='word_1_363' title='bbox 1192 2218 1399 2294; x_wconf 89' lang='lat' dir='ltr'><strong>recipiantur</strong></span> <span class='ocrx_word' id='word_1_364' title='bbox 1409 2217 1544 2290; x_wconf 91' lang='lat' dir='ltr'><strong>ibidem;</strong></span> <span class='ocrx_word' id='word_1_365' title='bbox 1559 2232 1620 2277; x_wconf 89' lang='lat' dir='ltr'><strong>nee</strong></span> <span class='ocrx_word' id='word_1_366' title='bbox 1631 2216 1718 2276; x_wconf 85' lang='lat' dir='ltr'><strong>intra</strong></span> <span class='ocrx_word' id='word_1_367' title='bbox 1729 2233 1862 2278; x_wconf 88' lang='lat' dir='ltr'><strong>monas·</strong></span> 
     </span>
    </p>
   </div>
   <div class='ocr_carea' id='block_1_14' title="bbox 1067 2314 1960 2405">
    <p class='ocr_par' dir='ltr' id='par_1_17' title="bbox 1067 2314 1960 2405">
     <span class='ocr_line' id='line_1_72' title="bbox 1067 2314 1960 2405; baseline -0.004 -29"><span class='ocrx_word' id='word_1_368' title='bbox 1067 2315 1198 2388; x_wconf 90' lang='lat' dir='ltr'><strong>terium,</strong></span> <span class='ocrx_word' id='word_1_369' title='bbox 1212 2316 1265 2376; x_wconf 83' lang='lat' dir='ltr'><strong>vel</strong></span> <span class='ocrx_word' id='word_1_370' title='bbox 1280 2316 1385 2387; x_wconf 79' lang='lat' dir='ltr'><strong>extra,</strong></span> <span class='ocrx_word' id='word_1_371' title='bbox 1407 2314 1528 2375; x_wconf 87' lang='lat' dir='ltr'><strong>talibus</strong></span> <span class='ocrx_word' id='word_1_372' title='bbox 1548 2314 1778 2374; x_wconf 85' lang='lat' dir='ltr'><strong>minIstrentur</strong></span> <span class='ocrx_word' id='word_1_373' title='bbox 1792 2315 1859 2375; x_wconf 88' lang='lat' dir='ltr'><strong>sti·</strong></span> <span class='ocrx_word' id='word_1_374' title='bbox 1959 2394 1960 2405; x_wconf 9' lang='grc' dir='ltr'>ἵ</span> 
     </span>
    </p>
   </div>
   <div class='ocr_carea' id='block_1_15' title="bbox 1066 2411 1863 3638">
    <p class='ocr_par' dir='ltr' id='par_1_18' title="bbox 1066 2411 1863 3638">
     <span class='ocr_line' id='line_1_73' title="bbox 1067 2411 1862 2489; baseline -0.006 -15"><span class='ocrx_word' id='word_1_375' title='bbox 1067 2414 1188 2489; x_wconf 90' lang='lat' dir='ltr'><strong>pendia</strong></span> <span class='ocrx_word' id='word_1_376' title='bbox 1199 2414 1447 2474; x_wconf 87' lang='lat' dir='ltr'><strong>monachorum.</strong></span> <span class='ocrx_word' id='word_1_377' title='bbox 1459 2413 1528 2471; x_wconf 91' lang='lat' dir='ltr'><strong>Nos</strong></span> <span class='ocrx_word' id='word_1_378' title='bbox 1539 2411 1642 2486; x_wconf 85' lang='lat' dir='ltr'><strong>igitur</strong></span> <span class='ocrx_word' id='word_1_379' title='bbox 1651 2411 1771 2471; x_wconf 83' lang='lat' dir='ltr'><strong>vestris</strong></span> <span class='ocrx_word' id='word_1_380' title='bbox 1784 2428 1862 2487; x_wconf 87' lang='lat' dir='ltr'><strong>sup·</strong></span> 
     </span>
     <span class='ocr_line' id='line_1_74' title="bbox 1067 2506 1859 2584; baseline -0.001 -17"><span class='ocrx_word' id='word_1_381' title='bbox 1067 2508 1301 2584; x_wconf 86' lang='lat' dir='ltr'><strong>plicationibus</strong></span> <span class='ocrx_word' id='word_1_382' title='bbox 1312 2509 1475 2578; x_wconf 87' lang='lat' dir='ltr'><strong>inclinati,</strong></span> <span class='ocrx_word' id='word_1_383' title='bbox 1489 2508 1574 2584; x_wconf 86' lang='lat' dir='ltr'><strong>quod</strong></span> <span class='ocrx_word' id='word_1_384' title='bbox 1586 2523 1606 2567; x_wconf 92' lang='lat' dir='ltr'><strong>a</strong></span> <span class='ocrx_word' id='word_1_385' title='bbox 1616 2507 1710 2567; x_wconf 84' lang='lat' dir='ltr'><strong>vobis</strong></span> <span class='ocrx_word' id='word_1_386' title='bbox 1721 2506 1859 2583; x_wconf 85' lang='lat' dir='ltr'><strong>provide</strong></span> 
     </span>
     <span class='ocr_line' id='line_1_75' title="bbox 1067 2604 1862 2678; baseline -0.001 -15"><span class='ocrx_word' id='word_1_387' title='bbox 1067 2620 1106 2663; x_wconf 93' lang='lat' dir='ltr'><strong>ac</strong></span> <span class='ocrx_word' id='word_1_388' title='bbox 1120 2604 1247 2664; x_wconf 89' lang='lat' dir='ltr'><strong>utiliter</strong></span> <span class='ocrx_word' id='word_1_389' title='bbox 1261 2604 1383 2663; x_wconf 86' lang='lat' dir='ltr'><strong>lactum</strong></span> <span class='ocrx_word' id='word_1_390' title='bbox 1404 2607 1464 2673; x_wconf 89' lang='lat' dir='ltr'><strong>est,</strong></span> <span class='ocrx_word' id='word_1_391' title='bbox 1481 2605 1517 2663; x_wconf 91' lang='lat' dir='ltr'><strong>in</strong></span> <span class='ocrx_word' id='word_1_392' title='bbox 1538 2604 1601 2663; x_wconf 87' lang='lat' dir='ltr'><strong>bac</strong></span> <span class='ocrx_word' id='word_1_393' title='bbox 1621 2606 1725 2678; x_wconf 87' lang='lat' dir='ltr'><strong>parte,</strong></span> <span class='ocrx_word' id='word_1_394' title='bbox 1745 2604 1862 2663; x_wconf 88' lang='lat' dir='ltr'><strong>aucto-</strong></span> 
     </span>
     <span class='ocr_line' id='line_1_76' title="bbox 1066 2699 1860 2776; baseline 0 -17"><span class='ocrx_word' id='word_1_395' title='bbox 1066 2701 1165 2760; x_wconf 90' lang='lat' dir='ltr'><strong>ritate</strong></span> <span class='ocrx_word' id='word_1_396' title='bbox 1179 2700 1368 2776; x_wconf 83' lang='lat' dir='ltr'><strong>apostolica</strong></span> <span class='ocrx_word' id='word_1_397' title='bbox 1379 2700 1624 2769; x_wconf 77' lang='lat' dir='ltr'><strong>confirmamur,</strong></span> <span class='ocrx_word' id='word_1_398' title='bbox 1641 2700 1674 2759; x_wconf 92' lang='lat' dir='ltr'><strong>et</strong></span> <span class='ocrx_word' id='word_1_399' title='bbox 1686 2699 1860 2775; x_wconf 79' lang='lat' dir='ltr'><strong>praesentis</strong></span> 
     </span>
     <span class='ocr_line' id='line_1_77' title="bbox 1067 2794 1860 2873; baseline -0.001 -15"><span class='ocrx_word' id='word_1_400' title='bbox 1067 2798 1184 2873; x_wconf 91' lang='lat' dir='ltr'><strong>scripti</strong></span> <span class='ocrx_word' id='word_1_401' title='bbox 1197 2794 1382 2873; x_wconf 87' lang='lat' dir='ltr'><strong>patrocinio</strong></span> <span class='ocrx_word' id='word_1_402' title='bbox 1398 2796 1651 2857; x_wconf 89' lang='lat' dir='ltr'><strong>communimus.</strong></span> <span class='ocrx_word' id='word_1_403' title='bbox 1667 2796 1760 2856; x_wconf 91' lang='lat' dir='ltr'><strong>Nulli</strong></span> <span class='ocrx_word' id='word_1_404' title='bbox 1779 2812 1860 2873; x_wconf 83' lang='lat' dir='ltr'><strong>ergo</strong></span> 
     </span>
     <span class='ocr_line' id='line_1_78' title="bbox 1067 2893 1863 2969; baseline -0.001 -14"><span class='ocrx_word' id='word_1_405' title='bbox 1067 2895 1201 2955; x_wconf 89' lang='lat' dir='ltr'><strong>omnino</strong></span> <span class='ocrx_word' id='word_1_406' title='bbox 1214 2894 1384 2954; x_wconf 89' lang='lat' dir='ltr'><strong>hominum</strong></span> <span class='ocrx_word' id='word_1_407' title='bbox 1397 2893 1497 2954; x_wconf 78' lang='lat' dir='ltr'><strong>ltceat</strong></span> <span class='ocrx_word' id='word_1_408' title='bbox 1509 2893 1595 2953; x_wconf 88' lang='lat' dir='ltr'><strong>hanc</strong></span> <span class='ocrx_word' id='word_1_409' title='bbox 1610 2894 1766 2969; x_wconf 79' lang='lat' dir='ltr'><strong>pagiuam</strong></span> <span class='ocrx_word' id='word_1_410' title='bbox 1781 2911 1863 2955; x_wconf 90' lang='lat' dir='ltr'><strong>nos-</strong></span> 
     </span>
     <span class='ocr_line' id='line_1_79' title="bbox 1066 2990 1860 3066; baseline -0.001 -14"><span class='ocrx_word' id='word_1_411' title='bbox 1066 2994 1126 3052; x_wconf 85' lang='lat' dir='ltr'><strong>trae</strong></span> <span class='ocrx_word' id='word_1_412' title='bbox 1148 2991 1409 3053; x_wconf 73' lang='lat' dir='ltr'><strong>confirmationis</strong></span> <span class='ocrx_word' id='word_1_413' title='bbox 1430 2990 1622 3066; x_wconf 76' lang='lat' dir='ltr'><strong>intringere,</strong></span> <span class='ocrx_word' id='word_1_414' title='bbox 1644 2990 1697 3052; x_wconf 81' lang='lat' dir='ltr'><strong>ael</strong></span> <span class='ocrx_word' id='word_1_415' title='bbox 1720 2992 1752 3051; x_wconf 89' lang='lat' dir='ltr'><strong>ei</strong></span> <span class='ocrx_word' id='word_1_416' title='bbox 1774 3008 1860 3051; x_wconf 89' lang='lat' dir='ltr'><strong>ausu</strong></span> 
     </span>
     <span class='ocr_line' id='line_1_80' title="bbox 1067 3088 1859 3166; baseline -0.001 -15"><span class='ocrx_word' id='word_1_417' title='bbox 1067 3089 1243 3151; x_wconf 88' lang='lat' dir='ltr'><strong>temerario</strong></span> <span class='ocrx_word' id='word_1_418' title='bbox 1256 3088 1435 3150; x_wconf 89' lang='lat' dir='ltr'><strong>contraire.</strong></span> <span class='ocrx_word' id='word_1_419' title='bbox 1453 3088 1488 3150; x_wconf 87' lang='lat' dir='ltr'><strong>Si</strong></span> <span class='ocrx_word' id='word_1_420' title='bbox 1508 3088 1581 3166; x_wconf 92' lang='lat' dir='ltr'><strong>quis</strong></span> <span class='ocrx_word' id='word_1_421' title='bbox 1600 3089 1710 3149; x_wconf 90' lang='lat' dir='ltr'><strong>autem</strong></span> <span class='ocrx_word' id='word_1_422' title='bbox 1726 3089 1788 3150; x_wconf 89' lang='lat' dir='ltr'><strong>boc</strong></span> <span class='ocrx_word' id='word_1_423' title='bbox 1803 3090 1859 3150; x_wconf 88' lang='lat' dir='ltr'><strong>at-</strong></span> 
     </span>
     <span class='ocr_line' id='line_1_81' title="bbox 1067 3185 1861 3264; baseline -0.003 -16"><span class='ocrx_word' id='word_1_424' title='bbox 1067 3189 1194 3248; x_wconf 89' lang='lat' dir='ltr'><strong>tentare</strong></span> <span class='ocrx_word' id='word_1_425' title='bbox 1218 3186 1477 3264; x_wconf 90' lang='lat' dir='ltr'><strong>praesumpserit,</strong></span> <span class='ocrx_word' id='word_1_426' title='bbox 1505 3185 1766 3262; x_wconf 80' lang='lat' dir='ltr'><strong>Indignationem</strong></span> <span class='ocrx_word' id='word_1_427' title='bbox 1787 3202 1861 3246; x_wconf 85' lang='lat' dir='ltr'><strong>orn-</strong></span> 
     </span>
     <span class='ocr_line' id='line_1_82' title="bbox 1067 3283 1860 3361; baseline -0.001 -17"><span class='ocrx_word' id='word_1_428' title='bbox 1067 3285 1245 3361; x_wconf 87' lang='lat' dir='ltr'><strong>nipotentis</strong></span> <span class='ocrx_word' id='word_1_429' title='bbox 1270 3285 1331 3345; x_wconf 87' lang='lat' dir='ltr'><strong>Dei</strong></span> <span class='ocrx_word' id='word_1_430' title='bbox 1355 3285 1387 3346; x_wconf 90' lang='lat' dir='ltr'><strong>et</strong></span> <span class='ocrx_word' id='word_1_431' title='bbox 1406 3285 1578 3346; x_wconf 91' lang='lat' dir='ltr'><strong>beatorum</strong></span> <span class='ocrx_word' id='word_1_432' title='bbox 1598 3283 1687 3345; x_wconf 88' lang='lat' dir='ltr'><strong>Petri</strong></span> <span class='ocrx_word' id='word_1_433' title='bbox 1709 3285 1742 3343; x_wconf 90' lang='lat' dir='ltr'><strong>et</strong></span> <span class='ocrx_word' id='word_1_434' title='bbox 1762 3283 1860 3343; x_wconf 87' lang='lat' dir='ltr'><strong>Pauli</strong></span> 
     </span>
     <span class='ocr_line' id='line_1_83' title="bbox 1066 3381 1857 3459; baseline -0.008 -16"><span class='ocrx_word' id='word_1_435' title='bbox 1066 3382 1298 3459; x_wconf 81' lang='lat' dir='ltr'><strong>Apostolorum</strong></span> <span class='ocrx_word' id='word_1_436' title='bbox 1322 3385 1393 3459; x_wconf 88' lang='lat' dir='ltr'><strong>ejus</strong></span> <span class='ocrx_word' id='word_1_437' title='bbox 1415 3398 1451 3442; x_wconf 91' lang='lat' dir='ltr'><strong>se</strong></span> <span class='ocrx_word' id='word_1_438' title='bbox 1480 3382 1610 3442; x_wconf 84' lang='lat' dir='ltr'><strong>noverit</strong></span> <span class='ocrx_word' id='word_1_439' title='bbox 1634 3381 1857 3441; x_wconf 87' lang='lat' dir='ltr'><strong>incursurum.</strong></span> 
     </span>
     <span class='ocr_line' id='line_1_84' title="bbox 1067 3474 1859 3556; baseline -0.003 -16"><span class='ocrx_word' id='word_1_440' title='bbox 1067 3479 1185 3540; x_wconf 88' lang='lat' dir='ltr'><strong>Datum</strong></span> <span class='ocrx_word' id='word_1_441' title='bbox 1212 3483 1325 3551; x_wconf 86' lang='lat' dir='ltr'><strong>Reate,</strong></span> <span class='ocrx_word' id='word_1_442' title='bbox 1353 3481 1414 3540; x_wconf 88' lang='lat' dir='ltr'><strong>VII</strong></span> <span class='ocrx_word' id='word_1_443' title='bbox 1439 3479 1513 3539; x_wconf 90' lang='lat' dir='ltr'><strong>idus</strong></span> <span class='ocrx_word' id='word_1_444' title='bbox 1534 3477 1694 3556; x_wconf 84' lang='lat' dir='ltr'><strong>januarii,</strong></span> <span class='ocrx_word' id='word_1_445' title='bbox 1720 3474 1859 3553; x_wconf 85' lang='lat' dir='ltr'><strong>pontifi·</strong></span> 
     </span>
     <span class='ocr_line' id='line_1_85' title="bbox 1068 3575 1537 3638; baseline -0.006 0"><span class='ocrx_word' id='word_1_446' title='bbox 1068 3579 1161 3638; x_wconf 89' lang='lat' dir='ltr'><strong>catus</strong></span> <span class='ocrx_word' id='word_1_447' title='bbox 1176 3577 1281 3637; x_wconf 88' lang='lat' dir='ltr'><strong>nostri</strong></span> <span class='ocrx_word' id='word_1_448' title='bbox 1295 3592 1383 3636; x_wconf 91' lang='lat' dir='ltr'><strong>anno</strong></span> <span class='ocrx_word' id='word_1_449' title='bbox 1399 3575 1537 3637; x_wconf 89' lang='lat' dir='ltr'><strong>decimo.</strong></span> 
     </span>
    </p>
   </div>
   <div class='ocr_carea' id='block_1_16' title="bbox 1395 3823 1533 3908">
    <p class='ocr_par' dir='ltr' id='par_1_19' title="bbox 1395 3823 1533 3908">
     <span class='ocr_line' id='line_1_86' title="bbox 1395 3823 1533 3908; baseline 0 -1"><span class='ocrx_word' id='word_1_450' title='bbox 1395 3823 1533 3908; x_wconf 91' lang='lat' dir='ltr'>LXXX</span> 
     </span>
    </p>
   </div>
   <div class='ocr_carea' id='block_1_17' title="bbox 1119 3972 1808 4131">
    <p class='ocr_par' dir='ltr' id='par_1_20' title="bbox 1119 3972 1808 4131">
     <span class='ocr_line' id='line_1_87' title="bbox 1119 3972 1808 4050; baseline -0.012 -13"><span class='ocrx_word' id='word_1_451' title='bbox 1119 3977 1171 4037; x_wconf 80' lang='lat' dir='ltr'><strong>Aa</strong></span> <span class='ocrx_word' id='word_1_452' title='bbox 1187 3977 1364 4050; x_wconf 76' lang='lat' dir='ltr'><strong>Hupouem</strong></span> <span class='ocrx_word' id='word_1_453' title='bbox 1380 3976 1420 4034; x_wconf 84' lang='lat' dir='ltr'><strong>dc</strong></span> <span class='ocrx_word' id='word_1_454' title='bbox 1434 3974 1625 4042; x_wconf 68' lang='lat' dir='ltr'><strong>Lemniacae,</strong></span> <span class='ocrx_word' id='word_1_455' title='bbox 1643 3972 1808 4031; x_wconf 67' lang='lat' dir='ltr'><strong>Mercator</strong></span> 
     </span>
     <span class='ocr_line' id='line_1_88' title="bbox 1377 4071 1548 4131; baseline -0.018 0"><span class='ocrx_word' id='word_1_456' title='bbox 1377 4071 1548 4131; x_wconf 79' lang='lat' dir='ltr'><strong>corattcm.</strong></span> 
     </span>
    </p>
   </div>
   <div class='ocr_carea' id='block_1_18' title="bbox 1336 4198 1591 4273">
    <p class='ocr_par' dir='ltr' id='par_1_21' title="bbox 1336 4198 1591 4273">
     <span class='ocr_line' id='line_1_89' title="bbox 1336 4198 1591 4273; baseline -0.012 -16"><span class='ocrx_word' id='word_1_457' title='bbox 1336 4201 1353 4257; x_wconf 85' lang='lat'><em>8</em></span> <span class='ocrx_word' id='word_1_458' title='bbox 1369 4198 1494 4273; x_wconf 86' lang='lat' dir='ltr'><strong>januarii</strong></span> <span class='ocrx_word' id='word_1_459' title='bbox 1514 4199 1591 4255; x_wconf 74' lang='lat' dir='ltr'><strong>lato.</strong></span> 
     </span>
    </p>
   </div>
   <div class='ocr_carea' id='block_1_19' title="bbox 1086 4318 1841 4457">
    <p class='ocr_par' dir='ltr' id='par_1_22' title="bbox 1086 4318 1841 4457">
     <span class='ocr_line' id='line_1_90' title="bbox 1086 4318 1841 4453; baseline -0.009 -78"><span class='ocrx_word' id='word_1_460' title='bbox 1086 4324 1221 4390; x_wconf 71' lang='lat' dir='ltr'><strong>[bouquet</strong></span> <span class='ocrx_word' id='word_1_461' title='bbox 1232 4325 1290 4376; x_wconf 81' lang='lat' dir='ltr'><strong>Rea.</strong></span> <span class='ocrx_word' id='word_1_462' title='bbox 1301 4322 1429 4403; x_wconf 56' lang='lat' dir='ltr'><strong>desiliat,</strong></span> <span class='ocrx_word' id='word_1_463' title='bbox 1440 4323 1545 4453; x_wconf 48' lang='lat' dir='ltr'><strong>{11¹1ng</strong></span> <span class='ocrx_word' id='word_1_464' title='bbox 1553 4320 1599 4370; x_wconf 76' lang='grc'><strong>769</strong></span> <span class='ocrx_word' id='word_1_465' title='bbox 1606 4340 1613 4378; x_wconf 85' lang='grc'><strong>;</strong></span> <span class='ocrx_word' id='word_1_466' title='bbox 1626 4320 1735 4383; x_wconf 70' lang='lat' dir='ltr'><strong>aerae,</strong></span> <span class='ocrx_word' id='word_1_467' title='bbox 1747 4318 1794 4369; x_wconf 83' lang='lat' dir='ltr'><strong>lib.</strong></span> <span class='ocrx_word' id='word_1_468' title='bbox 1808 4319 1841 4378; x_wconf 85' lang='lat' dir='ltr'><strong>X,</strong></span> 
     </span>
     <span class='ocr_line' id='line_1_91' title="bbox 1387 4407 1533 4457; baseline -0.014 -15"><span class='ocrx_word' id='word_1_469' title='bbox 1387 4407 1461 4457; x_wconf 83' lang='lat' dir='ltr'><strong>epis.</strong></span> <span class='ocrx_word' id='word_1_470' title='bbox 1527 4429 1533 4440; x_wconf 91' lang='lat'>.</span> 
     </span>
    </p>
   </div>
   <div class='ocr_carea' id='block_1_20' title="bbox 1068 4496 1861 4928">
    <p class='ocr_par' dir='ltr' id='par_1_23' title="bbox 1068 4496 1861 4928">
     <span class='ocr_line' id='line_1_92' title="bbox 1068 4496 1861 4574; baseline -0.006 -15"><span class='ocrx_word' id='word_1_471' title='bbox 1068 4503 1209 4572; x_wconf 87' lang='lat' dir='ltr'><strong>Querentc</strong></span> <span class='ocrx_word' id='word_1_472' title='bbox 1221 4502 1378 4574; x_wconf 70' lang='lat' dir='ltr'><strong>anglorum</strong></span> <span class='ocrx_word' id='word_1_473' title='bbox 1394 4514 1461 4572; x_wconf 83' lang='lat' dir='ltr'><strong>rege</strong></span> <span class='ocrx_word' id='word_1_474' title='bbox 1478 4514 1493 4556; x_wconf 88' lang='lat' dir='ltr'><strong>a</strong></span> <span class='ocrx_word' id='word_1_475' title='bbox 1509 4498 1644 4556; x_wconf 84' lang='lat' dir='ltr'><strong>fidelitate</strong></span> <span class='ocrx_word' id='word_1_476' title='bbox 1655 4498 1710 4554; x_wconf 88' lang='lat' dir='ltr'><strong>sibi</strong></span> <span class='ocrx_word' id='word_1_477' title='bbox 1722 4496 1816 4554; x_wconf 85' lang='lat' dir='ltr'><strong>debila</strong></span> <span class='ocrx_word' id='word_1_478' title='bbox 1831 4504 1861 4554; x_wconf 89' lang='lat' dir='ltr'><strong>et</strong></span> 
     </span>
     <span class='ocr_line' id='line_1_93' title="bbox 1105 4586 1859 4661; baseline -0.009 -14"><span class='ocrx_word' id='word_1_479' title='bbox 1105 4589 1231 4647; x_wconf 88' lang='lat' dir='ltr'><strong>hominio</strong></span> <span class='ocrx_word' id='word_1_480' title='bbox 1242 4588 1382 4646; x_wconf 79' lang='lat' dir='ltr'><strong>defecisse</strong></span> <span class='ocrx_word' id='word_1_481' title='bbox 1398 4590 1548 4661; x_wconf 80' lang='lat' dir='ltr'><strong>Hugonem</strong></span> <span class='ocrx_word' id='word_1_482' title='bbox 1562 4586 1596 4644; x_wconf 92' lang='lat' dir='ltr'><strong>de</strong></span> <span class='ocrx_word' id='word_1_483' title='bbox 1612 4587 1770 4654; x_wconf 88' lang='lat' dir='ltr'><strong>Laziniac0‚</strong></span> <span class='ocrx_word' id='word_1_484' title='bbox 1786 4586 1859 4641; x_wconf 88' lang='lat' dir='ltr'><strong>llar-</strong></span> 
     </span>
     <span class='ocr_line' id='line_1_94' title="bbox 1105 4673 1861 4744; baseline -0.007 -8"><span class='ocrx_word' id='word_1_485' title='bbox 1105 4678 1176 4736; x_wconf 81' lang='lat' dir='ltr'><strong>chiaa</strong></span> <span class='ocrx_word' id='word_1_486' title='bbox 1199 4679 1342 4744; x_wconf 86' lang='lat' dir='ltr'><strong>comitem,</strong></span> <span class='ocrx_word' id='word_1_487' title='bbox 1365 4691 1430 4735; x_wconf 87' lang='lat' dir='ltr'><strong>cum</strong></span> <span class='ocrx_word' id='word_1_488' title='bbox 1453 4676 1586 4733; x_wconf 83' lang='lat' dir='ltr'><strong>Pictaviae</strong></span> <span class='ocrx_word' id='word_1_489' title='bbox 1608 4673 1762 4731; x_wconf 87' lang='lat' dir='ltr'><strong>baronibus</strong></span> <span class='ocrx_word' id='word_1_490' title='bbox 1786 4673 1861 4743; x_wconf 85' lang='lat' dir='ltr'><strong>aliis,</strong></span> 
     </span>
     <span class='ocr_line' id='line_1_95' title="bbox 1104 4762 1859 4839; baseline -0.007 -16"><span class='ocrx_word' id='word_1_491' title='bbox 1104 4768 1216 4839; x_wconf 78' lang='lat' dir='ltr'><strong>scripsit</strong></span> <span class='ocrx_word' id='word_1_492' title='bbox 1231 4766 1373 4823; x_wconf 85' lang='lat' dir='ltr'><strong>Honorius</strong></span> <span class='ocrx_word' id='word_1_493' title='bbox 1388 4765 1423 4822; x_wconf 93' lang='lat' dir='ltr'><strong>ad</strong></span> <span class='ocrx_word' id='word_1_494' title='bbox 1438 4766 1600 4838; x_wconf 81' lang='lat' dir='ltr'><strong>liugoncm,</strong></span> <span class='ocrx_word' id='word_1_495' title='bbox 1619 4762 1775 4837; x_wconf 81' lang='lat' dir='ltr'><strong>objurgans</strong></span> <span class='ocrx_word' id='word_1_496' title='bbox 1794 4776 1859 4834; x_wconf 89' lang='lat' dir='ltr'><strong>per·</strong></span> 
     </span>
     <span class='ocr_line' id='line_1_96' title="bbox 1102 4854 1551 4928; baseline -0.009 -16"><span class='ocrx_word' id='word_1_497' title='bbox 1102 4854 1219 4928; x_wconf 82' lang='lat' dir='ltr'><strong>jurium,</strong></span> <span class='ocrx_word' id='word_1_498' title='bbox 1234 4855 1385 4927; x_wconf 86' lang='lat' dir='ltr'><strong>minasque</strong></span> <span class='ocrx_word' id='word_1_499' title='bbox 1397 4854 1551 4910; x_wconf 86' lang='lat' dir='ltr'><strong>inteutans.</strong></span> 
     </span>
    </p>
   </div>
   <div class='ocr_carea' id='block_1_21' title="bbox 1069 4975 1866 5446">
    <p class='ocr_par' dir='ltr' id='par_1_24' title="bbox 1069 4975 1863 5152">
     <span class='ocr_line' id='line_1_97' title="bbox 1109 4975 1863 5058; baseline -0.009 -16"><span class='ocrx_word' id='word_1_500' title='bbox 1109 4982 1276 5043; x_wconf 87' lang='lat' dir='ltr'><strong>Honorius</strong></span> <span class='ocrx_word' id='word_1_501' title='bbox 1291 4980 1516 5058; x_wconf 90' lang='lat' dir='ltr'><strong>episcopus...,</strong></span> <span class='ocrx_word' id='word_1_502' title='bbox 1531 4977 1652 5038; x_wconf 89' lang='lat' dir='ltr'><strong>dilecto</strong></span> <span class='ocrx_word' id='word_1_503' title='bbox 1670 4975 1739 5037; x_wconf 82' lang='lat' dir='ltr'><strong>lilio</strong></span> <span class='ocrx_word' id='word_1_504' title='bbox 1756 4975 1863 5037; x_wconf 88' lang='lat' dir='ltr'><strong>nobili</strong></span> 
     </span>
     <span class='ocr_line' id='line_1_98' title="bbox 1069 5073 1760 5152; baseline -0.01 -12"><span class='ocrx_word' id='word_1_505' title='bbox 1069 5078 1142 5140; x_wconf 83' lang='lat' dir='ltr'><strong>uiro</strong></span> <span class='ocrx_word' id='word_1_506' title='bbox 1155 5078 1267 5139; x_wconf 87' lang='lat' dir='ltr'><strong>comiti</strong></span> <span class='ocrx_word' id='word_1_507' title='bbox 1281 5075 1440 5137; x_wconf 80' lang='lat' dir='ltr'><strong>Marclu&#39;ae</strong></span> <span class='ocrx_word' id='word_1_508' title='bbox 1456 5074 1515 5152; x_wconf 89' lang='lat'><strong>(1),</strong></span> <span class='ocrx_word' id='word_1_509' title='bbox 1533 5073 1683 5145; x_wconf 89' lang='lat' dir='ltr'><strong>salutem,</strong></span> <span class='ocrx_word' id='word_1_510' title='bbox 1698 5075 1760 5134; x_wconf 85' lang='lat' dir='ltr'><strong>etc.</strong></span> 
     </span>
    </p>

    <p class='ocr_par' dir='ltr' id='par_1_25' title="bbox 1070 5169 1866 5446">
     <span class='ocr_line' id='line_1_99' title="bbox 1109 5169 1865 5248; baseline -0.009 -12"><span class='ocrx_word' id='word_1_511' title='bbox 1109 5169 1865 5248; x_wconf 80' lang='lat' dir='ltr'><strong>Fidelitatisvinculumquouassallustenetur</strong></span> 
     </span>
     <span class='ocr_line' id='line_1_100' title="bbox 1070 5267 1866 5344; baseline -0.005 -11"><span class='ocrx_word' id='word_1_512' title='bbox 1070 5273 1214 5344; x_wconf 89' lang='lat' dir='ltr'><strong>domino,</strong></span> <span class='ocrx_word' id='word_1_513' title='bbox 1237 5273 1288 5333; x_wconf 91' lang='lat' dir='ltr'><strong>est</strong></span> <span class='ocrx_word' id='word_1_514' title='bbox 1310 5270 1393 5331; x_wconf 88' lang='lat' dir='ltr'><strong>adeo</strong></span> <span class='ocrx_word' id='word_1_515' title='bbox 1417 5268 1547 5330; x_wconf 88' lang='lat' dir='ltr'><strong>celebre</strong></span> <span class='ocrx_word' id='word_1_516' title='bbox 1571 5267 1658 5344; x_wconf 89' lang='lat' dir='ltr'><strong>apud</strong></span> <span class='ocrx_word' id='word_1_517' title='bbox 1680 5283 1805 5338; x_wconf 89' lang='lat' dir='ltr'><strong>omnes,</strong></span> <span class='ocrx_word' id='word_1_518' title='bbox 1827 5268 1866 5329; x_wconf 87' lang='lat' dir='ltr'><strong>ut</strong></span> 
     </span>
     <span class='ocr_line' id='line_1_101' title="bbox 1070 5363 1865 5446; baseline -0.01 -13"><span class='ocrx_word' id='word_1_519' title='bbox 1070 5363 1865 5446; x_wconf 79' lang='lat' dir='ltr'><strong>etiamreligionejuramentiquarellariassolet</strong></span> 
     </span>
    </p>
   </div>
   <div class='ocr_carea' id='block_1_22' title="bbox 258 5494 1246 5573">
    <p class='ocr_par' dir='ltr' id='par_1_26' title="bbox 258 5494 1246 5573">
     <span class='ocr_line' id='line_1_102' title="bbox 258 5494 1246 5573; baseline 0.003 -19"><span class='ocrx_word' id='word_1_520' title='bbox 258 5494 299 5570; x_wconf 93' lang='grc' dir='ltr'><strong>(Ι)</strong></span> <span class='ocrx_word' id='word_1_521' title='bbox 315 5494 397 5568; x_wconf 76' lang='lat' dir='ltr'><strong>Apud</strong></span> <span class='ocrx_word' id='word_1_522' title='bbox 412 5497 526 5570; x_wconf 78' lang='lat' dir='ltr'><strong>Rymer,</strong></span> <span class='ocrx_word' id='word_1_523' title='bbox 544 5511 693 5569; x_wconf 87' lang='lat' dir='ltr'><strong>perperam</strong></span> <span class='ocrx_word' id='word_1_524' title='bbox 716 5498 853 5572; x_wconf 79' lang='lat' dir='ltr'><strong>scriptum</strong></span> <span class='ocrx_word' id='word_1_525' title='bbox 874 5501 1016 5573; x_wconf 58' lang='lat' dir='ltr'><strong>musitae</strong></span> <span class='ocrx_word' id='word_1_526' title='bbox 1033 5503 1067 5560; x_wconf 84' lang='lat' dir='ltr'><strong>de</strong></span> <span class='ocrx_word' id='word_1_527' title='bbox 1085 5501 1246 5559; x_wconf 72' lang='lat' dir='ltr'><strong>beataum.</strong></span> 
     </span>
    </p>
   </div>
   <div class='ocr_carea' id='block_1_23' title="bbox 0 0 1987 6196">
    <p class='ocr_par' dir='ltr' id='par_1_27' title="bbox 0 0 1987 6196">
     <span class='ocr_line' id='line_1_103' title="bbox 0 0 1987 6196; baseline 0 0"><span class='ocrx_word' id='word_1_528' title='bbox 0 0 1987 6196; x_wconf 95' lang='lat' dir='ltr'><strong> </strong></span> 
     </span>
    </p>
   </div>
  </div>
 </body>
</html>
