3950 6200
290 297 352 361 319
722 296 757 356 S·
778 292 999 357 FRANCISCI
1024 294 1250 359 ASSISIATIS
1277 297 1505 361 OPUSCULA.
1839 309 1884 371 31]

291 452 1083 538 (Matt.,v1,33).lloracongrundicantPrimam‚
1140 455 1267 532 omnia3
1292 457 1326 521 et
1345 472 1419 533 que
1441 457 1540 525 nendi
1563 471 1628 518 non
1656 464 1793 535 possunt,
1816 464 1884 528 illius

293 558 328 618 et
347 554 504 625 Tertiam,
519 552 553 614 et
571 553 645 628 post
663 551 780 612 boram
804 551 939 613 tertiam
953 552 1085 613 solvant
1140 554 1387 629 comparatione
1399 554 1596 630 spernenda.
1612 555 1658 616 Ad
1673 555 1766 633 hujus
1783 560 1885 624 culmen

294 652 474 720 silentium,
486 651 519 711 et
533 649 660 724 possint
674 648 776 725 loqui,
791 650 824 710 et
835 649 885 710 ire
905 648 946 709 ad
962 651 1086 709 matres
1140 651 1196 725 qui
1219 650 1310 727 cupit
1332 651 1507 725 attingere,
1529 667 1595 713 non
1618 653 1720 715 solum
1744 658 1885 721 mundana

294 766 383 823 suas,
404 750 436 810 et
460 746 592 824 quando
620 745 796 823 placuerit,
817 746 946 821 possint
973 747 1086 821 petere
1140 745 1459 822 prudentiane-um
1472 748 1572 809 etiam
1585 749 1763 810 litterarum
1776 755 1885 828 peritia,

294 849 343 910 eis
357 847 602 921 eleemosynam
622 844 757 920 propter
779 858 927 903 amorem
953 842 1085 904 Domini
1140 845 1334 905 renuntiare
1353 845 1593 922 quodammodo
1610 845 1715 919 debet,
1728 850 1762 908 ut
1774 849 1824 909 tali
1840 867 1887 911 ex·

293 945 365 1015 Dei,
382 943 469 1004 sicut
482 956 646 1018 pauperes
661 940 866 1017 pauperculi.
890 941 1009 1001 Postea
1029 939 1085 1000 di·
1140 941 1746 1018 propriatuspossessione,intr0eatiu
1757 948 1887 1020 potentias

293 1042 371 1103 cant
386 1043 532 1107 sextam,
549 1040 690 1108 Nonam,
706 1040 738 1099 et
752 1040 917 1113 vesperas
937 1038 1085 1114 tempore
1141 1039 1283 1109 Domini,
1300 1040 1333 1099 et
1353 1039 1477 1100 nudum
1492 1056 1527 1100 se
1542 1039 1661 1101 offerat
1674 1040 1809 1102 brachiis
1824 1045 1887 1103 Cru-

293 1138 414 1200 debito.
431 1138 469 1198 In
488 1135 646 1207 claustra,
662 1134 720 1195 ubi
741 1135 914 1196 morantur
926 1149 994 1195 non
1009 1149 1080 1211 per·
1140 1134 1242 1196 cifixi.
1258 1137 1473 1213 Nequaquam
1487 1135 1576 1197 enim
1587 1137 1888 1214 saeculoperfectere·

293 1235 426 1298 mittant
435 1234 477 1295 ad
491 1248 589 1310 quam
604 1247 781 1309 personam
797 1231 947 1303 introire,
963 1231 1020 1293 sed
1032 1244 1088 1292 ne·
1140 1233 1283 1304 nuntiat,
1304 1233 1361 1310 qui
1389 1234 1515 1310 proprii
1541 1249 1659 1295 sensus
1682 1234 1800 1296 loculos
1823 1237 1887 1298 intra

293 1349 357 1411 que
372 1332 461 1392 ullus
473 1330 520 1391 ibi
533 1330 694 1391 comedat.
712 1329 764 1390 llli
783 1328 915 1396 fratres,
937 1329 994 1406 qui
1010 1330 1086 1389 sunt
1140 1328 1249 1390 cordis
1264 1345 1387 1391 arcana
1398 1330 1557 1393 reservat.
1570 1333 1608 1391 In
1620 1330 1768 1393 omnibus
1778 1348 1843 1408 ergo
1853 1350 1888 1395 re

292 1430 429 1497 matres,
455 1426 609 1489 studeant
632 1441 768 1487 manere
789 1428 917 1488 remote
938 1425 980 1486 ab
995 1425 1086 1486 omui
1139 1426 1250 1489 luceat
1258 1427 1346 1488 inter
1358 1442 1416 1488 vos
1428 1428 1542 1489 sancta
1557 1430 1744 1506 paupertas,
1759 1432 1789 1491 et
1798 1432 1888 1506 praci-

293 1539 447 1604 persona,
471 1525 508 1585 ut
530 1537 627 1584 nemo
649 1523 755 1599 possit
773 1521 821 1583 eis
841 1521 943 1599 loqui.
965 1522 1006 1582 Et
1029 1520 1084 1582 isti
1140 1538 1204 1599 pue
1218 1523 1253 1583 in
1271 1523 1422 1585 domibus
1444 1541 1526 1601 quas
1548 1525 1796 1599 aedificaveritis,
1806 1528 1888 1588 cousi·

293 1621 356 1685 filii
371 1621 626 1697 nonlcquantur
640 1635 715 1681 cum
730 1618 1085 1696 aliquapersona,nisi
1140 1619 1293 1681 decantes
1319 1621 1402 1681 illud
1426 1622 1680 1697 Evangellcum,
1701 1623 1780 1700 quod
1801 1629 1888 1696 uulpes

293 1734 369 1782 cnm
384 1718 545 1780 matribus
561 1717 642 1791 suis,
659 1716 692 1778 et
710 1716 846 1778 custode
864 1731 936 1787 suo,
953 1714 1086 1791 quando
1139 1719 1399 1791 (occansonem,
1409 1719 1442 1779 et
1451 1723 1692 1781 emacrescoelt
1703 1722 1887 1795 altdenditius

292 1816 439 1894 placebit
452 1817 483 1877 ei
493 1815 630 1877 visitare
645 1814 734 1891 ipsos
757 1829 831 1874 cum
853 1812 1085 1874 benedictione
1139 1814 1256 1876 autem
1267 1818 1416 1877 bominis
1429 1830 1497 1877 non
1511 1817 1627 1878 babuit
1641 1819 1697 1878 ubl
1709 1818 1802 1890 caput
1813 1833 1888 1878 aarum

292 1916 369 1989 Dei;
390 1912 451 1974 dlii
471 1928 552 1974 vero
567 1912 765 1989 quandoque
784 1909 929 1972 officium
942 1911 1085 1971 matrum
1139 1914 1325 1975 rectinaret
1349 1911 1492 1992 (1111111,
1508 1913 1663 1992 111120).
1688 1916 1815 1990 Propter
1827 1914 1888 1990 quod

293 2013 477 2085 assumant,
493 2007 903 2071 sicutvicissitudiualiter
922 2023 982 2084 pro
994 2009 1083 2069 tem·
1139 2024 1322 2085 pauperum
1344 2025 1436 2071 mora
1455 2011 1677 2087 pauperculas
1698 2011 1818 2071 casulas
1838 2010 1889 2070 eri·

292 2125 374 2187 pore
401 2109 511 2170 uisum
535 2106 637 2168 fuerit
664 2106 714 2167 eis
740 2104 995 2182 disponendum.
1023 2104 1085 2176 Qui
1139 2106 1218 2181 gite,
1229 2123 1311 2183 quas
1327 2123 1393 2168 non
1407 2106 1559 2169 babitare
1573 2107 1702 2169 debetis
1716 2109 1751 2169 ut
1760 2107 1888 2185 proprias,

292 2206 405 2269 omnia
431 2204 622 2282 supradicta
639 2202 787 2265 studiose
800 2203 832 2264 et
854 2201 999 2265 sollicite
1013 2204 1086 2263 stu·
1139 2204 1196 2265 sed
1207 2205 1294 2266 sicut
1305 2205 1474 2281 peregrini
1485 2207 1518 2267 et
1527 2206 1666 2267 advenae
1677 2207 1890 2280 alienasbeges

292 2303 393 2367 deant
406 2302 596 2365 observare.
1074 2368 1080 2397 ι
1139 2316 1280 2378 namque
1294 2302 1545 2378 peregrinorum
1558 2305 1649 2375 sunt,
1662 2302 1722 2363 sub
1732 2303 1829 2365 alieno
1839 2301 1890 2362 col·

1138 2397 1198 2473 ligi
1213 2400 1311 2470 tecto,
1323 2399 1418 2460 sitire
1437 2399 1477 2460 ad
1503 2400 1659 2476 patriam,
1687 2400 1814 2477 pacifice
1833 2413 1890 2474 per·

484 2507 687 2573 COLLATIO
710 2506 889 2577 QUARTA.
1138 2493 1292 2555 transire.
1314 2494 1514 2570 Euangeliou
1531 2495 1603 2556 baec
1625 2498 1798 2573 paupertas
1813 2492 1891 2555 nostri

504 2652 554 2711 ve
569 2647 869 2710 1101101·
1138 2591 1893 2766 flatztflllafltnaialdu:

332 2791 467 2852 Fratres
479 2789 657 2857 carissimi,
668 2788 805 2851 verbum
818 2787 926 2865 primo
940 2800 1085 2863 praecep·
1138 2787 1203 2857 tur,
1223 2785 1260 2847 ut
1283 2786 1388 2862 ipsius
1410 2786 1566 2848 firmitate
1586 2787 1749 2859 firmetur,
1773 2787 1802 2847 et
1820 2799 1892 2845 erer-

293 2888 364 2950 tum
388 2886 538 2965 implete;
563 2902 626 2947 nec
647 2887 829 2961 expectetis
849 2883 977 2955 iterari,
997 2881 1083 2960 quod
1138 2882 1232 2943 sione
1255 2881 1402 2943 funditus
1424 2886 1603 2945 evertatur.
1622 2886 1786 2956 Quantum
1810 2883 1893 2958 itaque

294 2984 417 3046 dicitur
438 2983 544 3046 vobis.
566 2982 656 3045 Nihil
685 2982 785 3043 etiam
806 2979 1084 3057 impossibilitatis
1137 2978 1258 3040 fratres
1282 2978 1496 3041 declinabunt
1524 2995 1544 3041 a
1571 2984 1776 3059 paupertate,
1797 2980 1894 3041 tantm

293 3081 477 3145 causemini
493 3079 730 3158 sivejudicetis
747 3094 821 3141 esse
845 3077 879 3139 in
901 3079 1081 3156 praecept03
1138 3074 1278 3137 mundus
1289 3074 1469 3138 declinabit
1478 3075 1519 3137 ab
1529 3076 1590 3148 eis,
1603 3079 1638 3139 et
1648 3079 1802 3155 quaerent,
1813 3078 1894 3138 etnou

293 3181 372 3259 quia
386 3180 449 3242 etsi
462 3194 564 3255 supra
583 3178 672 3239 vires
687 3192 749 3254 ego
763 3177 857 3238 vobis
877 3175 1082 3249 mandarem,
1137 3172 1318 3235 invenient.
1342 3173 1377 3234 Si
1389 3173 1556 3235 dominam
1576 3190 1686 3236 meam
1702 3177 1895 3252 paupertatem

292 3281 408 3339 sancta
423 3275 611 3342 obedientia
623 3274 751 3336 viribus
765 3290 832 3335 non
852 3273 988 3335 carebit
1013 3274 1083 3334 Nec
1138 3270 1301 3347 complexi
1317 3269 1450 3343 fuerint,
1467 3271 1609 3333 mundus
1623 3287 1685 3333 eos
1700 3271 1825 3341 nutriet,
1839 3268 1895 3346 quia

293 3369 506 3436 considerare
521 3372 648 3434 debetis
662 3373 736 3449 quis
759 3371 813 3434 vel
828 3371 936 3448 qualis
959 3371 1004 3432 sit
1027 3371 1083 3447 qui
1138 3368 1259 3428 mundo
1272 3367 1340 3429 dati
1359 3369 1435 3429 sunt
1451 3369 1492 3430 ad
1508 3368 1663 3430 salutem.
1688 3368 1894 3430 commercium

290 3470 387 3534 vobis
402 3470 553 3532 facienda
569 3470 731 3547 praeclpit,
748 3468 805 3530 sed
819 3469 926 3529 solum
939 3468 1025 3545 quod
1042 3468 1085 3529 sit
1138 3466 1188 3526 est
1201 3466 1291 3527 inter
1305 3466 1462 3526 mundum
1477 3467 1511 3526 et
1530 3465 1665 3527 fratres.
1694 3463 1812 3528 Debent
1832 3461 1897 3524 enim

290 3568 459 3645 praelatus.
476 3569 566 3630 Inter
587 3567 655 3628 alia
679 3583 753 3644 quac
775 3565 951 3642 dignanter
969 3564 1083 3625 divina
1137 3562 1204 3638 ipsi
1229 3561 1352 3623 mundo
1374 3560 1497 3623 bonum
1527 3564 1734 3640 exemplum,
1760 3562 1844 3624 debet
1861 3557 1897 3618 eis

290 3665 397 3742 pietas
410 3665 493 3726 mibi
508 3665 685 3739 concessit,
701 3664 788 3725 banc
805 3662 948 3739 gratiam
961 3663 1082 3724 contu·
1138 3658 1280 3719 mundus
1294 3658 1518 3736 provisionem
1533 3661 1780 3731 necessitatum,
1795 3653 1897 3735 quando

290 3760 846 3838 111110111111111011011011110
868 3760 967 3820 unius
991 3759 1083 3820 borae
1138 3757 1248 3819 autem
1275 3755 1340 3833 ipsi
1361 3756 1566 3818 retraxerint
1589 3756 1716 3820 bonum
1743 3753 1897 3830 exemplum

290 3857 470 3932 obedirem,
485 3857 609 3917 simihi
621 3856 982 3933 guardianusdaretur,
996 3855 1084 3917 sicut
1137 3853 1202 3915 fide
1227 3852 1377 3926 mentita,
1401 3853 1551 3916 retrahet
1577 3854 1723 3916 mundus
1751 3861 1897 3915 manuma

289 3954 520 4033 antiquissimo
535 3954 569 4015 et
580 3953 821 4016 discretissimo
830 3952 947 4015 fratri:
965 3952 1084 4014 Subdi-
1133 3952 1224 4028 justa
1239 3965 1393 4012 censura.

290 4054 344 4114 tus
358 4050 533 4129 praelatum
548 4066 645 4110 suum
661 4066 728 4111 non
742 4049 911 4112 hominem
922 4050 1081 4112 conside-

289 4164 366 4211 rare
381 4146 486 4221 debet,
503 4147 560 4210 sed
579 4147 687 4219 illum,
707 4161 766 4224 pro
787 4149 883 4224 cidus
904 4162 1018 4209 amore
1033 4149 1085 4209 est
1345 4163 1545 4225 (pompm
1568 4166 1717 4227 SEXTA,

290 4245 470 4324 subjectus.
514 4246 643 4317 Quanto
679 4244 768 4306 enim
801 4243 1084 4321 contemptibilior
1257 4245 1274 4260 ‘

289 4343 456 4422 praesidet,
471 4344 564 4406 tanto
576 4342 684 4418 magis
705 4341 878 4404 humilitas
898 4341 1084 4405 obedientis

289 4441 410 4519 placet.

1236 4308 1286 4366 De
1313 4306 1453 4366 vitando
1477 4308 1667 4368 mulierum
1690 4305 1823 4382 aspectu

1369 4402 1690 4466 etcouverscttone.

487 4555 690 4617 (pompm
712 4555 882 4629 QfflNTA,
1177 4529 1354 4595 Mulierum
1365 4532 1621 4607 familiaritates,
1636 4536 1811 4613 colloquia,
1824 4532 1900 4592 etas·

1137 4632 1340 4708 pectusquae
1348 4630 1460 4693 multis
1470 4632 1687 4694 occasiosunf
1696 4622 1899 4704 ruinae,eosol·

1138 4728 1263 4790 licitius
1281 4727 1408 4791 evitare
1423 4727 1590 4804 debemus,
1607 4730 1730 4791 fratres
1750 4721 1899 4791 carissimi,

330 4824 564 4902 Paupertatem
578 4824 751 4896 noveritis,
767 4826 888 4888 fratres
902 4826 1080 4899 carissimi,
1137 4841 1202 4902 quo
1213 4824 1336 4902 saepius
1350 4840 1410 4902 per
1421 4824 1613 4902 hujusmodi
1622 4826 1774 4888 videmus
1784 4821 1899 4887 debilem

288 4923 449 4989 virtutum
473 4936 548 4983 esse
567 4921 720 4995 reginam
737 4937 745 4982 ε
761 4923 839 4998 quia
862 4923 899 4983 in
920 4925 1011 4999 Rege
1022 4938 1082 4984 re·
1137 4921 1258 4997 frangi,
1274 4923 1307 4984 et
1319 4920 1438 4984 fortem
1450 4922 1603 4999 spiritum
1616 4922 1899 4985 infirmariilarum

290 5037 381 5098 gum,
405 5019 439 5081 et
452 5017 488 5078 in
502 5016 620 5093 regina
640 5017 747 5079 matre
761 5018 868 5095 ipsius
881 5019 949 5080 tam
973 5034 1082 5094 praes-
1137 5019 1367 5095 contagionem
1394 5019 1537 5081 euadere
1566 5021 1815 5083 conversantem
1843 5025 1899 5075 cum

290 5118 402 5179 tanter
411 5114 547 5178 effulsit.
558 5115 792 5191 Paupertatem
802 5114 930 5185 scitote,
947 5113 1080 5187 fratres,
1136 5116 1197 5189 eis,
1218 5116 1284 5176 nisi
1303 5114 1574 5192 probatissimum
1599 5116 1721 5189 virum,
1740 5119 1804 5178 tam
1824 5109 1900 5174 facile

291 5212 470 5291 specialem
482 5211 571 5274 siam
586 5226 661 5273 esse
687 5210 816 5285 salutis,
838 5213 1082 5289 tamquambu·
1132 5213 1900 5290 judico,qua1n,tnxtascripturaminignenn·

290 5309 442 5371 militatis
464 5308 657 5380 fomentum,
683 5307 962 5386 perfectionisque
985 5309 1080 5371 radi·
1136 5308 1273 5382 bulare,
1305 5310 1339 5371 et
1366 5325 1433 5371 non
1461 5309 1656 5371 comburere
1681 5312 1819 5387 plantas.
1842 5305 1900 5364 Non

291 5420 375 5478 cem,
387 5408 482 5483 cuius
497 5407 548 5468 est
562 5405 689 5466 fructus
702 5405 886 5482 multiplex,
896 5404 953 5467 sed
968 5407 1083 5467 occul·
1136 5407 1224 5467 enim
1249 5422 1401 5467 securum
1427 5410 1516 5484 puto,
1539 5423 1653 5468 earum
1675 5407 1846 5469 formarum
1857 5400 1900 5461 in·

291 5507 357 5565 tus.
373 5506 452 5565 Haec
464 5502 554 5564 euim
565 5505 614 5565 est
622 5502 808 5579 evangelici
820 5504 894 5579 agri
903 5503 1081 5565 thesaurus
1136 5505 1264 5564 trorsus
1278 5503 1414 5565 haurire
1429 5504 1603 5580 imagines,
1617 5520 1691 5580 quae
1706 5503 1846 5581 possunt,
1858 5495 1901 5556 aut

293 5599 518 5675 absconditus,
531 5615 590 5677 pro
601 5615 666 5677 quo
674 5599 813 5662 emendo
820 5600 994 5663 vendenda
1005 5602 1083 5663 sunt
1136 5599 1289 5662 edomitae
1302 5601 1415 5662 carnis
1428 5602 1646 5664 ressuscitare
1662 5599 1847 5677 igniculum,
1857 5591 1901 5654 aut

468 4688 517 4748 De
538 4687 661 4747 sanctu
683 4687 901 4762 paupertate.
