3950 6200
61 350 114 412 333
433 332 541 407 raas
569 309 1005 405 enimn-aurosum
1034 342 1080 403 ur
1109 340 1313 404 assumus,
1632 339 1693 402 934

63 522 151 579 nam;
175 504 265 567 unda
278 518 370 565 mors
384 506 497 564 nostra
513 503 563 565 est
578 497 667 563 mo'rs
682 515 802 578 poenae,
819 501 852 562 θῖ
904 498 966 560 bus
981 499 1062 561 suis.
1080 502 1188 572 Quare
1203 499 1327 562 dictum
1343 499 1403 570 est,
1419 500 1457 559 tu
1471 500 1588 560 dtamu
1599 503 1698 561 sats:

64 619 145 665 mors
173 602 293 679 culpaa.
329 600 394 662 Sed
426 615 514 662 mors
546 602 619 677 ejus
645 595 852 660 solummodo
905 599 986 658 curn
1001 598 1111 675 potius
1126 595 1557 669 videaturmellusdictum,
1575 597 1700 659 innoc·

65 714 153 778 poena
168 697 241 772 tuit,
259 700 355 775 cujus
371 712 459 757 mors
472 696 591 773 simpla
605 697 753 759 nostram
768 693 850 755 obs·
906 693 1006 769 tibus,
1022 710 1061 756 ec
1077 695 1163 772 quod
1178 695 1258 756 luna
1281 667 1321 755 de
1343 697 1439 755 nocte
1463 694 1594 755 luceati
1613 696 1698 766 Quia

66 800 187 863 curavit
201 798 380 876 duplicem,
397 798 430 859 et
443 797 620 865 destruxit,
634 781 721 858 sicut
736 794 852 856 umbra
905 791 971 854 viri
984 793 1091 854 sancti
1107 809 1172 853 uon
1191 792 1314 853 habent
1336 794 1465 853 noctem
1485 791 1622 868 peccati,
1640 793 1698 854 sed

64 897 166 961 aufert
189 893 396 971 claritatem3
420 895 506 959 etob
522 895 585 956 boc
606 894 694 955 dicta
710 897 760 955 est
774 907 853 955 um·
906 885 994 952 diem
1018 891 1179 952 bonorum
1204 903 1340 967 operum
1366 890 1575 965 continuum3
1610 891 1698 952 unde

65 1000 121 1058 bre
134 995 270 1060 mortis,
286 994 364 1071 quia
380 995 514 1071 putatus
529 993 580 1055 eet
593 992 680 1053 mori
694 989 755 1072 (1),
767 989 854 1053 sicut
907 1003 973 1049 non
995 988 1102 1048 solum
1127 989 1205 1049 sunt
1225 987 1317 1058 luna,
1343 987 1400 1047 sed
1420 987 1520 1048 etiam
1538 987 1599 1058 sol,
1621 988 1700 1065 quia

65 1093 119 1154 alii
133 1092 333 1152 moriuntur.
908 1085 994 1147 sicut
1008 1085 1057 1145 sol
1072 1100 1139 1145 non
1152 1084 1259 1145 solum
1281 1099 1434 1160 grossum
1449 1083 1626 1169 illuminat,
1641 1085 1700 1146 sed

101 1189 281 1266 Sequitur:
299 1191 348 1249 Tu
364 1187 554 1262 subruatur
568 1201 606 1249 es
624 1199 804 1256 auroram,
820 1185 854 1245 et
908 1183 1008 1243 etiam
1022 1195 1157 1254 arcana,
1168 1183 1201 1243 et
1216 1179 1549 1255 minutissima31una
1564 1183 1700 1244 nonnisi

66 1291 174 1349 soleam
190 1289 321 1347 Aurora
337 1285 388 1346 est
402 1284 583 1346 illustratio
603 1283 732 1360 gratlae,
755 1298 854 1360 quam
907 1293 1025 1355 grossa
1041 1300 1049 1340 ε
1066 1281 1115 1341 sic
1129 1279 1195 1340 riri
1219 1279 1338 1347 sancti,
1362 1279 1395 1340 et
1416 1277 1553 1356 perlecti
1575 1279 1702 1340 illumi-

67 1381 266 1459 obtinebunt
281 1381 428 1443 luctatur
443 1396 518 1441 cum
536 1380 675 1442 Domino
691 1379 778 1441 sicut
791 1381 853 1441 Ja-
909 1376 1032 1438 uantur
1045 1378 1104 1447 ita,
1118 1379 1232 1438 utnon
1247 1376 1354 1439 solum
1367 1392 1485 1451 grossa
1499 1382 1634 1452 peccata
1649 1379 1702 1438 vi-

67 1479 137 1556 sol;
161 1479 250 1541 unde
273 1475 361 1540 Deus
385 1475 427 1539 ad
448 1477 550 1540 Jacob
570 1475 680 1556 (Gen,
701 1477 752 1549 32,
772 1475 853 1555 26):
909 1471 1020 1546 deant,
1035 1471 1200 1537 sedetiam
1210 1475 1441 1546 interarcana,
1451 1472 1699 1548 ibastrenialia,

67 1577 196 1640 Dimitte
221 1590 287 1650 ma,
317 1575 395 1653 quia
422 1573 470 1655 (2)
502 1590 625 1636 aurora
653 1575 722 1648 est,
758 1573 855 1651 quasi
910 1573 943 1634 et
968 1572 1097 1633 minuta
1121 1573 1255 1649 peccata
1283 1571 1477 1649 leudiceut.
1505 1571 1567 1632 Vir
1590 1573 1702 1648 justus

66 1674 150 1736 dicet
162 1673 237 1734 rire
247 1671 431 1750 justificato
446 1693 454 1731 ε
467 1671 626 1733 Luctatus
643 1685 692 1739 es,
709 1673 779 1748 jam
794 1685 857 1731 au·
911 1683 976 1732 non
990 1669 1097 1732 solum
1109 1671 1145 1731 ut
1158 1669 1238 1731 luna
1249 1671 1309 1740 est,
1324 1668 1380 1730 sad
1394 1669 1494 1731 etiam
1506 1669 1611 1742 utsol,
1624 1669 1703 1747 quia

67 1787 138 1833 rora
153 1773 215 1842 est,
232 1770 392 1849 quiajam
412 1768 517 1829 babes
537 1763 692 1845 gratiam.
714 1767 855 1829 rantum
910 1782 977 1830 uon
996 1763 1105 1828 solum
1123 1771 1268 1846 majores
1287 1766 1447 1840 maculas,
1470 1766 1702 1829 verumetiam

66 1869 150 1929 enim
165 1866 264 1930 debet
282 1865 384 1929 homo
402 1865 524 1928 luctari
546 1881 621 1926 curn
644 1862 797 1932 Domino,
819 1865 855 1926 ut
910 1866 1057 1927 minores
1072 1864 1386 1943 perconiessionem
1401 1865 1557 1928 ostendit.

69 1961 185 2027 babeat
207 1964 295 2025 banc
319 1975 487 2026 auroram.
510 1963 596 2026 Huic
619 1977 751 2024 aurorae
775 1977 856 2022 suc-

70 2061 213 2124 caditsol
226 2062 318 2139 pleni
339 2061 488 2135 luminis,
516 2059 588 2123 dies
609 2059 738 2122 scilicet
754 2057 858 2122 aeter-

69 2155 856 2236 nitatis;undeProverbiorum(l,18)3‹Jus-
1184 2144 1324 2205 SERMO
1346 2144 1437 2204 CXL·

68 2259 170 2319 mmm
190 2256 320 2329 Mina
338 2255 434 2333 ‘imi
456 2254 515 2316 ¹¹¹¹
533 2253 724 2332 ³P¹⁰¹¹d⁶¹¹⁸⁹
739 2267 859 2331 9¹⁸000'
913 2287 954 2344 De
976 2283 1155 2353 solidatione,
1182 2290 1210 2340 et
1226 2282 1412 2341 lubricatione
1430 2297 1576 2348 rasorum,
1597 2282 1705 2340 scilicet

67 2354 122 2426 dib
142 2354 176 2415 0¹
193 2354 316 2415 0P0⁸⁰it
336 2368 443 2430 usque
462 2351 502 2413 ad
524 2351 704 2429 perfectam
727 2352 859 2413 diem)
947 2374 1102 2431 electorum
1109 2388 1118 2444 3
1131 2371 1167 2429 de
1175 2371 1308 2445 praelatis,
1317 2369 1365 2444 qui
1375 2371 1506 2430 dicuutur
1518 2373 1668 2430 columne.

69 2452 255 2513 velaurora
266 2450 508 2528 estvirjustus,
519 2449 560 2511 de
570 2449 705 2527 quodob
714 2450 779 2528 (24,
789 2449 857 2528 17):
913 2509 1112 2584 mma
1131 2508 1184 2570 m
1203 2508 1313 2582 terra,
1335 2509 1369 2569 θ,
1388 2521 1518 2582 omnes,
1538 2513 1596 2582 qm·
1609 2512 1707 2571 nam,

70 2646 216 2708 umbram
240 2644 368 2717 mortis,
384 2646 461 2721 quia
477 2661 552 2706 curn
573 2644 653 2706 boni
676 2644 859 2707 honoribus
954 2606 1030 2670 Μ
1056 2610 1094 2669 ‘²⁸
1117 2619 1160 2667 θα
1182 2622 1194 2666 ·’
1216 2619 1279 2681 ⁸0⁰
1301 2607 1508 2679 mmmm
1529 2610 1706 2668 mmmm

71 2742 299 2815 sublimantur,
327 2742 488 2803 malicus
516 2743 675 2820 tanquam
708 2742 859 2805 umbram
951 2707 1039 2778 em·
1055 2702 1225 2783 (pffll‘74’
1240 2701 1288 2834 f)

72 2841 235 2911 mortis,et
248 2839 405 2901 tenebras
418 2839 636 2912 arbitrantur,
648 2841 703 2917 qui
715 2855 775 2918 per
784 2857 859 2903 eum
955 2846 1053 2918 lllnd,
1080 2845 1168 2923 quod
1190 2844 1368 2907 solidatum
1388 2845 1454 2919 est,
1482 2845 1522 2907 ad
1548 2846 1705 2918 calorem,

71 2549 103 2610 Si
128 2549 238 2611 subite
265 2563 389 2609 aurora
418 2548 623 2624 apparuerit,
654 2545 859 2609 arbitrantur

73 2938 178 3015 puniri
189 2937 318 3000 timent.
335 2938 375 2998 lit
387 2937 535 3015 loquitur
547 2937 587 2998 de
597 2937 721 3014 impiis,
739 2939 859 3016 quibus
914 2945 967 3007 vel
987 2944 1161 3005 humorem
1177 2942 1305 3021 liquerit
1322 2960 1330 3003 :
1345 2941 1394 3003 sic
1416 2942 1539 3016 anima,
1560 2957 1634 3020 quae
1649 2955 1709 3020 per

70 3035 178 3112 gravis
199 3036 260 3109 est,
276 3035 311 3097 ut
325 3050 426 3108 mors,
440 3034 526 3096 visio
546 3033 629 3111 Justi
654 3034 811 3110 heminis,
829 3039 862 3100 et
915 3037 1119 3101 malitiamin
1130 3034 1363 3099 obstinationis
1371 3036 1479 3112 glacie
1491 3035 1632 3099 solidata
1645 3039 1706 3110 est,

71 3134 135 3195 tota
166 3132 245 3195 rita'
264 3135 356 3209 eJus3
383 3132 471 3193 unde
498 3133 679 3210 Sapientiae
708 3132 752 3212 (2,
785 3133 859 3214 15):
916 3136 1113 3215 quandoque
1139 3134 1180 3196 ad
1205 3134 1351 3195 calorem
1378 3133 1501 3195 divinae
1524 3135 1641 3210 gratiae
1665 3135 1710 3194 li-

71 3231 218 3292 ‹Gravis
233 3232 285 3291 est
299 3230 401 3291 etiarn
421 3229 517 3290 nobis
536 3230 577 3291 ad
592 3226 784 3291 videndum.
804 3230 864 3293 ilst
916 3235 1030 3312 qualit.
1058 3232 1151 3294 Unde
1175 3232 1210 3291 in
1226 3230 1371 3291 canticis
1389 3227 1434 3308 (5,
1455 3230 1489 3309 6)
1513 3248 1521 3291 ε
1547 3248 1566 3291 c
1589 3232 1708 3293 Anima

70 3328 165 3388 etlam
186 3328 298 3404 Justus
335 3325 435 3387 homo
459 3326 526 3401 sol;
553 3326 641 3388 unde
670 3327 860 3389 Ecclesias—
916 3347 990 3392 mea
1014 3328 1193 3407 liquefacta
1215 3329 1275 3399 est,
1297 3328 1334 3389 ut
1348 3326 1478 3389 locutus
1498 3330 1558 3389 est.
1582 3331 1629 3389 De
1647 3329 1708 3391 tali

72 3424 125 3485 tici
140 3423 205 3501 (50,
218 3426 238 3485 6
252 3425 286 3485 et
299 3422 333 3503 l)
351 3424 507 3495 :eQuasi
527 3424 624 3485 stella
647 3425 810 3487 matutina
825 3427 860 3486 iu
917 3425 1152 3505 liquefactione
1177 3423 1319 3485 habetur
1340 3424 1440 3486 tertio
1463 3426 1590 3501 Regum
1611 3425 1655 3505 (7,
1670 3428 1711 3488 45

72 3522 176 3583 medio
186 3520 329 3592 nebulae,
341 3522 375 3582 et
387 3523 483 3599 quasi
495 3521 576 3582 luna
589 3520 688 3598 plena
700 3522 735 3582 in
746 3521 862 3584 diebus
916 3528 949 3588 et
962 3520 1015 3603 46)
1033 3546 1041 3584 :
1057 3523 1204 3584 «Omnia
1218 3538 1310 3594 vasa,
1327 3538 1401 3599 quae
1417 3522 1496 3584 fecit
1509 3523 1624 3584 Hiram
1637 3524 1709 3600 regi

71 3619 139 3679 suis
161 3618 278 3681 lucens
293 3616 356 3696 (3),
384 3619 418 3679 et
444 3618 542 3696 quasi
568 3619 617 3680 sol
644 3618 788 3695 fulgens,
813 3620 862 3682 sic
917 3621 1088 3684 Salomoni
1111 3620 1147 3681 in
1173 3619 1269 3679 domo
1296 3618 1443 3690 Domini,
1472 3619 1514 3680 de
1540 3621 1709 3683 auricalco

73 3714 133 3777 iste
145 3714 279 3777 refulsit
292 3716 328 3775 iu
343 3716 466 3792 templo
482 3714 561 3791 Del,
577 3734 595 3776 θ
615 3717 650 3778 θῖ
663 3715 862 3794 loquiturde
917 3721 1029 3795 erant;
1046 3719 1079 3780 et
1104 3717 1139 3778 in
1154 3717 1332 3793 campestri
1352 3716 1490 3792 regiona
1504 3718 1659 3781 Jordanis
1675 3719 1710 3781 in

70 3811 277 3884 consessore,
304 3812 357 3874 vel
384 3810 542 3890 Martyre,
570 3812 623 3875 vel
647 3813 714 3875 alio
748 3815 862 3877 sancto
916 3819 1007 3880 terra
1030 3812 1189 3892 argillosa
1212 3814 1301 3876 inter
1327 3815 1484 3886 sochoth,
1502 3816 1536 3878 et
1555 3817 1710 3878 sartham

74 3910 153 3972 uiro.
169 3912 235 3973 Par
256 3909 413 3971 nebulam
427 3910 663 3988 intelliguntur
684 3911 764 3973 mali
779 3912 862 3974 doc—
917 3910 1003 3976 ludit
1017 3928 1066 3975 ea.
1080 3911 1222 3973 »Hiram
1235 3911 1474 3989 interpretatur
1483 3913 1636 3975 excelsus
1652 3918 1713 3976 Pa·

73 4008 170 4077 tores,
192 4010 226 4070 et
246 4007 387 4085 praelati,
412 4007 453 4069 de
481 4008 600 4085 quibus
623 4008 712 4070 dicit.
744 4012 863 4072 Petrus
917 4015 980 4081 ter,
995 4013 1029 4072 et
1048 4009 1215 4086 signihcat
1236 4011 1339 4071 Deum
1362 4012 1519 4081 Patrem:¹
1540 4012 1708 4085 Salomon,

73 4102 107 4164 in
120 4120 180 4166 sua
195 4104 364 4166 canonica
379 4100 427 4183 (4)
450 4125 458 4165 z
484 4104 565 4165 «Hi
578 4106 656 4168 sunt
670 4104 775 4167 sontes
791 4107 863 4168 sine
918 4108 1077 4188 pacificus
1115 4104 1236 4179 Filius3
1265 4108 1354 4168 Vasa
1388 4106 1423 4167 in
1451 4106 1548 4169 domo
1576 4109 1710 4170 Domini

71 4214 169 4277 aqua,
193 4200 325 4263 nebulae
354 4200 543 4262 turbinibus
568 4201 713 4277 agitata.
729 4219 748 4262 a
767 4203 863 4265 Tales
917 4209 997 4268 sunt
1013 4205 1150 4277 animae,
1180 4204 1309 4274 domus,
1329 4203 1492 4279 Ecclesia,
1514 4207 1547 4266 et
1570 4206 1647 4268 sunt
1668 4209 1710 4267 dc

72 4299 149 4359 sunt
165 4298 246 4359 mali
265 4298 419 4376 praelati:
435 4298 557 4359 Fontes
579 4299 652 4359 sine
671 4314 758 4377 aqua
780 4300 863 4361 doc*
917 4306 1101 4371 auricalco,
1120 4299 1198 4378 quia
1215 4296 1329 4360 fideles
1348 4300 1384 4360 in
1403 4298 1559 4376 praesenti
1583 4300 1709 4378 aliquid

71 4394 179 4468 trinae,
194 4410 261 4457 nen
281 4393 386 4456 nubes
400 4398 524 4458 terram
543 4393 749 4457 subditorum
768 4412 863 4459 com·
919 4398 1043 4462 habent
1066 4395 1290 4475 purgandum,
1319 4390 1378 4457 sed
1406 4396 1441 4456 in
1469 4397 1580 4460 tuturo
1611 4402 1710 4461 erunt

75 4492 234 4567 pluentes,
251 4493 315 4553 sed'
325 4491 456 4554 nebulae
467 4491 668 4555 turbulentae
685 4494 798 4555 oculos
813 4492 866 4556 vi·
919 4486 1015 4575 qrrasi
1030 4510 1167 4567 aurum;
1181 4494 1244 4555 ‹iu
1260 4494 1397 4569 regione
1411 4494 1590 4571 campestri
1604 4513 1634 4570 a,
1651 4512 1711 4574 per

72 4587 219 4653 dentium
240 4592 460 4651 excaecantes.
497 4591 587 4651 Inter
613 4590 696 4652 istas
725 4590 864 4654 nebulas
919 4594 1005 4674 quod
1019 4593 1171 4670 signatur
1186 4589 1354 4667 planities,
1376 4593 1410 4653 et
1430 4594 1594 4656 serenitas
1613 4611 1713 4657 cons-

73 4684 176 4763 iulget
185 4689 310 4765 justus,
326 4688 359 4748 et
371 4686 460 4748 lueet
472 4685 629 4763 perbona
642 4702 756 4764 opera,
779 4689 866 4751 sicut
919 4688 1061 4760 cientiae,
1078 4703 1177 4766 quam
1191 4686 1315 4750 babent
1325 4686 1419 4765 justi.
1435 4691 1500 4751 Per
1519 4691 1709 4767 Jordanem,

74 4768 170 4847 stella
183 4783 359 4856 matutina,
377 4786 410 4847 et
424 4784 521 4861 quasi
535 4783 617 4844 luha
632 4784 732 4860 plena
744 4786 779 4846 in
794 4784 866 4848 die-
918 4787 1113 4867 baptismus,
1137 4784 1173 4846 in
1194 4801 1259 4863 quo
1274 4786 1408 4848 notatur
1422 4786 1592 4850 humilitas
1613 4805 1710 4873 men-

110 4961 151 5029 (l)
169 4961 240 5031 Quia
257 4967 373 5033 putatus
385 4967 429 5017 ast
441 4960 667 5028 mortatalium
682 4961 866 5020 enimomnes
919 4976 985 5023 cum
1000 4963 1269 5038 quibus-reputatus
1283 4969 1335 5031 est,
1350 4965 1463 5021 Marcus
1474 4965 1649 5037 evangelista
1667 4966 1708 5023 la·

75 5029 123 5088 tilii
135 5031 205 5090 Adae
216 5031 323 5104 duplici
346 5039 437 5088 morte
457 5032 623 5098 morientur,
652 5033 761 5089 scilicet
781 5034 864 5106 spiri·
920 5045 1018 5095 uones
1032 5033 1174 5107 intelligit,
1190 5034 1332 5103 scribens;
1348 5034 1584 5092 eterucihxerunt
1599 5050 1664 5093 curn
1675 5051 1711 5094 eo

75 5101 143 5159 tuali
157 5117 207 5176 per
226 5109 376 5175 peccatum
395 5103 496 5158 sallem
509 5101 660 5175 originale,
682 5109 711 5158 et
725 5105 866 5176 corporali
921 5106 993 5164 duos
1008 5106 1144 5173 latrones,
1160 5118 1249 5161 unum
1271 5119 1286 5161 a
1307 5103 1440 5169 dexteris,
1459 5112 1487 5161 et
1504 5106 1623 5163 alterum
1639 5121 1654 5162 a
1670 5108 1708 5163 si·

76 5185 126 5241 per
139 5171 349 5245 separatienem
364 5173 467 5228 anima
490 5186 505 5227 a
528 5186 671 5244 corpore:
687 5171 868 5246 ludetque
921 5178 1026 5235 histris.
1052 5177 1087 5233 Et
1105 5175 1218 5246 impleta
1240 5181 1283 5231 est
1304 5174 1456 5245 Scriptura,
1477 5190 1541 5246 que
1558 5175 1653 5234 dicit:
1676 5179 1712 5235 lit

76 5256 137 5298 rum
153 5243 222 5300 iales
238 5243 435 5315 persuasione,
451 5243 490 5298 uti
505 5243 533 5300 S.
551 5246 652 5311 Lucas,
667 5258 699 5300 ca
724 5286 731 5301 .
751 5244 779 5313 3,
794 5246 864 5302 scri·
920 5263 987 5306 curn
1000 5246 1105 5318 iniquis
1123 5251 1269 5316 reputatus
1284 5252 1360 5301 eet...
1379 5245 1453 5302 llere
1473 5247 1550 5302 enim
1565 5255 1712 5318 reputatus

75 5309 125 5379 bit,
137 5314 266 5373 Christus
278 5314 417 5370 Dominus
430 5312 584 5382 putebmur
594 5314 673 5386 filius
706 5315 798 5385 osopi,
818 5317 867 5387 put
921 5328 964 5377 est
977 5319 1051 5375 inter
1062 5325 1235 5387 peccatores,
1250 5321 1278 5371 et
1294 5314 1415 5385 iniquos.
1431 5315 1530 5380 Glossa
1552 5326 1648 5376 autern
1664 5320 1708 5375 in·

74 5383 134 5451 suit
148 5386 246 5441 lleli...
261 5384 312 5455 pai
333 5384 392 5510 §uit
410 5384 512 5465 Adam,
534 5391 653 5455 utraque
673 5398 738 5441 cum
757 5387 868 5443 caeteris
921 5389 1081 5449 tertineeris
1095 5382 1335 5467 addil‚aludreis.
1409 5454 1415 5468 .

78 5455 333 5535 merteillumnoccu
354 5455 431 5511 uisse
440 5453 658 5538 arbitrabantur.
673 5456 748 5512 Sane
758 5456 785 5512 S.
799 5454 866 5540 ilia·
971 5460 999 5525 ²)
1018 5457 1128 5528 vulp:
1151 5469 1197 5512 em
1212 5468 1289 5511 euim
1300 5452 1429 5511 ascendit
1440 5468 1551 5513 aurora.

76 5522 869 5679 acalalhliltuaathlaruhrat
971 5527 1245 5665 {illinitis

76 5675 143 5722 cum
161 5666 269 5738 iniquis
287 5671 435 5738 reputatus
452 5672 506 5736 est,
530 5674 569 5724 au
592 5683 600 5724 2
624 5669 740 5740 iniquus
762 5676 868 5739 autem,
