<?xml version="1.0" encoding="UTF-8"?>
<!DOCTYPE html PUBLIC "-//W3C//DTD XHTML 1.0 Transitional//EN"
    "http://www.w3.org/TR/xhtml1/DTD/xhtml1-transitional.dtd">
<html xmlns="http://www.w3.org/1999/xhtml" xml:lang="en" lang="en">
 <head>
  <title>
</title>
<meta http-equiv="Content-Type" content="text/html;charset=utf-8" />
  <meta name='ocr-system' content='tesseract 3.04.00' />
  <meta name='ocr-capabilities' content='ocr_page ocr_carea ocr_par ocr_line ocrx_word'/>
</head>
<body>
  <div class='ocr_page' id='page_1' title='image "./mediiaevibiblio09bottgoog_0735.png"; bbox 0 0 3950 6200; ppageno 0'>
   <div class='ocr_carea' id='block_1_1' title="bbox 431 294 1367 371">
    <p class='ocr_par' dir='ltr' id='par_1_1' title="bbox 431 294 1367 371">
     <span class='ocr_line' id='line_1_1' title="bbox 431 294 1367 371; baseline -0.001 -13"><span class='ocrx_word' id='word_1_1' title='bbox 431 366 435 371; x_wconf 48' lang='grc'><strong>,</strong></span> <span class='ocrx_word' id='word_1_2' title='bbox 486 297 594 358; x_wconf 79' lang='lat' dir='ltr'><strong>PARS</strong></span> <span class='ocrx_word' id='word_1_3' title='bbox 622 295 767 357; x_wconf 81' lang='lat' dir='ltr'>PRIMA.</span> <span class='ocrx_word' id='word_1_4' title='bbox 780 325 824 356; x_wconf 88' lang='lat'>.-</span> <span class='ocrx_word' id='word_1_5' title='bbox 842 294 1061 356; x_wconf 80' lang='lat' dir='ltr'>EXPOSITIO</span> <span class='ocrx_word' id='word_1_6' title='bbox 1090 297 1135 359; x_wconf 93' lang='lat' dir='ltr'>IN</span> <span class='ocrx_word' id='word_1_7' title='bbox 1164 296 1367 359; x_wconf 74' lang='lat' dir='ltr'><strong>PSALMOS.</strong></span> 
     </span>
    </p>
   </div>
   <div class='ocr_carea' id='block_1_2' title="bbox 104 296 1758 1408">
    <p class='ocr_par' dir='ltr' id='par_1_2' title="bbox 104 296 1756 1408">
     <span class='ocr_line' id='line_1_2' title="bbox 105 296 1749 360; baseline -0.002 0"><span class='ocrx_word' id='word_1_8' title='bbox 105 300 189 360; x_wconf 88' lang='grc'><strong>1173</strong></span> <span class='ocrx_word' id='word_1_9' title='bbox 1671 296 1749 358; x_wconf 87' lang='grc'><strong>1174</strong></span> 
     </span>
     <span class='ocr_line' id='line_1_3' title="bbox 105 453 1756 531; baseline 0 -12"><span class='ocrx_word' id='word_1_10' title='bbox 105 458 151 519; x_wconf 92' lang='lat' dir='ltr'>do</span> <span class='ocrx_word' id='word_1_11' title='bbox 165 456 270 519; x_wconf 82' lang='lat' dir='ltr'>verba</span> <span class='ocrx_word' id='word_1_12' title='bbox 285 471 359 517; x_wconf 90' lang='lat' dir='ltr'>mea</span> <span class='ocrx_word' id='word_1_13' title='bbox 380 454 416 515; x_wconf 94' lang='lat' dir='ltr'>in</span> <span class='ocrx_word' id='word_1_14' title='bbox 428 468 486 517; x_wconf 92' lang='lat' dir='ltr'>ore</span> <span class='ocrx_word' id='word_1_15' title='bbox 500 454 557 516; x_wconf 86' lang='lat' dir='ltr'>tuo</span> <span class='ocrx_word' id='word_1_16' title='bbox 569 453 605 515; x_wconf 93' lang='lat' dir='ltr'>in</span> <span class='ocrx_word' id='word_1_17' title='bbox 621 453 742 530; x_wconf 82' lang='lat' dir='ltr'>ignem,</span> <span class='ocrx_word' id='word_1_18' title='bbox 754 455 787 515; x_wconf 91' lang='lat' dir='ltr'>et</span> <span class='ocrx_word' id='word_1_19' title='bbox 801 468 907 531; x_wconf 92' lang='lat' dir='ltr'>popu·</span> <span class='ocrx_word' id='word_1_20' title='bbox 960 454 1073 516; x_wconf 87' lang='lat' dir='ltr'>clusus</span> <span class='ocrx_word' id='word_1_21' title='bbox 1093 458 1203 517; x_wconf 88' lang='lat' dir='ltr'>autem</span> <span class='ocrx_word' id='word_1_22' title='bbox 1225 455 1348 518; x_wconf 88' lang='lat' dir='ltr'>dicitur</span> <span class='ocrx_word' id='word_1_23' title='bbox 1366 453 1611 517; x_wconf 83' lang='lat' dir='ltr'>diversimode:</span> <span class='ocrx_word' id='word_1_24' title='bbox 1627 455 1756 519; x_wconf 88' lang='lat' dir='ltr'>scilicet</span> 
     </span>
     <span class='ocr_line' id='line_1_4' title="bbox 105 548 1756 629; baseline 0.001 -15"><span class='ocrx_word' id='word_1_25' title='bbox 105 554 179 614; x_wconf 90' lang='lat' dir='ltr'>lum</span> <span class='ocrx_word' id='word_1_26' title='bbox 203 554 305 616; x_wconf 89' lang='lat' dir='ltr'>istum</span> <span class='ocrx_word' id='word_1_27' title='bbox 327 552 364 613; x_wconf 90' lang='lat' dir='ltr'>in</span> <span class='ocrx_word' id='word_1_28' title='bbox 392 552 496 629; x_wconf 86' lang='lat' dir='ltr'>ligna,</span> <span class='ocrx_word' id='word_1_29' title='bbox 518 553 552 613; x_wconf 90' lang='lat' dir='ltr'>et</span> <span class='ocrx_word' id='word_1_30' title='bbox 578 549 752 613; x_wconf 83' lang='lat' dir='ltr'>devorabit</span> <span class='ocrx_word' id='word_1_31' title='bbox 767 548 814 629; x_wconf 99' lang='grc'>(1)</span> <span class='ocrx_word' id='word_1_32' title='bbox 836 566 904 612; x_wconf 90' lang='lat' dir='ltr'>eos.</span> <span class='ocrx_word' id='word_1_33' title='bbox 959 552 1169 629; x_wconf 81' lang='lat' dir='ltr'><strong>redargutus,</strong></span> <span class='ocrx_word' id='word_1_34' title='bbox 1193 554 1226 615; x_wconf 91' lang='lat' dir='ltr'>et</span> <span class='ocrx_word' id='word_1_35' title='bbox 1246 553 1395 614; x_wconf 87' lang='lat' dir='ltr'>inclusus</span> <span class='ocrx_word' id='word_1_36' title='bbox 1412 552 1610 626; x_wconf 88' lang='lat' dir='ltr'>incarcere,</span> <span class='ocrx_word' id='word_1_37' title='bbox 1627 552 1756 615; x_wconf 87' lang='lat' dir='ltr'>scilicet</span> 
     </span>
     <span class='ocr_line' id='line_1_5' title="bbox 105 647 1754 727; baseline -0.001 -15"><span class='ocrx_word' id='word_1_38' title='bbox 105 652 191 712; x_wconf 85' lang='lat' dir='ltr'>Item</span> <span class='ocrx_word' id='word_1_39' title='bbox 221 651 308 727; x_wconf 89' lang='lat' dir='ltr'>ignis</span> <span class='ocrx_word' id='word_1_40' title='bbox 345 651 462 711; x_wconf 88' lang='lat' dir='ltr'>acutus</span> <span class='ocrx_word' id='word_1_41' title='bbox 492 650 543 710; x_wconf 90' lang='lat' dir='ltr'>est</span> <span class='ocrx_word' id='word_1_42' title='bbox 561 670 568 709; x_wconf 77' lang='grc' dir='ltr'>ι</span> <span class='ocrx_word' id='word_1_43' title='bbox 587 650 627 711; x_wconf 89' lang='lat' dir='ltr'>Et</span> <span class='ocrx_word' id='word_1_44' title='bbox 653 647 820 726; x_wconf 90' lang='lat' dir='ltr'>eloquium</span> <span class='ocrx_word' id='word_1_45' title='bbox 847 647 906 709; x_wconf 92' lang='lat' dir='ltr'>Dei</span> <span class='ocrx_word' id='word_1_46' title='bbox 959 651 1099 727; x_wconf 87' lang='lat' dir='ltr'>peccati,</span> <span class='ocrx_word' id='word_1_47' title='bbox 1113 651 1166 712; x_wconf 81' lang='lat' dir='ltr'>vel</span> <span class='ocrx_word' id='word_1_48' title='bbox 1187 650 1228 711; x_wconf 90' lang='lat' dir='ltr'>ab</span> <span class='ocrx_word' id='word_1_49' title='bbox 1241 650 1393 712; x_wconf 90' lang='lat' dir='ltr'>hostibus</span> <span class='ocrx_word' id='word_1_50' title='bbox 1406 650 1643 712; x_wconf 85' lang='lat' dir='ltr'>circumdatus.</span> <span class='ocrx_word' id='word_1_51' title='bbox 1663 651 1754 711; x_wconf 88' lang='lat' dir='ltr'>Con-</span> 
     </span>
     <span class='ocr_line' id='line_1_6' title="bbox 104 745 1755 825; baseline -0.001 -17"><span class='ocrx_word' id='word_1_52' title='bbox 104 749 295 825; x_wconf 90' lang='lat' dir='ltr'>pungitper</span> <span class='ocrx_word' id='word_1_53' title='bbox 307 747 578 824; x_wconf 78' lang='lat' dir='ltr'>compunctiones</span> <span class='ocrx_word' id='word_1_54' title='bbox 592 745 718 820; x_wconf 79' lang='lat' dir='ltr'>cordis3</span> <span class='ocrx_word' id='word_1_55' title='bbox 734 745 907 806; x_wconf 84' lang='lat' dir='ltr'>uudeEze·</span> <span class='ocrx_word' id='word_1_56' title='bbox 959 747 1073 807; x_wconf 89' lang='lat' dir='ltr'>clusus</span> <span class='ocrx_word' id='word_1_57' title='bbox 1097 748 1297 824; x_wconf 77' lang='lat' dir='ltr'>redargutus</span> <span class='ocrx_word' id='word_1_58' title='bbox 1316 749 1390 810; x_wconf 92' lang='lat' dir='ltr'>erat</span> <span class='ocrx_word' id='word_1_59' title='bbox 1413 747 1481 819; x_wconf 92' lang='lat' dir='ltr'>ille,</span> <span class='ocrx_word' id='word_1_60' title='bbox 1504 748 1560 824; x_wconf 91' lang='lat' dir='ltr'>qui</span> <span class='ocrx_word' id='word_1_61' title='bbox 1574 745 1705 808; x_wconf 86' lang='lat' dir='ltr'>dicebat</span> <span class='ocrx_word' id='word_1_62' title='bbox 1718 746 1755 807; x_wconf 92' lang='lat' dir='ltr'>in</span> 
     </span>
     <span class='ocr_line' id='line_1_7' title="bbox 106 841 1754 924; baseline -0.001 -18"><span class='ocrx_word' id='word_1_63' title='bbox 106 845 231 906; x_wconf 89' lang='lat' dir='ltr'>chielis</span> <span class='ocrx_word' id='word_1_64' title='bbox 246 842 310 924; x_wconf 90' lang='grc'><strong>(37,</strong></span> <span class='ocrx_word' id='word_1_65' title='bbox 322 842 356 922; x_wconf 88' lang='grc'>9)</span> <span class='ocrx_word' id='word_1_66' title='bbox 371 860 390 903; x_wconf 89' lang='lat'><strong>«</strong></span> <span class='ocrx_word' id='word_1_67' title='bbox 405 845 432 904; x_wconf 82' lang='lat' dir='ltr'><strong>A</strong></span> <span class='ocrx_word' id='word_1_68' title='bbox 448 843 589 920; x_wconf 87' lang='lat' dir='ltr'>quatuor</span> <span class='ocrx_word' id='word_1_69' title='bbox 604 841 713 903; x_wconf 87' lang='lat' dir='ltr'>ventis</span> <span class='ocrx_word' id='word_1_70' title='bbox 730 841 806 904; x_wconf 90' lang='lat' dir='ltr'>coeli</span> <span class='ocrx_word' id='word_1_71' title='bbox 827 841 905 903; x_wconf 81' lang='lat' dir='ltr'>ueni</span> <span class='ocrx_word' id='word_1_72' title='bbox 958 845 1100 905; x_wconf 87' lang='lat' dir='ltr'>Threnis</span> <span class='ocrx_word' id='word_1_73' title='bbox 1126 845 1170 923; x_wconf 88' lang='lat'>(1,</span> <span class='ocrx_word' id='word_1_74' title='bbox 1201 844 1252 924; x_wconf 88' lang='grc'>19)</span> <span class='ocrx_word' id='word_1_75' title='bbox 1278 845 1339 906; x_wconf 90' lang='lat' dir='ltr'>sub</span> <span class='ocrx_word' id='word_1_76' title='bbox 1367 845 1483 906; x_wconf 90' lang='lat' dir='ltr'>eadem</span> <span class='ocrx_word' id='word_1_77' title='bbox 1507 844 1618 907; x_wconf 89' lang='lat' dir='ltr'>littera</span> <span class='ocrx_word' id='word_1_78' title='bbox 1639 847 1754 919; x_wconf 80' lang='lat' dir='ltr'>cepa:</span> 
     </span>
     <span class='ocr_line' id='line_1_8' title="bbox 106 939 1755 1019; baseline -0.001 -17"><span class='ocrx_word' id='word_1_79' title='bbox 106 942 260 1019; x_wconf 86' lang='lat' dir='ltr'>spiritus,</span> <span class='ocrx_word' id='word_1_80' title='bbox 282 942 316 1004; x_wconf 90' lang='lat' dir='ltr'>et</span> <span class='ocrx_word' id='word_1_81' title='bbox 334 939 466 1001; x_wconf 89' lang='lat' dir='ltr'>insuffla</span> <span class='ocrx_word' id='word_1_82' title='bbox 482 955 583 1016; x_wconf 88' lang='lat' dir='ltr'>super</span> <span class='ocrx_word' id='word_1_83' title='bbox 604 939 796 1001; x_wconf 83' lang='lat' dir='ltr'>interlectos</span> <span class='ocrx_word' id='word_1_84' title='bbox 811 939 903 1010; x_wconf 88' lang='lat' dir='ltr'>istos</span> <span class='ocrx_word' id='word_1_85' title='bbox 958 942 1114 1003; x_wconf 71' lang='lat' dir='ltr'>«Vocari</span> <span class='ocrx_word' id='word_1_86' title='bbox 1138 942 1265 1003; x_wconf 89' lang='lat' dir='ltr'>amicos</span> <span class='ocrx_word' id='word_1_87' title='bbox 1289 958 1399 1014; x_wconf 87' lang='lat' dir='ltr'>meos,</span> <span class='ocrx_word' id='word_1_88' title='bbox 1416 945 1449 1004; x_wconf 90' lang='lat' dir='ltr'>et</span> <span class='ocrx_word' id='word_1_89' title='bbox 1469 941 1536 1017; x_wconf 91' lang='lat' dir='ltr'>ipsi</span> <span class='ocrx_word' id='word_1_90' title='bbox 1550 941 1755 1017; x_wconf 89' lang='lat' dir='ltr'>deceperunt</span> 
     </span>
     <span class='ocr_line' id='line_1_9' title="bbox 104 1036 1754 1112; baseline -0.002 -12"><span class='ocrx_word' id='word_1_91' title='bbox 104 1038 366 1101; x_wconf 82' lang='lat' dir='ltr'>etrevivisoant.</span> <span class='ocrx_word' id='word_1_92' title='bbox 379 1036 904 1112; x_wconf 86' lang='lat' dir='ltr'>Interiectiistisuutpeccatores</span> <span class='ocrx_word' id='word_1_93' title='bbox 958 1055 1033 1100; x_wconf 89' lang='grc' dir='ltr'>ιοο.</span> <span class='ocrx_word' id='word_1_94' title='bbox 1050 1039 1239 1101; x_wconf 82' lang='lat' dir='ltr'>sacerdotes</span> <span class='ocrx_word' id='word_1_95' title='bbox 1264 1040 1340 1112; x_wconf 89' lang='lat' dir='ltr'>mei,</span> <span class='ocrx_word' id='word_1_96' title='bbox 1369 1042 1402 1101; x_wconf 90' lang='lat' dir='ltr'>et</span> <span class='ocrx_word' id='word_1_97' title='bbox 1422 1055 1521 1100; x_wconf 87' lang='lat' dir='ltr'>senes</span> <span class='ocrx_word' id='word_1_98' title='bbox 1536 1038 1601 1099; x_wconf 91' lang='lat' dir='ltr'>mei</span> <span class='ocrx_word' id='word_1_99' title='bbox 1620 1038 1655 1099; x_wconf 91' lang='lat' dir='ltr'>in</span> <span class='ocrx_word' id='word_1_100' title='bbox 1671 1036 1754 1098; x_wconf 92' lang='lat' dir='ltr'>urbe</span> 
     </span>
     <span class='ocr_line' id='line_1_10' title="bbox 104 1133 1753 1215; baseline -0.002 -18"><span class='ocrx_word' id='word_1_101' title='bbox 104 1136 143 1198; x_wconf 91' lang='lat' dir='ltr'>iu</span> <span class='ocrx_word' id='word_1_102' title='bbox 161 1135 295 1197; x_wconf 83' lang='lat' dir='ltr'>mortali</span> <span class='ocrx_word' id='word_1_103' title='bbox 313 1137 448 1212; x_wconf 85' lang='lat' dir='ltr'>peccato</span> <span class='ocrx_word' id='word_1_104' title='bbox 464 1134 670 1195; x_wconf 82' lang='lat' dir='ltr'>existentes.</span> <span class='ocrx_word' id='word_1_105' title='bbox 684 1133 776 1194; x_wconf 87' lang='lat' dir='ltr'>veuit</span> <span class='ocrx_word' id='word_1_106' title='bbox 793 1135 904 1194; x_wconf 90' lang='lat' dir='ltr'>autem</span> <span class='ocrx_word' id='word_1_107' title='bbox 958 1137 1147 1214; x_wconf 88' lang='lat' dir='ltr'>consumpti</span> <span class='ocrx_word' id='word_1_108' title='bbox 1174 1138 1279 1199; x_wconf 91' lang='lat' dir='ltr'>sunt:</span> <span class='ocrx_word' id='word_1_109' title='bbox 1308 1134 1386 1215; x_wconf 92' lang='lat' dir='ltr'>quia</span> <span class='ocrx_word' id='word_1_110' title='bbox 1412 1134 1617 1214; x_wconf 88' lang='lat' dir='ltr'>quaesierunt</span> <span class='ocrx_word' id='word_1_111' title='bbox 1644 1133 1753 1195; x_wconf 90' lang='lat' dir='ltr'>cibum</span> 
     </span>
     <span class='ocr_line' id='line_1_11' title="bbox 105 1229 1758 1310; baseline -0.002 -16"><span class='ocrx_word' id='word_1_112' title='bbox 105 1233 249 1310; x_wconf 88' lang='lat' dir='ltr'>spiritus</span> <span class='ocrx_word' id='word_1_113' title='bbox 273 1232 416 1303; x_wconf 89' lang='lat' dir='ltr'>Domini,</span> <span class='ocrx_word' id='word_1_114' title='bbox 443 1231 497 1292; x_wconf 87' lang='lat' dir='ltr'>vel</span> <span class='ocrx_word' id='word_1_115' title='bbox 517 1230 685 1308; x_wconf 91' lang='lat' dir='ltr'>eloquium</span> <span class='ocrx_word' id='word_1_116' title='bbox 710 1229 843 1291; x_wconf 88' lang='lat' dir='ltr'>Domini</span> <span class='ocrx_word' id='word_1_117' title='bbox 862 1229 904 1290; x_wconf 89' lang='lat' dir='ltr'>ab</span> <span class='ocrx_word' id='word_1_118' title='bbox 958 1233 1034 1304; x_wconf 92' lang='lat' dir='ltr'>sibi,</span> <span class='ocrx_word' id='word_1_119' title='bbox 1048 1233 1596 1296; x_wconf 82' lang='lat' dir='ltr'>utrefocillarentanimamsuam.</span> <span class='ocrx_word' id='word_1_120' title='bbox 1605 1232 1758 1303; x_wconf 72' lang='lat' dir='ltr'>admisi,</span> 
     </span>
     <span class='ocr_line' id='line_1_12' title="bbox 105 1328 1753 1408; baseline -0.001 -17"><span class='ocrx_word' id='word_1_121' title='bbox 105 1331 292 1400; x_wconf 89' lang='lat' dir='ltr'>occidente,</span> <span class='ocrx_word' id='word_1_122' title='bbox 308 1328 902 1406; x_wconf 89' lang='lat' dir='ltr'>dumpeccatcremreparatlapsum;</span> <span class='ocrx_word' id='word_1_123' title='bbox 958 1347 1041 1408; x_wconf 91' lang='lat' dir='ltr'>quos</span> <span class='ocrx_word' id='word_1_124' title='bbox 1064 1332 1244 1393; x_wconf 88' lang='lat' dir='ltr'>vocaverat</span> <span class='ocrx_word' id='word_1_125' title='bbox 1267 1332 1341 1404; x_wconf 91' lang='lat' dir='ltr'>iste,</span> <span class='ocrx_word' id='word_1_126' title='bbox 1370 1333 1450 1393; x_wconf 91' lang='lat' dir='ltr'>sunt</span> <span class='ocrx_word' id='word_1_127' title='bbox 1473 1329 1586 1391; x_wconf 87' lang='lat' dir='ltr'>dulces</span> <span class='ocrx_word' id='word_1_128' title='bbox 1612 1328 1753 1390; x_wconf 82' lang='lat' dir='ltr'>affectus</span> 
     </span>
    </p>
   </div>
   <div class='ocr_carea' id='block_1_3' title="bbox 105 1423 1753 1506">
    <p class='ocr_par' dir='ltr' id='par_1_3' title="bbox 105 1423 1753 1506">
     <span class='ocr_line' id='line_1_13' title="bbox 105 1423 1753 1506; baseline -0.001 -18"><span class='ocrx_word' id='word_1_129' title='bbox 105 1427 150 1488; x_wconf 90' lang='lat' dir='ltr'>ab</span> <span class='ocrx_word' id='word_1_130' title='bbox 176 1427 344 1504; x_wconf 91' lang='lat' dir='ltr'>aquilone,</span> <span class='ocrx_word' id='word_1_131' title='bbox 369 1425 448 1487; x_wconf 91' lang='lat' dir='ltr'>dum</span> <span class='ocrx_word' id='word_1_132' title='bbox 470 1440 664 1502; x_wconf 86' lang='lat' dir='ltr'>expugnare</span> <span class='ocrx_word' id='word_1_133' title='bbox 687 1424 768 1487; x_wconf 86' lang='lat' dir='ltr'>facit</span> <span class='ocrx_word' id='word_1_134' title='bbox 788 1423 905 1486; x_wconf 89' lang='lat' dir='ltr'>diabo-</span> <span class='ocrx_word' id='word_1_135' title='bbox 958 1428 1070 1488; x_wconf 88' lang='lat' dir='ltr'>carnis</span> <span class='ocrx_word' id='word_1_136' title='bbox 1087 1450 1095 1490; x_wconf 89' lang='lat'>:</span> <span class='ocrx_word' id='word_1_137' title='bbox 1112 1430 1203 1490; x_wconf 90' lang='lat' dir='ltr'>sed</span> <span class='ocrx_word' id='word_1_138' title='bbox 1194 1429 1260 1506; x_wconf 87' lang='lat' dir='ltr'>rpsi</span> <span class='ocrx_word' id='word_1_139' title='bbox 1288 1427 1489 1504; x_wconf 88' lang='lat' dir='ltr'>deceperunt</span> <span class='ocrx_word' id='word_1_140' title='bbox 1516 1427 1662 1487; x_wconf 87' lang='lat' dir='ltr'>animam</span> <span class='ocrx_word' id='word_1_141' title='bbox 1688 1424 1753 1486; x_wconf 89' lang='lat' dir='ltr'>sibi</span> 
     </span>
    </p>
   </div>
   <div class='ocr_carea' id='block_1_4' title="bbox 105 1505 1874 1602">
    <p class='ocr_par' dir='ltr' id='par_1_4' title="bbox 105 1505 1874 1602">
     <span class='ocr_line' id='line_1_14' title="bbox 105 1505 1874 1602; baseline -0.001 -19"><span class='ocrx_word' id='word_1_142' title='bbox 105 1524 195 1598; x_wconf 87' lang='lat' dir='ltr'>lum;</span> <span class='ocrx_word' id='word_1_143' title='bbox 218 1539 239 1584; x_wconf 90' lang='lat' dir='ltr'>a</span> <span class='ocrx_word' id='word_1_144' title='bbox 264 1523 415 1595; x_wconf 88' lang='lat' dir='ltr'>meridie,</span> <span class='ocrx_word' id='word_1_145' title='bbox 441 1522 518 1583; x_wconf 92' lang='lat' dir='ltr'>dum</span> <span class='ocrx_word' id='word_1_146' title='bbox 543 1538 601 1583; x_wconf 88' lang='lat' dir='ltr'>cor</span> <span class='ocrx_word' id='word_1_147' title='bbox 623 1521 665 1583; x_wconf 87' lang='lat' dir='ltr'>ad</span> <span class='ocrx_word' id='word_1_148' title='bbox 692 1521 904 1583; x_wconf 90' lang='lat' dir='ltr'>dilectionem</span> <span class='ocrx_word' id='word_1_149' title='bbox 957 1526 1130 1599; x_wconf 89' lang='lat' dir='ltr'>intentam,</span> <span class='ocrx_word' id='word_1_150' title='bbox 1147 1528 1201 1589; x_wconf 86' lang='lat' dir='ltr'>vel</span> <span class='ocrx_word' id='word_1_151' title='bbox 1215 1527 1388 1599; x_wconf 90' lang='lat' dir='ltr'>nitentem,</span> <span class='ocrx_word' id='word_1_152' title='bbox 1400 1526 1433 1587; x_wconf 92' lang='lat' dir='ltr'>et</span> <span class='ocrx_word' id='word_1_153' title='bbox 1447 1523 1525 1602; x_wconf 87' lang='lat' dir='ltr'>quia</span> <span class='ocrx_word' id='word_1_154' title='bbox 1540 1524 1576 1584; x_wconf 93' lang='lat' dir='ltr'>in</span> <span class='ocrx_word' id='word_1_155' title='bbox 1588 1539 1628 1584; x_wconf 93' lang='lat' dir='ltr'>ea</span> <span class='ocrx_word' id='word_1_156' title='bbox 1644 1524 1753 1599; x_wconf 88' lang='lat' dir='ltr'>ipsum</span> <span class='ocrx_word' id='word_1_157' title='bbox 1832 1505 1874 1575; x_wconf 56' lang='lat' dir='ltr'><em>f</em></span> 
     </span>
    </p>
   </div>
   <div class='ocr_carea' id='block_1_5' title="bbox 105 1618 1753 1698">
    <p class='ocr_par' dir='ltr' id='par_1_5' title="bbox 105 1618 1753 1698">
     <span class='ocr_line' id='line_1_15' title="bbox 105 1618 1753 1698; baseline -0.002 -16"><span class='ocrx_word' id='word_1_158' title='bbox 105 1621 169 1682; x_wconf 92' lang='lat' dir='ltr'>Dei</span> <span class='ocrx_word' id='word_1_159' title='bbox 184 1620 390 1695; x_wconf 81' lang='lat' dir='ltr'>infiammat3</span> <span class='ocrx_word' id='word_1_160' title='bbox 410 1619 452 1681; x_wconf 90' lang='lat' dir='ltr'>ab</span> <span class='ocrx_word' id='word_1_161' title='bbox 472 1620 611 1690; x_wconf 89' lang='lat' dir='ltr'>oriente,</span> <span class='ocrx_word' id='word_1_162' title='bbox 628 1618 706 1679; x_wconf 90' lang='lat' dir='ltr'>dum</span> <span class='ocrx_word' id='word_1_163' title='bbox 725 1618 766 1678; x_wconf 89' lang='lat' dir='ltr'>ad</span> <span class='ocrx_word' id='word_1_164' title='bbox 781 1619 903 1695; x_wconf 85' lang='lat' dir='ltr'>gaudia</span> <span class='ocrx_word' id='word_1_165' title='bbox 958 1622 1071 1698; x_wconf 88' lang='lat' dir='ltr'>regale</span> <span class='ocrx_word' id='word_1_166' title='bbox 1095 1623 1340 1695; x_wconf 88' lang='lat' dir='ltr'>sacerdotium,</span> <span class='ocrx_word' id='word_1_167' title='bbox 1362 1623 1395 1684; x_wconf 90' lang='lat' dir='ltr'>et</span> <span class='ocrx_word' id='word_1_168' title='bbox 1419 1620 1525 1682; x_wconf 90' lang='lat' dir='ltr'>senile</span> <span class='ocrx_word' id='word_1_169' title='bbox 1551 1618 1753 1681; x_wconf 82' lang='lat' dir='ltr'>maturitatis</span> 
     </span>
    </p>
   </div>
   <div class='ocr_carea' id='block_1_6' title="bbox 103 1716 905 3929">
    <p class='ocr_par' dir='ltr' id='par_1_6' title="bbox 106 1716 694 1794">
     <span class='ocr_line' id='line_1_16' title="bbox 106 1716 694 1794; baseline -0.003 -17"><span class='ocrx_word' id='word_1_170' title='bbox 106 1733 253 1794; x_wconf 89' lang='lat' dir='ltr'>superna</span> <span class='ocrx_word' id='word_1_171' title='bbox 270 1716 500 1793; x_wconf 88' lang='lat' dir='ltr'>cognoscenda</span> <span class='ocrx_word' id='word_1_172' title='bbox 515 1716 694 1778; x_wconf 90' lang='lat' dir='ltr'>illuminat.</span> 
     </span>
    </p>

    <p class='ocr_par' dir='ltr' id='par_1_7' title="bbox 103 1813 905 3929">
     <span class='ocr_line' id='line_1_17' title="bbox 147 1813 905 1891; baseline -0.004 -16"><span class='ocrx_word' id='word_1_173' title='bbox 147 1815 241 1891; x_wconf 87' lang='lat' dir='ltr'>ignis</span> <span class='ocrx_word' id='word_1_174' title='bbox 252 1814 386 1875; x_wconf 90' lang='lat' dir='ltr'>mobilis</span> <span class='ocrx_word' id='word_1_175' title='bbox 399 1814 450 1875; x_wconf 90' lang='lat' dir='ltr'>est</span> <span class='ocrx_word' id='word_1_176' title='bbox 466 1818 518 1876; x_wconf 87' lang='lat' dir='ltr'>:et</span> <span class='ocrx_word' id='word_1_177' title='bbox 532 1813 700 1891; x_wconf 90' lang='lat' dir='ltr'>eloquium</span> <span class='ocrx_word' id='word_1_178' title='bbox 714 1814 772 1875; x_wconf 93' lang='lat' dir='ltr'>Dei</span> <span class='ocrx_word' id='word_1_179' title='bbox 784 1813 905 1875; x_wconf 90' lang='lat' dir='ltr'>decur-</span> 
     </span>
     <span class='ocr_line' id='line_1_18' title="bbox 105 1910 904 1989; baseline -0.003 -15"><span class='ocrx_word' id='word_1_180' title='bbox 105 1912 153 1975; x_wconf 87' lang='lat' dir='ltr'>rit</span> <span class='ocrx_word' id='word_1_181' title='bbox 175 1927 236 1989; x_wconf 90' lang='lat' dir='ltr'>per</span> <span class='ocrx_word' id='word_1_182' title='bbox 260 1911 392 1972; x_wconf 88' lang='lat' dir='ltr'>diversa</span> <span class='ocrx_word' id='word_1_183' title='bbox 412 1913 559 1988; x_wconf 88' lang='lat' dir='ltr'>peccata,</span> <span class='ocrx_word' id='word_1_184' title='bbox 585 1911 622 1972; x_wconf 91' lang='lat' dir='ltr'>ut</span> <span class='ocrx_word' id='word_1_185' title='bbox 636 1927 675 1972; x_wconf 92' lang='lat' dir='ltr'>ea</span> <span class='ocrx_word' id='word_1_186' title='bbox 695 1910 854 1983; x_wconf 87' lang='lat' dir='ltr'>eliminet,</span> <span class='ocrx_word' id='word_1_187' title='bbox 870 1913 904 1972; x_wconf 91' lang='lat' dir='ltr'>et</span> 
     </span>
     <span class='ocr_line' id='line_1_19' title="bbox 104 2007 900 2085; baseline -0.001 -15"><span class='ocrx_word' id='word_1_188' title='bbox 104 2024 168 2085; x_wconf 90' lang='lat' dir='ltr'>per</span> <span class='ocrx_word' id='word_1_189' title='bbox 179 2009 332 2069; x_wconf 88' lang='lat' dir='ltr'>diversas</span> <span class='ocrx_word' id='word_1_190' title='bbox 344 2009 495 2079; x_wconf 88' lang='lat' dir='ltr'>virtutes,</span> <span class='ocrx_word' id='word_1_191' title='bbox 509 2009 545 2070; x_wconf 91' lang='lat' dir='ltr'>ut</span> <span class='ocrx_word' id='word_1_192' title='bbox 557 2009 657 2069; x_wconf 89' lang='lat' dir='ltr'>corin</span> <span class='ocrx_word' id='word_1_193' title='bbox 665 2008 715 2068; x_wconf 90' lang='lat' dir='ltr'>eis</span> <span class='ocrx_word' id='word_1_194' title='bbox 727 2007 900 2085; x_wconf 82' lang='lat' dir='ltr'>informet3</span> 
     </span>
     <span class='ocr_line' id='line_1_20' title="bbox 106 2103 903 2184; baseline -0.003 -18"><span class='ocrx_word' id='word_1_195' title='bbox 106 2106 197 2166; x_wconf 92' lang='lat' dir='ltr'>unde</span> <span class='ocrx_word' id='word_1_196' title='bbox 222 2105 441 2167; x_wconf 86' lang='lat' dir='ltr'>Ecclesiastes</span> <span class='ocrx_word' id='word_1_197' title='bbox 464 2103 507 2184; x_wconf 89' lang='grc'><strong>(1,</strong></span> <span class='ocrx_word' id='word_1_198' title='bbox 531 2104 564 2184; x_wconf 91' lang='grc'>6)</span> <span class='ocrx_word' id='word_1_199' title='bbox 583 2107 799 2166; x_wconf 74' lang='grc' dir='ltr'>εοιῐιιιῐιοοι</span> <span class='ocrx_word' id='word_1_200' title='bbox 826 2105 903 2165; x_wconf 91' lang='lat' dir='ltr'>uni-</span> 
     </span>
     <span class='ocr_line' id='line_1_21' title="bbox 104 2200 902 2279; baseline -0.004 -15"><span class='ocrx_word' id='word_1_201' title='bbox 104 2218 204 2265; x_wconf 85' lang='lat' dir='ltr'>versa</span> <span class='ocrx_word' id='word_1_202' title='bbox 219 2203 253 2263; x_wconf 93' lang='lat' dir='ltr'>in</span> <span class='ocrx_word' id='word_1_203' title='bbox 269 2202 412 2263; x_wconf 90' lang='lat' dir='ltr'>circuitu</span> <span class='ocrx_word' id='word_1_204' title='bbox 436 2200 544 2279; x_wconf 88' lang='lat' dir='ltr'>pergit</span> <span class='ocrx_word' id='word_1_205' title='bbox 557 2202 708 2278; x_wconf 88' lang='lat' dir='ltr'>spiritus,</span> <span class='ocrx_word' id='word_1_206' title='bbox 727 2203 759 2263; x_wconf 93' lang='lat' dir='ltr'>et</span> <span class='ocrx_word' id='word_1_207' title='bbox 780 2201 814 2261; x_wconf 93' lang='lat' dir='ltr'>in</span> <span class='ocrx_word' id='word_1_208' title='bbox 832 2201 902 2262; x_wconf 90' lang='lat' dir='ltr'>oir-</span> 
     </span>
     <span class='ocr_line' id='line_1_22' title="bbox 106 2298 901 2369; baseline -0.001 -8"><span class='ocrx_word' id='word_1_209' title='bbox 106 2300 202 2361; x_wconf 88' lang='lat' dir='ltr'>culos</span> <span class='ocrx_word' id='word_1_210' title='bbox 224 2316 303 2361; x_wconf 89' lang='lat' dir='ltr'>suos</span> <span class='ocrx_word' id='word_1_211' title='bbox 323 2298 512 2360; x_wconf 83' lang='lat' dir='ltr'>revertitur.</span> <span class='ocrx_word' id='word_1_212' title='bbox 526 2316 544 2358; x_wconf 85' lang='lat'><strong>»</strong></span> <span class='ocrx_word' id='word_1_213' title='bbox 558 2301 649 2361; x_wconf 89' lang='lat' dir='ltr'>Bene</span> <span class='ocrx_word' id='word_1_214' title='bbox 664 2299 799 2369; x_wconf 85' lang='lat' dir='ltr'>dicitur,</span> <span class='ocrx_word' id='word_1_215' title='bbox 817 2302 901 2361; x_wconf 72' lang='lat' dir='ltr'>aad·</span> 
     </span>
     <span class='ocr_line' id='line_1_23' title="bbox 105 2395 901 2474; baseline 0 -17"><span class='ocrx_word' id='word_1_216' title='bbox 105 2412 223 2467; x_wconf 81' lang='lat' dir='ltr'>cersa,</span> <span class='ocrx_word' id='word_1_217' title='bbox 241 2396 318 2474; x_wconf 88' lang='lat' dir='ltr'>quia</span> <span class='ocrx_word' id='word_1_218' title='bbox 335 2395 455 2456; x_wconf 89' lang='lat' dir='ltr'>lustrat</span> <span class='ocrx_word' id='word_1_219' title='bbox 467 2410 526 2456; x_wconf 89' lang='lat' dir='ltr'>cor</span> <span class='ocrx_word' id='word_1_220' title='bbox 539 2397 674 2473; x_wconf 89' lang='lat' dir='ltr'>propter</span> <span class='ocrx_word' id='word_1_221' title='bbox 689 2398 825 2473; x_wconf 90' lang='lat' dir='ltr'>peccata</span> <span class='ocrx_word' id='word_1_222' title='bbox 840 2410 901 2457; x_wconf 88' lang='lat' dir='ltr'>co-</span> 
     </span>
     <span class='ocr_line' id='line_1_24' title="bbox 105 2492 901 2570; baseline 0.003 -18"><span class='ocrx_word' id='word_1_223' title='bbox 105 2493 297 2569; x_wconf 87' lang='lat' dir='ltr'>gitationis;</span> <span class='ocrx_word' id='word_1_224' title='bbox 311 2509 443 2564; x_wconf 84' lang='lat' dir='ltr'>manus,</span> <span class='ocrx_word' id='word_1_225' title='bbox 461 2494 494 2554; x_wconf 92' lang='lat' dir='ltr'>et</span> <span class='ocrx_word' id='word_1_226' title='bbox 510 2492 657 2554; x_wconf 89' lang='lat' dir='ltr'>membra</span> <span class='ocrx_word' id='word_1_227' title='bbox 673 2497 809 2570; x_wconf 90' lang='lat' dir='ltr'>propter</span> <span class='ocrx_word' id='word_1_228' title='bbox 821 2508 901 2570; x_wconf 92' lang='lat' dir='ltr'>pec·</span> 
     </span>
     <span class='ocr_line' id='line_1_25' title="bbox 105 2582 902 2667; baseline -0.003 -15"><span class='ocrx_word' id='word_1_229' title='bbox 105 2592 182 2652; x_wconf 89' lang='lat' dir='ltr'>cata</span> <span class='ocrx_word' id='word_1_230' title='bbox 197 2591 326 2667; x_wconf 82' lang='lat' dir='ltr'>operis3</span> <span class='ocrx_word' id='word_1_231' title='bbox 340 2589 488 2665; x_wconf 83' lang='lat' dir='ltr'>linguam</span> <span class='ocrx_word' id='word_1_232' title='bbox 503 2591 640 2666; x_wconf 89' lang='lat' dir='ltr'>propter</span> <span class='ocrx_word' id='word_1_233' title='bbox 661 2591 796 2665; x_wconf 86' lang='lat' dir='ltr'>peccata</span> <span class='ocrx_word' id='word_1_234' title='bbox 808 2582 902 2651; x_wconf 91' lang='lat' dir='ltr'>locu-</span> 
     </span>
     <span class='ocr_line' id='line_1_26' title="bbox 103 2684 900 2765; baseline -0.003 -17"><span class='ocrx_word' id='word_1_235' title='bbox 103 2687 230 2762; x_wconf 84' lang='lat' dir='ltr'>tionis3</span> <span class='ocrx_word' id='word_1_236' title='bbox 259 2686 345 2748; x_wconf 91' lang='lat' dir='ltr'>unde</span> <span class='ocrx_word' id='word_1_237' title='bbox 372 2686 552 2763; x_wconf 87' lang='lat' dir='ltr'>Sapientiae</span> <span class='ocrx_word' id='word_1_238' title='bbox 576 2684 633 2764; x_wconf 87' lang='lat'>(1,</span> <span class='ocrx_word' id='word_1_239' title='bbox 662 2685 900 2765; x_wconf 77' lang='lat' dir='ltr'>6):‹Renum</span> 
     </span>
     <span class='ocr_line' id='line_1_27' title="bbox 105 2783 903 2852; baseline 0.003 -9"><span class='ocrx_word' id='word_1_240' title='bbox 105 2783 199 2844; x_wconf 89' lang='lat' dir='ltr'>illius</span> <span class='ocrx_word' id='word_1_241' title='bbox 212 2784 306 2845; x_wconf 87' lang='lat' dir='ltr'>testis</span> <span class='ocrx_word' id='word_1_242' title='bbox 317 2785 367 2846; x_wconf 90' lang='lat' dir='ltr'>est</span> <span class='ocrx_word' id='word_1_243' title='bbox 378 2786 478 2852; x_wconf 88' lang='lat' dir='ltr'>Deus,</span> <span class='ocrx_word' id='word_1_244' title='bbox 495 2786 527 2845; x_wconf 91' lang='lat' dir='ltr'>et</span> <span class='ocrx_word' id='word_1_245' title='bbox 541 2784 651 2845; x_wconf 87' lang='lat' dir='ltr'>cordis</span> <span class='ocrx_word' id='word_1_246' title='bbox 666 2783 758 2845; x_wconf 92' lang='lat' dir='ltr'>illius</span> <span class='ocrx_word' id='word_1_247' title='bbox 772 2787 903 2846; x_wconf 88' lang='lat' dir='ltr'>scruta·</span> 
     </span>
     <span class='ocr_line' id='line_1_28' title="bbox 104 2881 901 2958; baseline -0.003 -15"><span class='ocrx_word' id='word_1_248' title='bbox 104 2884 159 2943; x_wconf 89' lang='lat' dir='ltr'>tor</span> <span class='ocrx_word' id='word_1_249' title='bbox 174 2883 227 2943; x_wconf 91' lang='lat' dir='ltr'>est</span> <span class='ocrx_word' id='word_1_250' title='bbox 249 2897 390 2943; x_wconf 77' lang='lat' dir='ltr'>verus.»</span> <span class='ocrx_word' id='word_1_251' title='bbox 415 2882 573 2958; x_wconf 85' lang='lat' dir='ltr'>Sequitur</span> <span class='ocrx_word' id='word_1_252' title='bbox 590 2882 685 2943; x_wconf 73' lang='lat' dir='ltr'>:siit</span> <span class='ocrx_word' id='word_1_253' title='bbox 707 2881 901 2945; x_wconf 86' lang='lat' dir='ltr'>incirculos</span> 
     </span>
     <span class='ocr_line' id='line_1_29' title="bbox 107 2976 900 3055; baseline 0 -17"><span class='ocrx_word' id='word_1_254' title='bbox 107 2993 189 3038; x_wconf 88' lang='lat' dir='ltr'>suos</span> <span class='ocrx_word' id='word_1_255' title='bbox 203 2978 395 3049; x_wconf 81' lang='lat' dir='ltr'>revertitur,</span> <span class='ocrx_word' id='word_1_256' title='bbox 412 2978 523 3055; x_wconf 78' lang='lat' dir='ltr'>»quia</span> <span class='ocrx_word' id='word_1_257' title='bbox 538 2978 659 3039; x_wconf 91' lang='lat' dir='ltr'>iterum</span> <span class='ocrx_word' id='word_1_258' title='bbox 675 2979 762 3039; x_wconf 90' lang='lat' dir='ltr'>redit</span> <span class='ocrx_word' id='word_1_259' title='bbox 776 2976 817 3039; x_wconf 88' lang='lat' dir='ltr'>ad</span> <span class='ocrx_word' id='word_1_260' title='bbox 832 2993 900 3051; x_wconf 90' lang='lat' dir='ltr'>cor,</span> 
     </span>
     <span class='ocr_line' id='line_1_30' title="bbox 105 3073 900 3151; baseline 0.001 -15"><span class='ocrx_word' id='word_1_261' title='bbox 105 3076 143 3136; x_wconf 88' lang='lat' dir='ltr'>ut</span> <span class='ocrx_word' id='word_1_262' title='bbox 158 3074 276 3136; x_wconf 90' lang='lat' dir='ltr'>incitet</span> <span class='ocrx_word' id='word_1_263' title='bbox 285 3073 326 3136; x_wconf 88' lang='lat' dir='ltr'>ad</span> <span class='ocrx_word' id='word_1_264' title='bbox 337 3074 542 3151; x_wconf 89' lang='lat' dir='ltr'>diligendum</span> <span class='ocrx_word' id='word_1_265' title='bbox 550 3078 673 3150; x_wconf 81' lang='lat' dir='ltr'>Deum3</span> <span class='ocrx_word' id='word_1_266' title='bbox 685 3075 726 3136; x_wconf 90' lang='lat' dir='ltr'>ad</span> <span class='ocrx_word' id='word_1_267' title='bbox 740 3074 900 3149; x_wconf 88' lang='lat' dir='ltr'>membra,</span> 
     </span>
     <span class='ocr_line' id='line_1_31' title="bbox 104 3171 901 3249; baseline -0.003 -15"><span class='ocrx_word' id='word_1_268' title='bbox 104 3175 142 3234; x_wconf 89' lang='lat' dir='ltr'>ut</span> <span class='ocrx_word' id='word_1_269' title='bbox 157 3172 283 3234; x_wconf 83' lang='lat' dir='ltr'>excitet</span> <span class='ocrx_word' id='word_1_270' title='bbox 294 3171 335 3233; x_wconf 88' lang='lat' dir='ltr'>ad</span> <span class='ocrx_word' id='word_1_271' title='bbox 349 3171 433 3232; x_wconf 89' lang='lat' dir='ltr'>bene</span> <span class='ocrx_word' id='word_1_272' title='bbox 449 3173 671 3249; x_wconf 78' lang='lat' dir='ltr'>operandum3</span> <span class='ocrx_word' id='word_1_273' title='bbox 687 3173 728 3234; x_wconf 92' lang='lat' dir='ltr'>ad</span> <span class='ocrx_word' id='word_1_274' title='bbox 739 3172 901 3248; x_wconf 87' lang='lat' dir='ltr'>linguam,</span> 
     </span>
     <span class='ocr_line' id='line_1_32' title="bbox 104 3268 901 3346; baseline -0.001 -16"><span class='ocrx_word' id='word_1_275' title='bbox 104 3273 143 3331; x_wconf 91' lang='lat' dir='ltr'>ut</span> <span class='ocrx_word' id='word_1_276' title='bbox 152 3270 312 3346; x_wconf 85' lang='lat' dir='ltr'>provocet</span> <span class='ocrx_word' id='word_1_277' title='bbox 325 3269 366 3330; x_wconf 88' lang='lat' dir='ltr'>ad</span> <span class='ocrx_word' id='word_1_278' title='bbox 378 3269 614 3344; x_wconf 77' lang='lat' dir='ltr'>confitendum,</span> <span class='ocrx_word' id='word_1_279' title='bbox 630 3270 683 3331; x_wconf 79' lang='lat' dir='ltr'>rel</span> <span class='ocrx_word' id='word_1_280' title='bbox 699 3268 901 3331; x_wconf 87' lang='lat' dir='ltr'>laudandum</span> 
     </span>
     <span class='ocr_line' id='line_1_33' title="bbox 104 3366 901 3443; baseline 0 -15"><span class='ocrx_word' id='word_1_281' title='bbox 104 3369 222 3430; x_wconf 83' lang='lat' dir='ltr'>Deum.</span> <span class='ocrx_word' id='word_1_282' title='bbox 248 3367 364 3429; x_wconf 89' lang='lat' dir='ltr'>Item</span> <span class='ocrx_word' id='word_1_283' title='bbox 355 3367 443 3443; x_wconf 83' lang='lat' dir='ltr'>iguis</span> <span class='ocrx_word' id='word_1_284' title='bbox 463 3366 596 3428; x_wconf 89' lang='lat' dir='ltr'>subtilis</span> <span class='ocrx_word' id='word_1_285' title='bbox 618 3368 692 3428; x_wconf 91' lang='lat' dir='ltr'>est.</span> <span class='ocrx_word' id='word_1_286' title='bbox 710 3367 759 3428; x_wconf 93' lang='lat' dir='ltr'>sic</span> <span class='ocrx_word' id='word_1_287' title='bbox 780 3367 813 3427; x_wconf 92' lang='lat' dir='ltr'>et</span> <span class='ocrx_word' id='word_1_288' title='bbox 826 3366 901 3429; x_wconf 92' lang='lat' dir='ltr'>elo-</span> 
     </span>
     <span class='ocr_line' id='line_1_34' title="bbox 104 3461 903 3542; baseline 0.004 -19"><span class='ocrx_word' id='word_1_289' title='bbox 104 3464 222 3541; x_wconf 90' lang='lat' dir='ltr'>quium</span> <span class='ocrx_word' id='word_1_290' title='bbox 261 3463 341 3538; x_wconf 90' lang='lat' dir='ltr'>Dei;</span> <span class='ocrx_word' id='word_1_291' title='bbox 372 3463 459 3525; x_wconf 91' lang='lat' dir='ltr'>unde</span> <span class='ocrx_word' id='word_1_292' title='bbox 486 3461 737 3542; x_wconf 87' lang='lat' dir='ltr'>Ezechielis(1‚</span> <span class='ocrx_word' id='word_1_293' title='bbox 758 3462 815 3541; x_wconf 74' lang='grc' dir='ltr'>7ε)</span> <span class='ocrx_word' id='word_1_294' title='bbox 830 3465 903 3526; x_wconf 77' lang='lat' dir='ltr'>«Et</span> 
     </span>
     <span class='ocr_line' id='line_1_35' title="bbox 105 3559 901 3637; baseline -0.001 -16"><span class='ocrx_word' id='word_1_295' title='bbox 105 3560 263 3623; x_wconf 89' lang='lat' dir='ltr'>scintillae</span> <span class='ocrx_word' id='word_1_296' title='bbox 279 3561 375 3637; x_wconf 86' lang='lat' dir='ltr'>quasi</span> <span class='ocrx_word' id='word_1_297' title='bbox 402 3562 557 3637; x_wconf 88' lang='lat' dir='ltr'>aspectus</span> <span class='ocrx_word' id='word_1_298' title='bbox 586 3561 663 3621; x_wconf 85' lang='lat' dir='ltr'>aeris</span> <span class='ocrx_word' id='word_1_299' title='bbox 683 3559 901 3621; x_wconf 77' lang='lat' dir='ltr'>candentis.»</span> 
     </span>
     <span class='ocr_line' id='line_1_36' title="bbox 103 3656 898 3734; baseline 0.001 -16"><span class='ocrx_word' id='word_1_300' title='bbox 103 3656 217 3720; x_wconf 84' lang='lat' dir='ltr'>Verba</span> <span class='ocrx_word' id='word_1_301' title='bbox 239 3658 298 3720; x_wconf 90' lang='lat' dir='ltr'>Dei</span> <span class='ocrx_word' id='word_1_302' title='bbox 315 3657 441 3720; x_wconf 90' lang='lat' dir='ltr'>suntin</span> <span class='ocrx_word' id='word_1_303' title='bbox 452 3657 618 3734; x_wconf 91' lang='lat' dir='ltr'>principio</span> <span class='ocrx_word' id='word_1_304' title='bbox 633 3657 719 3718; x_wconf 89' lang='lat' dir='ltr'>sicut</span> <span class='ocrx_word' id='word_1_305' title='bbox 732 3657 898 3731; x_wconf 88' lang='lat' dir='ltr'>scintillae,</span> 
     </span>
     <span class='ocr_line' id='line_1_37' title="bbox 104 3753 901 3830; baseline 0.001 -15"><span class='ocrx_word' id='word_1_306' title='bbox 104 3753 163 3815; x_wconf 88' lang='lat' dir='ltr'>sed</span> <span class='ocrx_word' id='word_1_307' title='bbox 173 3754 666 3830; x_wconf 82' lang='lat' dir='ltr'>tamenmagnumignemexse</span> <span class='ocrx_word' id='word_1_308' title='bbox 677 3755 826 3816; x_wconf 88' lang='lat' dir='ltr'>eliciunt.</span> <span class='ocrx_word' id='word_1_309' title='bbox 841 3758 901 3816; x_wconf 87' lang='lat' dir='ltr'>Hae</span> 
     </span>
     <span class='ocr_line' id='line_1_38' title="bbox 104 3851 899 3929; baseline 0.001 -17"><span class='ocrx_word' id='word_1_310' title='bbox 104 3853 185 3913; x_wconf 86' lang='lat' dir='ltr'>sunt</span> <span class='ocrx_word' id='word_1_311' title='bbox 211 3851 363 3928; x_wconf 85' lang='lat' dir='ltr'>reliquiae</span> <span class='ocrx_word' id='word_1_312' title='bbox 387 3851 663 3927; x_wconf 81' lang='lat' dir='ltr'>fragmentorum,</span> <span class='ocrx_word' id='word_1_313' title='bbox 681 3868 753 3929; x_wconf 90' lang='lat' dir='ltr'>quae</span> <span class='ocrx_word' id='word_1_314' title='bbox 768 3852 899 3914; x_wconf 90' lang='lat' dir='ltr'>taudem</span> 
     </span>
    </p>
   </div>
   <div class='ocr_carea' id='block_1_7' title="bbox 105 3948 918 4026">
    <p class='ocr_par' dir='ltr' id='par_1_8' title="bbox 105 3948 918 4026">
     <span class='ocr_line' id='line_1_39' title="bbox 105 3948 918 4026; baseline 0 -16"><span class='ocrx_word' id='word_1_315' title='bbox 105 3948 329 4026; x_wconf 80' lang='lat' dir='ltr'>impleverunt</span> <span class='ocrx_word' id='word_1_316' title='bbox 342 3952 519 4010; x_wconf 83' lang='lat' dir='ltr'>duodecim</span> <span class='ocrx_word' id='word_1_317' title='bbox 534 3953 706 4024; x_wconf 75' lang='lat' dir='ltr'>cophinos,</span> <span class='ocrx_word' id='word_1_318' title='bbox 728 3951 764 4012; x_wconf 90' lang='lat' dir='ltr'>ut</span> <span class='ocrx_word' id='word_1_319' title='bbox 778 3948 918 4026; x_wconf 79' lang='lat' dir='ltr'>legitur¹</span> 
     </span>
    </p>
   </div>
   <div class='ocr_carea' id='block_1_8' title="bbox 100 4044 901 4707">
    <p class='ocr_par' dir='ltr' id='par_1_9' title="bbox 100 4044 901 4707">
     <span class='ocr_line' id='line_1_40' title="bbox 104 4044 899 4125; baseline -0.003 -16"><span class='ocrx_word' id='word_1_320' title='bbox 104 4047 141 4110; x_wconf 89' lang='lat' dir='ltr'>iu</span> <span class='ocrx_word' id='word_1_321' title='bbox 164 4046 347 4122; x_wconf 80' lang='lat' dir='ltr'>Evangelio</span> <span class='ocrx_word' id='word_1_322' title='bbox 364 4044 496 4124; x_wconf 88' lang='lat' dir='ltr'>(Matth.</span> <span class='ocrx_word' id='word_1_323' title='bbox 511 4049 560 4120; x_wconf 93' lang='grc'><strong>14,</strong></span> <span class='ocrx_word' id='word_1_324' title='bbox 575 4045 641 4125; x_wconf 81' lang='grc'>20).</span> <span class='ocrx_word' id='word_1_325' title='bbox 659 4046 786 4108; x_wconf 81' lang='lat' dir='ltr'>subtile</span> <span class='ocrx_word' id='word_1_326' title='bbox 799 4047 899 4107; x_wconf 90' lang='lat' dir='ltr'>etiam</span> 
     </span>
     <span class='ocr_line' id='line_1_41' title="bbox 104 4142 899 4220; baseline 0 -17"><span class='ocrx_word' id='word_1_327' title='bbox 104 4142 230 4205; x_wconf 89' lang='lat' dir='ltr'>dicitur</span> <span class='ocrx_word' id='word_1_328' title='bbox 257 4143 425 4219; x_wconf 91' lang='lat' dir='ltr'>eloquium</span> <span class='ocrx_word' id='word_1_329' title='bbox 458 4143 600 4215; x_wconf 88' lang='lat' dir='ltr'>Domini,</span> <span class='ocrx_word' id='word_1_330' title='bbox 632 4144 710 4220; x_wconf 91' lang='lat' dir='ltr'>quia</span> <span class='ocrx_word' id='word_1_331' title='bbox 736 4142 899 4220; x_wconf 81' lang='lat' dir='ltr'>profunda</span> 
     </span>
     <span class='ocr_line' id='line_1_42' title="bbox 104 4240 901 4315; baseline -0.004 -10"><span class='ocrx_word' id='word_1_332' title='bbox 104 4241 288 4306; x_wconf 86' lang='lat' dir='ltr'>scrutatur.</span> <span class='ocrx_word' id='word_1_333' title='bbox 317 4241 407 4315; x_wconf 90' lang='lat' dir='ltr'>Ignis</span> <span class='ocrx_word' id='word_1_334' title='bbox 437 4240 568 4306; x_wconf 82' lang='lat' dir='ltr'>lucidus</span> <span class='ocrx_word' id='word_1_335' title='bbox 601 4242 651 4301; x_wconf 87' lang='lat' dir='ltr'>est</span> <span class='ocrx_word' id='word_1_336' title='bbox 668 4262 674 4300; x_wconf 91' lang='lat'>:</span> <span class='ocrx_word' id='word_1_337' title='bbox 694 4242 743 4301; x_wconf 90' lang='lat' dir='ltr'>sic</span> <span class='ocrx_word' id='word_1_338' title='bbox 769 4241 802 4302; x_wconf 88' lang='lat' dir='ltr'>et</span> <span class='ocrx_word' id='word_1_339' title='bbox 829 4241 901 4302; x_wconf 90' lang='lat' dir='ltr'>elo·</span> 
     </span>
     <span class='ocr_line' id='line_1_43' title="bbox 104 4336 898 4418; baseline 0 -18"><span class='ocrx_word' id='word_1_340' title='bbox 104 4341 221 4418; x_wconf 88' lang='lat' dir='ltr'>quium</span> <span class='ocrx_word' id='word_1_341' title='bbox 250 4337 401 4413; x_wconf 92' lang='lat' dir='ltr'>Domini;</span> <span class='ocrx_word' id='word_1_342' title='bbox 422 4336 650 4399; x_wconf 78' lang='lat' dir='ltr'>undechmu&#39;</span> <span class='ocrx_word' id='word_1_343' title='bbox 666 4338 819 4399; x_wconf 77' lang='lat' dir='ltr'>accendit</span> <span class='ocrx_word' id='word_1_344' title='bbox 842 4343 898 4400; x_wconf 80' lang='lat' dir='ltr'>lu·</span> 
     </span>
     <span class='ocr_line' id='line_1_44' title="bbox 102 4435 900 4510; baseline -0.003 -11"><span class='ocrx_word' id='word_1_345' title='bbox 102 4451 264 4507; x_wconf 76' lang='lat' dir='ltr'>cernam,</span> <span class='ocrx_word' id='word_1_346' title='bbox 292 4437 326 4498; x_wconf 84' lang='lat' dir='ltr'>ct</span> <span class='ocrx_word' id='word_1_347' title='bbox 354 4435 452 4510; x_wconf 80' lang='lat' dir='ltr'>ponit</span> <span class='ocrx_word' id='word_1_348' title='bbox 487 4449 566 4496; x_wconf 84' lang='lat' dir='ltr'>cam</span> <span class='ocrx_word' id='word_1_349' title='bbox 592 4437 654 4496; x_wconf 82' lang='lat' dir='ltr'>sub</span> <span class='ocrx_word' id='word_1_350' title='bbox 678 4438 814 4507; x_wconf 80' lang='lat' dir='ltr'>modio,</span> <span class='ocrx_word' id='word_1_351' title='bbox 840 4439 900 4497; x_wconf 83' lang='lat' dir='ltr'>sed</span> 
     </span>
     <span class='ocr_line' id='line_1_45' title="bbox 100 4532 899 4608; baseline -0.004 -12"><span class='ocrx_word' id='word_1_352' title='bbox 100 4548 210 4607; x_wconf 75' lang='lat' dir='ltr'>scher</span> <span class='ocrx_word' id='word_1_353' title='bbox 232 4535 485 4603; x_wconf 76' lang='lat' dir='ltr'>corzdelodrum,</span> <span class='ocrx_word' id='word_1_354' title='bbox 514 4532 552 4592; x_wconf 84' lang='lat' dir='ltr'>ut</span> <span class='ocrx_word' id='word_1_355' title='bbox 575 4536 633 4606; x_wconf 82' lang='lat' dir='ltr'>qai</span> <span class='ocrx_word' id='word_1_356' title='bbox 653 4533 899 4608; x_wconf 76' lang='lat' dir='ltr'>ingrediantur</span> 
     </span>
     <span class='ocr_line' id='line_1_46' title="bbox 101 4626 896 4707; baseline -0.004 -14"><span class='ocrx_word' id='word_1_357' title='bbox 101 4631 381 4701; x_wconf 80' lang='lat' dir='ltr'>tuowcvtdcaat,</span> <span class='ocrx_word' id='word_1_358' title='bbox 397 4629 450 4690; x_wconf 81' lang='lat' dir='ltr'>vel</span> <span class='ocrx_word' id='word_1_359' title='bbox 463 4627 609 4694; x_wconf 85' lang='lat' dir='ltr'>habeant</span> <span class='ocrx_word' id='word_1_360' title='bbox 623 4626 749 4707; x_wconf 88' lang='lat' dir='ltr'>(Lucae,</span> <span class='ocrx_word' id='word_1_361' title='bbox 766 4630 816 4704; x_wconf 90' lang='lat' dir='ltr'>ll,</span> <span class='ocrx_word' id='word_1_362' title='bbox 830 4629 896 4707; x_wconf 88' lang='lat'><strong>33).</strong></span> 
     </span>
    </p>
   </div>
   <div class='ocr_carea' id='block_1_9' title="bbox 317 4771 679 4834">
    <p class='ocr_par' dir='ltr' id='par_1_10' title="bbox 317 4771 679 4834">
     <span class='ocr_line' id='line_1_47' title="bbox 317 4771 679 4834; baseline 0.008 -3"><span class='ocrx_word' id='word_1_363' title='bbox 317 4771 457 4832; x_wconf 87' lang='lat' dir='ltr'>SERMO</span> <span class='ocrx_word' id='word_1_364' title='bbox 482 4771 679 4834; x_wconf 69' lang='lat' dir='ltr'>ccxxxii.</span> 
     </span>
    </p>
   </div>
   <div class='ocr_carea' id='block_1_10' title="bbox 101 4890 898 5142">
    <p class='ocr_par' dir='ltr' id='par_1_11' title="bbox 101 4890 898 5142">
     <span class='ocr_line' id='line_1_48' title="bbox 101 4890 898 4965; baseline -0.003 -13"><span class='ocrx_word' id='word_1_365' title='bbox 101 4895 144 4952; x_wconf 90' lang='lat' dir='ltr'>De</span> <span class='ocrx_word' id='word_1_366' title='bbox 154 4892 282 4949; x_wconf 89' lang='lat' dir='ltr'>clamore</span> <span class='ocrx_word' id='word_1_367' title='bbox 291 4892 450 4965; x_wconf 84' lang='lat' dir='ltr'>peccatoris</span> <span class='ocrx_word' id='word_1_368' title='bbox 466 4890 502 4948; x_wconf 86' lang='lat' dir='ltr'>ad</span> <span class='ocrx_word' id='word_1_369' title='bbox 511 4895 614 4962; x_wconf 88' lang='lat' dir='ltr'>Deum,</span> <span class='ocrx_word' id='word_1_370' title='bbox 623 4894 689 4965; x_wconf 88' lang='lat' dir='ltr'>quia</span> <span class='ocrx_word' id='word_1_371' title='bbox 706 4892 898 4950; x_wconf 86' lang='lat' dir='ltr'>circumdatur</span> 
     </span>
     <span class='ocr_line' id='line_1_49' title="bbox 138 4979 895 5054; baseline 0.003 -16"><span class='ocrx_word' id='word_1_372' title='bbox 138 4996 154 5038; x_wconf 86' lang='grc' dir='ltr'>ο</span> <span class='ocrx_word' id='word_1_373' title='bbox 169 4994 269 5047; x_wconf 86' lang='lat' dir='ltr'>carne,</span> <span class='ocrx_word' id='word_1_374' title='bbox 282 4986 441 5054; x_wconf 72' lang='lat' dir='ltr'>spermate,</span> <span class='ocrx_word' id='word_1_375' title='bbox 455 4996 470 5037; x_wconf 92' lang='lat' dir='ltr'>a</span> <span class='ocrx_word' id='word_1_376' title='bbox 486 4979 617 5050; x_wconf 87' lang='lat' dir='ltr'>diabolo;</span> <span class='ocrx_word' id='word_1_377' title='bbox 633 4988 664 5038; x_wconf 84' lang='lat' dir='ltr'>et</span> <span class='ocrx_word' id='word_1_378' title='bbox 677 4980 754 5053; x_wconf 91' lang='lat' dir='ltr'>quod</span> <span class='ocrx_word' id='word_1_379' title='bbox 766 4983 895 5040; x_wconf 87' lang='lat' dir='ltr'>clamau-</span> 
     </span>
     <span class='ocr_line' id='line_1_50' title="bbox 137 5066 718 5142; baseline 0 -15"><span class='ocrx_word' id='word_1_380' title='bbox 137 5067 270 5136; x_wconf 83' lang='lat' dir='ltr'>domita,</span> <span class='ocrx_word' id='word_1_381' title='bbox 286 5066 363 5140; x_wconf 90' lang='lat' dir='ltr'>quod</span> <span class='ocrx_word' id='word_1_382' title='bbox 378 5075 520 5126; x_wconf 88' lang='lat' dir='ltr'>souetcor</span> <span class='ocrx_word' id='word_1_383' title='bbox 531 5082 595 5125; x_wconf 90' lang='lat' dir='ltr'>cum</span> <span class='ocrx_word' id='word_1_384' title='bbox 607 5069 718 5142; x_wconf 88' lang='lat' dir='ltr'>lingua.</span> 
     </span>
    </p>
   </div>
   <div class='ocr_carea' id='block_1_11' title="bbox 102 5193 879 5370">
    <p class='ocr_par' dir='ltr' id='par_1_12' title="bbox 102 5193 879 5370">
     <span class='ocr_line' id='line_1_51' title="bbox 102 5193 879 5264; baseline 0 -7"><span class='ocrx_word' id='word_1_385' title='bbox 102 5196 259 5257; x_wconf 73' lang='lat' dir='ltr'>Cmrrraci</span> <span class='ocrx_word' id='word_1_386' title='bbox 277 5196 314 5254; x_wconf 83' lang='lat' dir='ltr'>tn</span> <span class='ocrx_word' id='word_1_387' title='bbox 337 5193 406 5254; x_wconf 84' lang='lat' dir='ltr'>toto</span> <span class='ocrx_word' id='word_1_388' title='bbox 431 5197 533 5255; x_wconf 83' lang='lat' dir='ltr'>corde</span> <span class='ocrx_word' id='word_1_389' title='bbox 560 5208 648 5264; x_wconf 75' lang='lat' dir='ltr'>ineo,</span> <span class='ocrx_word' id='word_1_390' title='bbox 673 5199 804 5257; x_wconf 72' lang='lat' dir='ltr'>eccardi</span> <span class='ocrx_word' id='word_1_391' title='bbox 823 5210 879 5257; x_wconf 83' lang='lat' dir='ltr'>me</span> 
     </span>
     <span class='ocr_line' id='line_1_52' title="bbox 184 5289 737 5370; baseline -0.004 -16"><span class='ocrx_word' id='word_1_392' title='bbox 184 5341 191 5354; x_wconf 77' lang='lat'>.</span> <span class='ocrx_word' id='word_1_393' title='bbox 262 5293 419 5352; x_wconf 78' lang='lat' dir='ltr'>Domine.</span> <span class='ocrx_word' id='word_1_394' title='bbox 436 5289 540 5370; x_wconf 88' lang='lat' dir='ltr'>(Psal.</span> <span class='ocrx_word' id='word_1_395' title='bbox 559 5292 627 5362; x_wconf 89' lang='grc'><strong>118,</strong></span> <span class='ocrx_word' id='word_1_396' title='bbox 651 5290 737 5370; x_wconf 87' lang='grc'>145.)</span> 
     </span>
    </p>
   </div>
   <div class='ocr_carea' id='block_1_12' title="bbox 142 5413 897 5493">
    <p class='ocr_par' dir='ltr' id='par_1_13' title="bbox 142 5413 897 5493">
     <span class='ocr_line' id='line_1_53' title="bbox 142 5413 897 5493; baseline 0 -17"><span class='ocrx_word' id='word_1_397' title='bbox 142 5413 326 5476; x_wconf 81' lang='lat' dir='ltr'>conclusus</span> <span class='ocrx_word' id='word_1_398' title='bbox 340 5413 387 5493; x_wconf 84' lang='lat'>(2)</span> <span class='ocrx_word' id='word_1_399' title='bbox 405 5413 528 5476; x_wconf 86' lang='lat' dir='ltr'>cla&#39;mat</span> <span class='ocrx_word' id='word_1_400' title='bbox 540 5414 582 5475; x_wconf 91' lang='lat' dir='ltr'>ad</span> <span class='ocrx_word' id='word_1_401' title='bbox 604 5414 792 5477; x_wconf 91' lang='lat' dir='ltr'>Dominum.</span> <span class='ocrx_word' id='word_1_402' title='bbox 809 5417 897 5479; x_wconf 86' lang='lat' dir='ltr'>Con·</span> 
     </span>
    </p>
   </div>
   <div class='ocr_carea' id='block_1_13' title="bbox 137 5605 435 5680">
    <p class='ocr_par' dir='ltr' id='par_1_14' title="bbox 137 5605 435 5680">
     <span class='ocr_line' id='line_1_54' title="bbox 137 5605 435 5680; baseline 0.003 -16"><span class='ocrx_word' id='word_1_403' title='bbox 137 5609 178 5678; x_wconf 88' lang='grc'>(1)</span> <span class='ocrx_word' id='word_1_404' title='bbox 194 5607 279 5680; x_wconf 88' lang='lat' dir='ltr'>Vulg.</span> <span class='ocrx_word' id='word_1_405' title='bbox 293 5621 301 5665; x_wconf 74' lang='grc' dir='ltr'>ι</span> <span class='ocrx_word' id='word_1_406' title='bbox 315 5605 435 5665; x_wconf 85' lang='lat' dir='ltr'>voravit.</span> 
     </span>
    </p>
   </div>
   <div class='ocr_carea' id='block_1_14' title="bbox 952 1718 1773 2481">
    <p class='ocr_par' dir='ltr' id='par_1_15' title="bbox 952 1718 1773 2481">
     <span class='ocr_line' id='line_1_55' title="bbox 958 1718 1754 1783; baseline -0.006 -2"><span class='ocrx_word' id='word_1_407' title='bbox 958 1720 1137 1782; x_wconf 91' lang='lat' dir='ltr'>concilium</span> <span class='ocrx_word' id='word_1_408' title='bbox 1148 1720 1279 1783; x_wconf 88' lang='lat' dir='ltr'>laborat</span> <span class='ocrx_word' id='word_1_409' title='bbox 1300 1720 1341 1781; x_wconf 90' lang='lat' dir='ltr'>ad</span> <span class='ocrx_word' id='word_1_410' title='bbox 1359 1718 1613 1780; x_wconf 75' lang='lat' dir='ltr'>rechillandam</span> <span class='ocrx_word' id='word_1_411' title='bbox 1628 1732 1754 1778; x_wconf 89' lang='lat' dir='ltr'>concu-</span> 
     </span>
     <span class='ocr_line' id='line_1_56' title="bbox 957 1813 1752 1895; baseline -0.004 -17"><span class='ocrx_word' id='word_1_412' title='bbox 957 1818 1154 1895; x_wconf 91' lang='lat' dir='ltr'>piscentiam</span> <span class='ocrx_word' id='word_1_413' title='bbox 1180 1818 1303 1890; x_wconf 87' lang='lat' dir='ltr'>caruis,</span> <span class='ocrx_word' id='word_1_414' title='bbox 1319 1817 1475 1888; x_wconf 88' lang='lat' dir='ltr'>terrenis,</span> <span class='ocrx_word' id='word_1_415' title='bbox 1492 1817 1524 1878; x_wconf 90' lang='lat' dir='ltr'>et</span> <span class='ocrx_word' id='word_1_416' title='bbox 1540 1815 1636 1877; x_wconf 81' lang='lat' dir='ltr'>vanis</span> <span class='ocrx_word' id='word_1_417' title='bbox 1654 1813 1752 1875; x_wconf 89' lang='lat' dir='ltr'>illec-</span> 
     </span>
     <span class='ocr_line' id='line_1_57' title="bbox 957 1910 1752 1989; baseline -0.008 -12"><span class='ocrx_word' id='word_1_418' title='bbox 957 1919 1024 1977; x_wconf 87' lang='lat' dir='ltr'>tam</span> <span class='ocrx_word' id='word_1_419' title='bbox 1041 1916 1228 1988; x_wconf 90' lang='lat' dir='ltr'>desideriis,</span> <span class='ocrx_word' id='word_1_420' title='bbox 1249 1915 1306 1976; x_wconf 90' lang='lat' dir='ltr'>sed</span> <span class='ocrx_word' id='word_1_421' title='bbox 1323 1915 1386 1976; x_wconf 88' lang='lat' dir='ltr'>hoc</span> <span class='ocrx_word' id='word_1_422' title='bbox 1407 1914 1443 1975; x_wconf 92' lang='lat' dir='ltr'>in</span> <span class='ocrx_word' id='word_1_423' title='bbox 1457 1929 1592 1984; x_wconf 82' lang='lat' dir='ltr'>vanum,</span> <span class='ocrx_word' id='word_1_424' title='bbox 1605 1912 1683 1989; x_wconf 90' lang='lat' dir='ltr'>quia</span> <span class='ocrx_word' id='word_1_425' title='bbox 1698 1910 1752 1971; x_wconf 90' lang='lat' dir='ltr'>his</span> 
     </span>
     <span class='ocr_line' id='line_1_58' title="bbox 952 2007 1749 2088; baseline -0.009 -14"><span class='ocrx_word' id='word_1_426' title='bbox 952 2018 1023 2075; x_wconf 81' lang='lat' dir='ltr'>&#39;non</span> <span class='ocrx_word' id='word_1_427' title='bbox 1053 2014 1275 2088; x_wconf 90' lang='lat' dir='ltr'>saturabitur;</span> <span class='ocrx_word' id='word_1_428' title='bbox 1302 2012 1389 2073; x_wconf 93' lang='lat' dir='ltr'>unde</span> <span class='ocrx_word' id='word_1_429' title='bbox 1415 2011 1570 2074; x_wconf 85' lang='lat' dir='ltr'>Jeremiae</span> <span class='ocrx_word' id='word_1_430' title='bbox 1592 2007 1637 2088; x_wconf 89' lang='grc'>(4,</span> <span class='ocrx_word' id='word_1_431' title='bbox 1666 2007 1749 2087; x_wconf 75' lang='grc' dir='ltr'>23)ι</span> 
     </span>
     <span class='ocr_line' id='line_1_59' title="bbox 956 2098 1773 2186; baseline -0.009 -14"><span class='ocrx_word' id='word_1_432' title='bbox 956 2098 1112 2186; x_wconf 76' lang='lat' dir='ltr'>«aspexi</span> <span class='ocrx_word' id='word_1_433' title='bbox 1131 2112 1266 2182; x_wconf 91' lang='lat' dir='ltr'>terram,</span> <span class='ocrx_word' id='word_1_434' title='bbox 1285 2113 1318 2171; x_wconf 91' lang='lat' dir='ltr'>et</span> <span class='ocrx_word' id='word_1_435' title='bbox 1331 2125 1408 2171; x_wconf 89' lang='lat' dir='ltr'>ecce</span> <span class='ocrx_word' id='word_1_436' title='bbox 1423 2124 1529 2170; x_wconf 85' lang='lat' dir='ltr'>vacua</span> <span class='ocrx_word' id='word_1_437' title='bbox 1545 2109 1628 2179; x_wconf 87' lang='lat' dir='ltr'>erat,</span> <span class='ocrx_word' id='word_1_438' title='bbox 1641 2106 1674 2167; x_wconf 93' lang='lat' dir='ltr'>et</span> <span class='ocrx_word' id='word_1_439' title='bbox 1692 2106 1750 2165; x_wconf 90' lang='lat' dir='ltr'>ni·</span> <span class='ocrx_word' id='word_1_440' title='bbox 1769 2164 1773 2174; x_wconf 87' lang='grc'><strong>,</strong></span> 
     </span>
     <span class='ocr_line' id='line_1_60' title="bbox 957 2202 1752 2284; baseline -0.006 -16"><span class='ocrx_word' id='word_1_441' title='bbox 957 2208 1016 2269; x_wconf 89' lang='lat' dir='ltr'>hil.</span> <span class='ocrx_word' id='word_1_442' title='bbox 1033 2226 1052 2269; x_wconf 75' lang='lat' dir='ltr'>s</span> <span class='ocrx_word' id='word_1_443' title='bbox 1077 2208 1168 2280; x_wconf 89' lang='lat' dir='ltr'>Quod</span> <span class='ocrx_word' id='word_1_444' title='bbox 1183 2209 1288 2284; x_wconf 89' lang='lat' dir='ltr'>igitur</span> <span class='ocrx_word' id='word_1_445' title='bbox 1304 2222 1447 2268; x_wconf 82' lang='lat' dir='ltr'>vacuum</span> <span class='ocrx_word' id='word_1_446' title='bbox 1462 2206 1523 2276; x_wconf 90' lang='lat' dir='ltr'>est,</span> <span class='ocrx_word' id='word_1_447' title='bbox 1547 2219 1615 2265; x_wconf 90' lang='lat' dir='ltr'>nen</span> <span class='ocrx_word' id='word_1_448' title='bbox 1641 2202 1752 2279; x_wconf 91' lang='lat' dir='ltr'>potest</span> 
     </span>
     <span class='ocr_line' id='line_1_61' title="bbox 956 2298 1751 2381; baseline -0.008 -16"><span class='ocrx_word' id='word_1_449' title='bbox 956 2304 1047 2366; x_wconf 92' lang='lat' dir='ltr'>aliud</span> <span class='ocrx_word' id='word_1_450' title='bbox 1061 2306 1218 2381; x_wconf 89' lang='lat' dir='ltr'>implere:</span> <span class='ocrx_word' id='word_1_451' title='bbox 1235 2306 1264 2367; x_wconf 90' lang='lat' dir='ltr'>si</span> <span class='ocrx_word' id='word_1_452' title='bbox 1283 2304 1368 2365; x_wconf 89' lang='lat' dir='ltr'>nihil</span> <span class='ocrx_word' id='word_1_453' title='bbox 1383 2308 1444 2375; x_wconf 90' lang='lat' dir='ltr'>est,</span> <span class='ocrx_word' id='word_1_454' title='bbox 1470 2303 1510 2364; x_wconf 92' lang='lat' dir='ltr'>de</span> <span class='ocrx_word' id='word_1_455' title='bbox 1534 2302 1640 2362; x_wconf 92' lang='lat' dir='ltr'>nihilo</span> <span class='ocrx_word' id='word_1_456' title='bbox 1664 2298 1751 2360; x_wconf 89' lang='lat' dir='ltr'>nihil</span> 
     </span>
     <span class='ocr_line' id='line_1_62' title="bbox 955 2398 1752 2481; baseline -0.008 -17"><span class='ocrx_word' id='word_1_457' title='bbox 955 2403 1157 2481; x_wconf 86' lang='lat' dir='ltr'>implebitur.</span> <span class='ocrx_word' id='word_1_458' title='bbox 1197 2406 1244 2466; x_wconf 91' lang='lat' dir='ltr'>De</span> <span class='ocrx_word' id='word_1_459' title='bbox 1279 2402 1435 2465; x_wconf 86' lang='lat' dir='ltr'>concluso</span> <span class='ocrx_word' id='word_1_460' title='bbox 1458 2400 1581 2476; x_wconf 88' lang='lat' dir='ltr'>legitur</span> <span class='ocrx_word' id='word_1_461' title='bbox 1607 2398 1643 2459; x_wconf 93' lang='lat' dir='ltr'>in</span> <span class='ocrx_word' id='word_1_462' title='bbox 1669 2399 1752 2458; x_wconf 83' lang='lat' dir='ltr'>Eze-</span> 
     </span>
    </p>
   </div>
   <div class='ocr_carea' id='block_1_15' title="bbox 955 2495 1882 2578">
    <p class='ocr_par' dir='ltr' id='par_1_16' title="bbox 955 2495 1882 2578">
     <span class='ocr_line' id='line_1_63' title="bbox 955 2495 1882 2578; baseline -0.009 -17"><span class='ocrx_word' id='word_1_463' title='bbox 955 2499 1064 2561; x_wconf 90' lang='lat' dir='ltr'>chiele</span> <span class='ocrx_word' id='word_1_464' title='bbox 1077 2496 1121 2578; x_wconf 88' lang='grc'>(7,</span> <span class='ocrx_word' id='word_1_465' title='bbox 1133 2499 1218 2561; x_wconf 83' lang='lat' dir='ltr'>23ad</span> <span class='ocrx_word' id='word_1_466' title='bbox 1230 2497 1283 2577; x_wconf 85' lang='lat'>26)</span> <span class='ocrx_word' id='word_1_467' title='bbox 1299 2520 1306 2559; x_wconf 91' lang='lat'><strong>:</strong></span> <span class='ocrx_word' id='word_1_468' title='bbox 1320 2501 1385 2559; x_wconf 84' lang='lat' dir='ltr'>Fac</span> <span class='ocrx_word' id='word_1_469' title='bbox 1398 2495 1657 2567; x_wconf 88' lang='lat' dir='ltr'>conclusionem,</span> <span class='ocrx_word' id='word_1_470' title='bbox 1672 2508 1752 2570; x_wconf 90' lang='lat' dir='ltr'>quo·</span> <span class='ocrx_word' id='word_1_471' title='bbox 1881 2536 1882 2541; x_wconf 18' lang='grc' dir='ltr'>ι</span> 
     </span>
    </p>
   </div>
   <div class='ocr_carea' id='block_1_16' title="bbox 951 2592 1807 5202">
    <p class='ocr_par' dir='ltr' id='par_1_17' title="bbox 953 2592 1807 4519">
     <span class='ocr_line' id='line_1_64' title="bbox 956 2592 1750 2674; baseline -0.008 -16"><span class='ocrx_word' id='word_1_472' title='bbox 956 2598 1046 2658; x_wconf 88' lang='lat' dir='ltr'>niam</span> <span class='ocrx_word' id='word_1_473' title='bbox 1059 2599 1150 2659; x_wconf 89' lang='lat' dir='ltr'>terra</span> <span class='ocrx_word' id='word_1_474' title='bbox 1163 2597 1260 2674; x_wconf 92' lang='lat' dir='ltr'>plena</span> <span class='ocrx_word' id='word_1_475' title='bbox 1276 2596 1326 2657; x_wconf 90' lang='lat' dir='ltr'>est</span> <span class='ocrx_word' id='word_1_476' title='bbox 1342 2594 1470 2672; x_wconf 85' lang='lat' dir='ltr'>judicio</span> <span class='ocrx_word' id='word_1_477' title='bbox 1486 2593 1703 2669; x_wconf 84' lang='lat' dir='ltr'>sanguinum,</span> <span class='ocrx_word' id='word_1_478' title='bbox 1717 2592 1750 2652; x_wconf 91' lang='lat' dir='ltr'>et</span> 
     </span>
     <span class='ocr_line' id='line_1_65' title="bbox 955 2690 1751 2771; baseline -0.008 -17"><span class='ocrx_word' id='word_1_479' title='bbox 955 2694 1074 2756; x_wconf 87' lang='lat' dir='ltr'>civitas</span> <span class='ocrx_word' id='word_1_480' title='bbox 1083 2696 1180 2771; x_wconf 91' lang='lat' dir='ltr'>plena</span> <span class='ocrx_word' id='word_1_481' title='bbox 1191 2694 1242 2755; x_wconf 91' lang='lat' dir='ltr'>est</span> <span class='ocrx_word' id='word_1_482' title='bbox 1256 2692 1443 2769; x_wconf 88' lang='lat' dir='ltr'>iniquitate.</span> <span class='ocrx_word' id='word_1_483' title='bbox 1456 2694 1495 2752; x_wconf 84' lang='lat' dir='ltr'>Et</span> <span class='ocrx_word' id='word_1_484' title='bbox 1505 2690 1666 2751; x_wconf 91' lang='lat' dir='ltr'>adducam</span> <span class='ocrx_word' id='word_1_485' title='bbox 1679 2703 1751 2765; x_wconf 90' lang='lat' dir='ltr'>pes·</span> 
     </span>
     <span class='ocr_line' id='line_1_66' title="bbox 956 2789 1752 2867; baseline -0.008 -15"><span class='ocrx_word' id='word_1_486' title='bbox 956 2792 1057 2852; x_wconf 89' lang='lat' dir='ltr'>simos</span> <span class='ocrx_word' id='word_1_487' title='bbox 1068 2791 1108 2852; x_wconf 92' lang='lat' dir='ltr'>de</span> <span class='ocrx_word' id='word_1_488' title='bbox 1118 2790 1283 2867; x_wconf 89' lang='lat' dir='ltr'>gentibus,</span> <span class='ocrx_word' id='word_1_489' title='bbox 1293 2789 1598 2851; x_wconf 87' lang='lat' dir='ltr'>scilicetdaemones</span> <span class='ocrx_word' id='word_1_490' title='bbox 1609 2808 1616 2847; x_wconf 74' lang='grc' dir='ltr'><strong><em>ε</em></strong></span> <span class='ocrx_word' id='word_1_491' title='bbox 1628 2789 1660 2847; x_wconf 93' lang='lat' dir='ltr'>et</span> <span class='ocrx_word' id='word_1_492' title='bbox 1673 2801 1752 2862; x_wconf 88' lang='lat' dir='ltr'>pos-</span> 
     </span>
     <span class='ocr_line' id='line_1_67' title="bbox 956 2883 1748 2959; baseline -0.006 -11"><span class='ocrx_word' id='word_1_493' title='bbox 956 2888 1111 2950; x_wconf 91' lang='lat' dir='ltr'>sidebunt</span> <span class='ocrx_word' id='word_1_494' title='bbox 1124 2887 1238 2950; x_wconf 90' lang='lat' dir='ltr'>domos</span> <span class='ocrx_word' id='word_1_495' title='bbox 1247 2903 1375 2959; x_wconf 89' lang='lat' dir='ltr'>eorum,</span> <span class='ocrx_word' id='word_1_496' title='bbox 1390 2902 1456 2947; x_wconf 92' lang='lat' dir='ltr'>non</span> <span class='ocrx_word' id='word_1_497' title='bbox 1465 2886 1593 2947; x_wconf 88' lang='lat' dir='ltr'>tantum</span> <span class='ocrx_word' id='word_1_498' title='bbox 1606 2883 1748 2954; x_wconf 83' lang='lat' dir='ltr'>animae,</span> 
     </span>
     <span class='ocr_line' id='line_1_68' title="bbox 956 2981 1752 3062; baseline -0.009 -16"><span class='ocrx_word' id='word_1_499' title='bbox 956 2986 1013 3046; x_wconf 91' lang='lat' dir='ltr'>sed</span> <span class='ocrx_word' id='word_1_500' title='bbox 1029 2987 1062 3047; x_wconf 93' lang='lat' dir='ltr'>et</span> <span class='ocrx_word' id='word_1_501' title='bbox 1076 2999 1236 3062; x_wconf 88' lang='lat' dir='ltr'>corpora:</span> <span class='ocrx_word' id='word_1_502' title='bbox 1253 2986 1286 3047; x_wconf 90' lang='lat' dir='ltr'>et</span> <span class='ocrx_word' id='word_1_503' title='bbox 1305 2984 1480 3061; x_wconf 86' lang='lat' dir='ltr'>quiescere</span> <span class='ocrx_word' id='word_1_504' title='bbox 1496 2981 1617 3043; x_wconf 82' lang='lat' dir='ltr'>faciam</span> <span class='ocrx_word' id='word_1_505' title='bbox 1632 2994 1752 3056; x_wconf 90' lang='lat' dir='ltr'>super-</span> 
     </span>
     <span class='ocr_line' id='line_1_69' title="bbox 956 3077 1747 3162; baseline -0.009 -20"><span class='ocrx_word' id='word_1_506' title='bbox 956 3082 1045 3145; x_wconf 88' lang='lat' dir='ltr'>biam</span> <span class='ocrx_word' id='word_1_507' title='bbox 1069 3084 1239 3162; x_wconf 91' lang='lat' dir='ltr'>poteutum</span> <span class='ocrx_word' id='word_1_508' title='bbox 1256 3081 1441 3157; x_wconf 85' lang='lat' dir='ltr'>:Angustia</span> <span class='ocrx_word' id='word_1_509' title='bbox 1468 3077 1747 3156; x_wconf 87' lang='lat' dir='ltr'>superveniente,</span> 
     </span>
     <span class='ocr_line' id='line_1_70' title="bbox 955 3174 1752 3258; baseline -0.014 -16"><span class='ocrx_word' id='word_1_510' title='bbox 955 3182 1129 3258; x_wconf 88' lang='lat' dir='ltr'>requirent</span> <span class='ocrx_word' id='word_1_511' title='bbox 1151 3195 1268 3258; x_wconf 90' lang='lat' dir='ltr'>paoem</span> <span class='ocrx_word' id='word_1_512' title='bbox 1287 3177 1458 3258; x_wconf 89' lang='lat' dir='ltr'>(diceutes</span> <span class='ocrx_word' id='word_1_513' title='bbox 1480 3174 1646 3236; x_wconf 91' lang='lat' dir='ltr'>montibus</span> <span class='ocrx_word' id='word_1_514' title='bbox 1663 3190 1671 3233; x_wconf 79' lang='grc' dir='ltr'>ε</span> <span class='ocrx_word' id='word_1_515' title='bbox 1686 3174 1752 3232; x_wconf 83' lang='lat' dir='ltr'>Ga-</span> 
     </span>
     <span class='ocr_line' id='line_1_71' title="bbox 954 3265 1748 3354; baseline -0.013 -17"><span class='ocrx_word' id='word_1_516' title='bbox 954 3277 1023 3338; x_wconf 90' lang='lat' dir='ltr'>dite</span> <span class='ocrx_word' id='word_1_517' title='bbox 1047 3292 1148 3354; x_wconf 92' lang='lat' dir='ltr'>super</span> <span class='ocrx_word' id='word_1_518' title='bbox 1174 3292 1253 3349; x_wconf 80' lang='lat' dir='ltr'>nos3</span> <span class='ocrx_word' id='word_1_519' title='bbox 1270 3276 1303 3337; x_wconf 90' lang='lat' dir='ltr'>et</span> <span class='ocrx_word' id='word_1_520' title='bbox 1317 3272 1458 3335; x_wconf 92' lang='lat' dir='ltr'>collibus</span> <span class='ocrx_word' id='word_1_521' title='bbox 1475 3270 1629 3348; x_wconf 84' lang='lat' dir='ltr'>:operite</span> <span class='ocrx_word' id='word_1_522' title='bbox 1650 3265 1748 3345; x_wconf 72' lang='lat' dir='ltr'>noel:</span> 
     </span>
     <span class='ocr_line' id='line_1_72' title="bbox 955 3355 1768 3450; baseline -0.014 -15"><span class='ocrx_word' id='word_1_523' title='bbox 955 3376 995 3434; x_wconf 89' lang='lat' dir='ltr'>Et</span> <span class='ocrx_word' id='word_1_524' title='bbox 1008 3390 1075 3435; x_wconf 90' lang='lat' dir='ltr'>non</span> <span class='ocrx_word' id='word_1_525' title='bbox 1086 3373 1150 3435; x_wconf 91' lang='lat' dir='ltr'>erit</span> <span class='ocrx_word' id='word_1_526' title='bbox 1162 3388 1238 3450; x_wconf 87' lang='lat' dir='ltr'>pax,</span> <span class='ocrx_word' id='word_1_527' title='bbox 1255 3371 1312 3433; x_wconf 88' lang='lat' dir='ltr'>sed</span> <span class='ocrx_word' id='word_1_528' title='bbox 1327 3368 1536 3432; x_wconf 88' lang='lat' dir='ltr'>conturbatio</span> <span class='ocrx_word' id='word_1_529' title='bbox 1552 3381 1652 3442; x_wconf 89' lang='lat' dir='ltr'>super</span> <span class='ocrx_word' id='word_1_530' title='bbox 1664 3380 1749 3425; x_wconf 90' lang='lat' dir='ltr'>con·</span> <span class='ocrx_word' id='word_1_531' title='bbox 1764 3355 1768 3362; x_wconf 82' lang='grc'>’</span> 
     </span>
     <span class='ocr_line' id='line_1_73' title="bbox 955 3462 1749 3544; baseline -0.013 -11"><span class='ocrx_word' id='word_1_532' title='bbox 955 3471 1191 3538; x_wconf 89' lang='lat' dir='ltr'>turbationem,</span> <span class='ocrx_word' id='word_1_533' title='bbox 1213 3471 1246 3530; x_wconf 90' lang='lat' dir='ltr'>et</span> <span class='ocrx_word' id='word_1_534' title='bbox 1262 3483 1363 3544; x_wconf 88' lang='lat' dir='ltr'>super</span> <span class='ocrx_word' id='word_1_535' title='bbox 1375 3466 1525 3527; x_wconf 89' lang='lat' dir='ltr'>auditum</span> <span class='ocrx_word' id='word_1_536' title='bbox 1541 3462 1749 3539; x_wconf 88' lang='lat' dir='ltr'>increpatio·</span> 
     </span>
     <span class='ocr_line' id='line_1_74' title="bbox 956 3560 1807 3630; baseline -0.009 0"><span class='ocrx_word' id='word_1_537' title='bbox 956 3571 1010 3630; x_wconf 90' lang='lat' dir='ltr'>nis</span> <span class='ocrx_word' id='word_1_538' title='bbox 1036 3568 1169 3630; x_wconf 89' lang='lat' dir='ltr'>auditus</span> <span class='ocrx_word' id='word_1_539' title='bbox 1195 3565 1432 3627; x_wconf 74' lang='lat' dir='ltr'>damnationis,</span> <span class='ocrx_word' id='word_1_540' title='bbox 1458 3565 1506 3624; x_wconf 90' lang='lat' dir='ltr'>De</span> <span class='ocrx_word' id='word_1_541' title='bbox 1534 3560 1749 3624; x_wconf 87' lang='lat' dir='ltr'>conclusione</span> <span class='ocrx_word' id='word_1_542' title='bbox 1805 3619 1807 3622; x_wconf 79' lang='grc'><strong>,</strong></span> 
     </span>
     <span class='ocr_line' id='line_1_75' title="bbox 955 3655 1748 3746; baseline -0.015 -18"><span class='ocrx_word' id='word_1_543' title='bbox 955 3667 1088 3746; x_wconf 86' lang='lat' dir='ltr'>peccati</span> <span class='ocrx_word' id='word_1_544' title='bbox 1104 3664 1225 3725; x_wconf 91' lang='lat' dir='ltr'>dicitur</span> <span class='ocrx_word' id='word_1_545' title='bbox 1248 3664 1284 3723; x_wconf 93' lang='lat' dir='ltr'>in</span> <span class='ocrx_word' id='word_1_546' title='bbox 1307 3661 1449 3723; x_wconf 84' lang='lat' dir='ltr'>Threnis</span> <span class='ocrx_word' id='word_1_547' title='bbox 1460 3659 1504 3739; x_wconf 89' lang='lat'>(3,</span> <span class='ocrx_word' id='word_1_548' title='bbox 1521 3660 1562 3720; x_wconf 83' lang='lat'>55</span> <span class='ocrx_word' id='word_1_549' title='bbox 1573 3661 1606 3720; x_wconf 92' lang='lat' dir='ltr'>et</span> <span class='ocrx_word' id='word_1_550' title='bbox 1618 3656 1673 3737; x_wconf 89' lang='grc'>56)</span> <span class='ocrx_word' id='word_1_551' title='bbox 1686 3655 1748 3716; x_wconf 88' lang='lat' dir='ltr'>sub</span> 
     </span>
     <span class='ocr_line' id='line_1_76' title="bbox 954 3756 1748 3827; baseline -0.011 -4"><span class='ocrx_word' id='word_1_552' title='bbox 954 3764 1070 3824; x_wconf 85' lang='lat' dir='ltr'>eadem</span> <span class='ocrx_word' id='word_1_553' title='bbox 1084 3761 1194 3824; x_wconf 82' lang='lat' dir='ltr'>littera</span> <span class='ocrx_word' id='word_1_554' title='bbox 1211 3781 1219 3819; x_wconf 76' lang='grc' dir='ltr'>ι</span> <span class='ocrx_word' id='word_1_555' title='bbox 1235 3759 1424 3820; x_wconf 78' lang='lat' dir='ltr'>«invocavi</span> <span class='ocrx_word' id='word_1_556' title='bbox 1439 3758 1673 3827; x_wconf 89' lang='lat' dir='ltr'>nomentuum,</span> <span class='ocrx_word' id='word_1_557' title='bbox 1687 3756 1748 3814; x_wconf 92' lang='lat' dir='ltr'>Do-</span> 
     </span>
     <span class='ocr_line' id='line_1_77' title="bbox 954 3856 1746 3931; baseline -0.014 -10"><span class='ocrx_word' id='word_1_558' title='bbox 954 3861 1055 3931; x_wconf 90' lang='lat' dir='ltr'>mine,</span> <span class='ocrx_word' id='word_1_559' title='bbox 1072 3858 1112 3918; x_wconf 93' lang='lat' dir='ltr'>de</span> <span class='ocrx_word' id='word_1_560' title='bbox 1126 3857 1201 3919; x_wconf 89' lang='lat' dir='ltr'>lacu</span> <span class='ocrx_word' id='word_1_561' title='bbox 1213 3856 1406 3917; x_wconf 85' lang='lat' dir='ltr'>novissimo.</span> <span class='ocrx_word' id='word_1_562' title='bbox 1423 3856 1545 3916; x_wconf 89' lang='lat' dir='ltr'>Vocem</span> <span class='ocrx_word' id='word_1_563' title='bbox 1558 3867 1666 3913; x_wconf 88' lang='lat' dir='ltr'>meam</span> <span class='ocrx_word' id='word_1_564' title='bbox 1680 3866 1746 3911; x_wconf 89' lang='lat' dir='ltr'>au-</span> 
     </span>
     <span class='ocr_line' id='line_1_78' title="bbox 954 3948 1748 4024; baseline -0.013 -6"><span class='ocrx_word' id='word_1_565' title='bbox 954 3958 1054 4020; x_wconf 86' lang='lat' dir='ltr'>disti:</span> <span class='ocrx_word' id='word_1_566' title='bbox 1071 3972 1113 4018; x_wconf 92' lang='lat' dir='ltr'>ne</span> <span class='ocrx_word' id='word_1_567' title='bbox 1140 3957 1273 4017; x_wconf 78' lang='lat' dir='ltr'>avertas</span> <span class='ocrx_word' id='word_1_568' title='bbox 1300 3968 1415 4014; x_wconf 89' lang='lat' dir='ltr'>aurem</span> <span class='ocrx_word' id='word_1_569' title='bbox 1440 3954 1530 4014; x_wconf 90' lang='lat' dir='ltr'>tuam</span> <span class='ocrx_word' id='word_1_570' title='bbox 1554 3966 1574 4011; x_wconf 88' lang='lat' dir='ltr'>a</span> <span class='ocrx_word' id='word_1_571' title='bbox 1598 3948 1748 4024; x_wconf 89' lang='lat' dir='ltr'>singultu</span> 
     </span>
     <span class='ocr_line' id='line_1_79' title="bbox 954 4045 1747 4126; baseline -0.015 -10"><span class='ocrx_word' id='word_1_572' title='bbox 954 4070 1041 4126; x_wconf 88' lang='lat' dir='ltr'>meo,</span> <span class='ocrx_word' id='word_1_573' title='bbox 1057 4055 1089 4115; x_wconf 90' lang='lat' dir='ltr'>et</span> <span class='ocrx_word' id='word_1_574' title='bbox 1104 4051 1318 4114; x_wconf 89' lang='lat' dir='ltr'>clamoribus.</span> <span class='ocrx_word' id='word_1_575' title='bbox 1334 4069 1352 4110; x_wconf 71' lang='lat' dir='ltr'>s</span> <span class='ocrx_word' id='word_1_576' title='bbox 1367 4052 1451 4111; x_wconf 88' lang='lat' dir='ltr'>Ecce</span> <span class='ocrx_word' id='word_1_577' title='bbox 1466 4050 1529 4110; x_wconf 91' lang='lat' dir='ltr'>iste</span> <span class='ocrx_word' id='word_1_578' title='bbox 1545 4047 1696 4108; x_wconf 90' lang='lat' dir='ltr'>inclusus</span> <span class='ocrx_word' id='word_1_579' title='bbox 1712 4045 1747 4104; x_wconf 93' lang='lat' dir='ltr'>in</span> 
     </span>
     <span class='ocr_line' id='line_1_80' title="bbox 954 4140 1747 4227; baseline -0.018 -14"><span class='ocrx_word' id='word_1_580' title='bbox 954 4166 1090 4213; x_wconf 89' lang='lat' dir='ltr'>carcere</span> <span class='ocrx_word' id='word_1_581' title='bbox 1104 4150 1232 4227; x_wconf 87' lang='lat' dir='ltr'>peccati</span> <span class='ocrx_word' id='word_1_582' title='bbox 1252 4147 1409 4210; x_wconf 84' lang='lat' dir='ltr'>clamavit</span> <span class='ocrx_word' id='word_1_583' title='bbox 1423 4145 1464 4206; x_wconf 87' lang='lat' dir='ltr'>ad</span> <span class='ocrx_word' id='word_1_584' title='bbox 1481 4144 1654 4204; x_wconf 89' lang='lat' dir='ltr'>Dominum</span> <span class='ocrx_word' id='word_1_585' title='bbox 1671 4140 1747 4201; x_wconf 89' lang='lat' dir='ltr'>cla-</span> 
     </span>
     <span class='ocr_line' id='line_1_81' title="bbox 954 4238 1745 4318; baseline -0.019 -9"><span class='ocrx_word' id='word_1_586' title='bbox 954 4262 1045 4309; x_wconf 90' lang='lat' dir='ltr'>more</span> <span class='ocrx_word' id='word_1_587' title='bbox 1056 4246 1176 4318; x_wconf 88' lang='lat' dir='ltr'>cordis,</span> <span class='ocrx_word' id='word_1_588' title='bbox 1191 4245 1345 4307; x_wconf 87' lang='lat' dir='ltr'>etaudita</span> <span class='ocrx_word' id='word_1_589' title='bbox 1354 4245 1404 4304; x_wconf 88' lang='lat' dir='ltr'>est</span> <span class='ocrx_word' id='word_1_590' title='bbox 1412 4257 1478 4302; x_wconf 82' lang='lat' dir='ltr'>vox</span> <span class='ocrx_word' id='word_1_591' title='bbox 1486 4238 1643 4301; x_wconf 90' lang='lat' dir='ltr'>clamoris</span> <span class='ocrx_word' id='word_1_592' title='bbox 1656 4239 1745 4313; x_wconf 85' lang='lat' dir='ltr'>ejus;</span> 
     </span>
     <span class='ocr_line' id='line_1_82' title="bbox 954 4335 1747 4421; baseline -0.019 -15"><span class='ocrx_word' id='word_1_593' title='bbox 954 4345 1042 4407; x_wconf 91' lang='lat' dir='ltr'>unde</span> <span class='ocrx_word' id='word_1_594' title='bbox 1064 4344 1216 4421; x_wconf 89' lang='lat' dir='ltr'>sequitur</span> <span class='ocrx_word' id='word_1_595' title='bbox 1232 4365 1239 4402; x_wconf 90' lang='lat'><strong>:</strong></span> <span class='ocrx_word' id='word_1_596' title='bbox 1253 4344 1303 4402; x_wconf 93' lang='lat' dir='ltr'>Ne</span> <span class='ocrx_word' id='word_1_597' title='bbox 1318 4340 1450 4401; x_wconf 86' lang='lat' dir='ltr'>avertas</span> <span class='ocrx_word' id='word_1_598' title='bbox 1470 4351 1586 4397; x_wconf 89' lang='lat' dir='ltr'>aurem</span> <span class='ocrx_word' id='word_1_599' title='bbox 1607 4335 1700 4395; x_wconf 90' lang='lat' dir='ltr'>tuam</span> <span class='ocrx_word' id='word_1_600' title='bbox 1726 4348 1747 4393; x_wconf 89' lang='lat' dir='ltr'>a</span> 
     </span>
     <span class='ocr_line' id='line_1_83' title="bbox 953 4430 1685 4519; baseline -0.018 -16"><span class='ocrx_word' id='word_1_601' title='bbox 953 4441 1114 4519; x_wconf 87' lang='lat' dir='ltr'>singultu,</span> <span class='ocrx_word' id='word_1_602' title='bbox 1128 4444 1160 4501; x_wconf 91' lang='lat' dir='ltr'>et</span> <span class='ocrx_word' id='word_1_603' title='bbox 1173 4438 1384 4509; x_wconf 90' lang='lat' dir='ltr'>clamoribus,</span> <span class='ocrx_word' id='word_1_604' title='bbox 1396 4433 1552 4497; x_wconf 80' lang='lat' dir='ltr'>videlicet</span> <span class='ocrx_word' id='word_1_605' title='bbox 1562 4430 1685 4493; x_wconf 84' lang='lat' dir='ltr'>cordis.</span> 
     </span>
    </p>

    <p class='ocr_par' dir='ltr' id='par_1_18' title="bbox 951 4527 1773 5202">
     <span class='ocr_line' id='line_1_84' title="bbox 993 4527 1773 4608; baseline -0.018 -7"><span class='ocrx_word' id='word_1_606' title='bbox 993 4542 1039 4601; x_wconf 90' lang='lat' dir='ltr'>De</span> <span class='ocrx_word' id='word_1_607' title='bbox 1053 4536 1223 4608; x_wconf 89' lang='lat' dir='ltr'>concluso,</span> <span class='ocrx_word' id='word_1_608' title='bbox 1246 4535 1331 4596; x_wconf 88' lang='lat' dir='ltr'>idest</span> <span class='ocrx_word' id='word_1_609' title='bbox 1347 4534 1387 4594; x_wconf 91' lang='lat' dir='ltr'>de</span> <span class='ocrx_word' id='word_1_610' title='bbox 1401 4529 1605 4595; x_wconf 89' lang='lat' dir='ltr'>circumdato</span> <span class='ocrx_word' id='word_1_611' title='bbox 1620 4527 1662 4590; x_wconf 92' lang='lat' dir='ltr'>ab</span> <span class='ocrx_word' id='word_1_612' title='bbox 1672 4527 1749 4589; x_wconf 88' lang='lat' dir='ltr'>hos·</span> <span class='ocrx_word' id='word_1_613' title='bbox 1771 4557 1773 4560; x_wconf 32' lang='lat' dir='ltr'>v</span> 
     </span>
     <span class='ocr_line' id='line_1_85' title="bbox 952 4623 1747 4707; baseline -0.016 -9"><span class='ocrx_word' id='word_1_614' title='bbox 952 4636 1041 4702; x_wconf 90' lang='lat' dir='ltr'>tibus</span> <span class='ocrx_word' id='word_1_615' title='bbox 1067 4634 1190 4695; x_wconf 87' lang='lat' dir='ltr'>dicitur</span> <span class='ocrx_word' id='word_1_616' title='bbox 1215 4634 1250 4693; x_wconf 91' lang='lat' dir='ltr'>in</span> <span class='ocrx_word' id='word_1_617' title='bbox 1264 4630 1406 4693; x_wconf 86' lang='lat' dir='ltr'>Threnis</span> <span class='ocrx_word' id='word_1_618' title='bbox 1427 4626 1539 4707; x_wconf 69' lang='grc'><strong>(419)</strong></span> <span class='ocrx_word' id='word_1_619' title='bbox 1555 4626 1616 4689; x_wconf 91' lang='lat' dir='ltr'>sub</span> <span class='ocrx_word' id='word_1_620' title='bbox 1631 4623 1747 4687; x_wconf 85' lang='lat' dir='ltr'>eadem</span> 
     </span>
     <span class='ocr_line' id='line_1_86' title="bbox 951 4725 1747 4803; baseline -0.019 -7"><span class='ocrx_word' id='word_1_621' title='bbox 951 4735 1062 4797; x_wconf 90' lang='lat' dir='ltr'>littera</span> <span class='ocrx_word' id='word_1_622' title='bbox 1080 4730 1324 4793; x_wconf 68' lang='lat' dir='ltr'>:evelociores</span> <span class='ocrx_word' id='word_1_623' title='bbox 1350 4727 1485 4789; x_wconf 85' lang='lat' dir='ltr'>luerunt</span> <span class='ocrx_word' id='word_1_624' title='bbox 1516 4725 1747 4803; x_wconf 83' lang='lat' dir='ltr'>persecutores</span> 
     </span>
     <span class='ocr_line' id='line_1_87' title="bbox 951 4819 1743 4907; baseline -0.02 -14"><span class='ocrx_word' id='word_1_625' title='bbox 951 4831 1057 4893; x_wconf 87' lang='lat' dir='ltr'>nostri</span> <span class='ocrx_word' id='word_1_626' title='bbox 1070 4828 1192 4907; x_wconf 88' lang='lat' dir='ltr'>aquilis</span> <span class='ocrx_word' id='word_1_627' title='bbox 1207 4827 1293 4898; x_wconf 89' lang='lat' dir='ltr'>coeli,</span> <span class='ocrx_word' id='word_1_628' title='bbox 1311 4841 1410 4903; x_wconf 87' lang='lat' dir='ltr'>super</span> <span class='ocrx_word' id='word_1_629' title='bbox 1429 4825 1558 4884; x_wconf 88' lang='lat' dir='ltr'>montes</span> <span class='ocrx_word' id='word_1_630' title='bbox 1574 4819 1743 4897; x_wconf 88' lang='lat' dir='ltr'>persecuti</span> 
     </span>
     <span class='ocr_line' id='line_1_88' title="bbox 951 4914 1744 4999; baseline -0.02 -10"><span class='ocrx_word' id='word_1_631' title='bbox 951 4931 1028 4989; x_wconf 90' lang='lat' dir='ltr'>sunt</span> <span class='ocrx_word' id='word_1_632' title='bbox 1043 4944 1115 4999; x_wconf 88' lang='lat' dir='ltr'>nos,</span> <span class='ocrx_word' id='word_1_633' title='bbox 1143 4927 1178 4986; x_wconf 90' lang='lat' dir='ltr'>in</span> <span class='ocrx_word' id='word_1_634' title='bbox 1193 4927 1326 4987; x_wconf 87' lang='lat' dir='ltr'>deserto</span> <span class='ocrx_word' id='word_1_635' title='bbox 1344 4920 1494 4983; x_wconf 87' lang='lat' dir='ltr'>insidiati</span> <span class='ocrx_word' id='word_1_636' title='bbox 1511 4919 1589 4978; x_wconf 90' lang='lat' dir='ltr'>sunt</span> <span class='ocrx_word' id='word_1_637' title='bbox 1604 4914 1709 4976; x_wconf 86' lang='lat' dir='ltr'>uobis.</span> <span class='ocrx_word' id='word_1_638' title='bbox 1725 4931 1744 4974; x_wconf 72' lang='grc'><strong>1</strong></span> 
     </span>
     <span class='ocr_line' id='line_1_89' title="bbox 951 5015 1770 5107; baseline -0.021 -20"><span class='ocrx_word' id='word_1_639' title='bbox 951 5026 993 5087; x_wconf 90' lang='lat' dir='ltr'>Hi</span> <span class='ocrx_word' id='word_1_640' title='bbox 1015 5026 1094 5087; x_wconf 90' lang='lat' dir='ltr'>sunt</span> <span class='ocrx_word' id='word_1_641' title='bbox 1112 5024 1278 5085; x_wconf 88' lang='lat' dir='ltr'>daemones</span> <span class='ocrx_word' id='word_1_642' title='bbox 1297 5019 1417 5081; x_wconf 88' lang='lat' dir='ltr'>lortius</span> <span class='ocrx_word' id='word_1_643' title='bbox 1436 5015 1604 5078; x_wconf 89' lang='lat' dir='ltr'>hominem</span> <span class='ocrx_word' id='word_1_644' title='bbox 1628 5026 1745 5089; x_wconf 89' lang='lat' dir='ltr'>perse-</span> <span class='ocrx_word' id='word_1_645' title='bbox 1767 5101 1770 5107; x_wconf 88' lang='lat'>.</span> 
     </span>
     <span class='ocr_line' id='line_1_90' title="bbox 951 5111 1743 5202; baseline -0.02 -17"><span class='ocrx_word' id='word_1_646' title='bbox 951 5125 1101 5202; x_wconf 84' lang='lat' dir='ltr'>quantes,</span> <span class='ocrx_word' id='word_1_647' title='bbox 1113 5136 1212 5199; x_wconf 89' lang='lat' dir='ltr'>quam</span> <span class='ocrx_word' id='word_1_648' title='bbox 1234 5118 1387 5179; x_wconf 88' lang='lat' dir='ltr'>doctores</span> <span class='ocrx_word' id='word_1_649' title='bbox 1401 5113 1559 5176; x_wconf 89' lang='lat' dir='ltr'>Ecclesiae</span> <span class='ocrx_word' id='word_1_650' title='bbox 1579 5111 1647 5171; x_wconf 91' lang='lat' dir='ltr'>sint</span> <span class='ocrx_word' id='word_1_651' title='bbox 1661 5123 1743 5186; x_wconf 87' lang='lat' dir='ltr'>pro-</span> 
     </span>
    </p>
   </div>
   <div class='ocr_carea' id='block_1_17' title="bbox 886 5208 1745 5297">
    <p class='ocr_par' dir='ltr' id='par_1_19' title="bbox 886 5208 1745 5297">
     <span class='ocr_line' id='line_1_91' title="bbox 886 5208 1745 5297; baseline -0.022 -13"><span class='ocrx_word' id='word_1_652' title='bbox 886 5242 895 5268; x_wconf 59' lang='grc' dir='ltr'>ι</span> <span class='ocrx_word' id='word_1_653' title='bbox 950 5224 1111 5297; x_wconf 89' lang='lat' dir='ltr'>tegentes.</span> <span class='ocrx_word' id='word_1_654' title='bbox 1126 5222 1239 5292; x_wconf 83' lang='lat' dir='ltr'>Super</span> <span class='ocrx_word' id='word_1_655' title='bbox 1251 5215 1396 5284; x_wconf 72' lang='lat' dir='ltr'>monetes,</span> <span class='ocrx_word' id='word_1_656' title='bbox 1412 5212 1498 5273; x_wconf 92' lang='lat' dir='ltr'>idest</span> <span class='ocrx_word' id='word_1_657' title='bbox 1513 5209 1669 5287; x_wconf 87' lang='lat' dir='ltr'>praelatos</span> <span class='ocrx_word' id='word_1_658' title='bbox 1681 5208 1745 5266; x_wconf 90' lang='lat' dir='ltr'>Ec-</span> 
     </span>
    </p>
   </div>
   <div class='ocr_carea' id='block_1_18' title="bbox 949 5302 1744 5488">
    <p class='ocr_par' dir='ltr' id='par_1_20' title="bbox 949 5302 1744 5488">
     <span class='ocr_line' id='line_1_92' title="bbox 950 5302 1744 5402; baseline -0.021 -23"><span class='ocrx_word' id='word_1_659' title='bbox 950 5317 1062 5379; x_wconf 85' lang='lat' dir='ltr'>clesiae</span> <span class='ocrx_word' id='word_1_660' title='bbox 1076 5314 1321 5402; x_wconf 80' lang='lat' dir='ltr'>persequuntur</span> <span class='ocrx_word' id='word_1_661' title='bbox 1337 5334 1344 5371; x_wconf 92' lang='lat'><strong>:</strong></span> <span class='ocrx_word' id='word_1_662' title='bbox 1361 5312 1401 5373; x_wconf 85' lang='lat' dir='ltr'>Et</span> <span class='ocrx_word' id='word_1_663' title='bbox 1414 5310 1449 5370; x_wconf 92' lang='lat' dir='ltr'>iu</span> <span class='ocrx_word' id='word_1_664' title='bbox 1464 5308 1596 5369; x_wconf 91' lang='lat' dir='ltr'>deserto</span> <span class='ocrx_word' id='word_1_665' title='bbox 1611 5305 1670 5377; x_wconf 75' lang='lat' dir='ltr'>iic,</span> <span class='ocrx_word' id='word_1_666' title='bbox 1686 5302 1744 5380; x_wconf 92' lang='lat' dir='ltr'>qui</span> 
     </span>
     <span class='ocr_line' id='line_1_93' title="bbox 949 5402 1743 5488; baseline -0.021 -12"><span class='ocrx_word' id='word_1_667' title='bbox 949 5415 1108 5477; x_wconf 91' lang='lat' dir='ltr'>mundum</span> <span class='ocrx_word' id='word_1_668' title='bbox 1123 5412 1290 5488; x_wconf 85' lang='lat' dir='ltr'>fugerunt,</span> <span class='ocrx_word' id='word_1_669' title='bbox 1315 5407 1527 5470; x_wconf 89' lang='lat' dir='ltr'>insidiantur.</span> <span class='ocrx_word' id='word_1_670' title='bbox 1550 5403 1611 5475; x_wconf 87' lang='lat' dir='ltr'>Qui</span> <span class='ocrx_word' id='word_1_671' title='bbox 1631 5402 1743 5462; x_wconf 91' lang='lat' dir='ltr'>autem</span> 
     </span>
    </p>
   </div>
   <div class='ocr_carea' id='block_1_19' title="bbox 985 5573 1744 5678">
    <p class='ocr_par' dir='ltr' id='par_1_21' title="bbox 985 5573 1744 5678">
     <span class='ocr_line' id='line_1_94' title="bbox 985 5573 1744 5678; baseline -0.016 -12"><span class='ocrx_word' id='word_1_672' title='bbox 985 5607 1028 5678; x_wconf 80' lang='grc'>(1)</span> <span class='ocrx_word' id='word_1_673' title='bbox 1045 5605 1211 5666; x_wconf 76' lang='lat' dir='ltr'>conclusus.</span> <span class='ocrx_word' id='word_1_674' title='bbox 1225 5601 1385 5672; x_wconf 84' lang='lat' dir='ltr'>versiculo,</span> <span class='ocrx_word' id='word_1_675' title='bbox 1398 5600 1528 5660; x_wconf 82' lang='lat' dir='ltr'>Giamuoi</span> <span class='ocrx_word' id='word_1_676' title='bbox 1541 5599 1573 5658; x_wconf 82' lang='lat' dir='ltr'>in</span> <span class='ocrx_word' id='word_1_677' title='bbox 1586 5573 1645 5658; x_wconf 75' lang='lat' dir='ltr'>toto</span> <span class='ocrx_word' id='word_1_678' title='bbox 1660 5596 1744 5655; x_wconf 76' lang='lat' dir='ltr'>corde</span> 
     </span>
    </p>
   </div>
   <div class='ocr_carea' id='block_1_20' title="bbox 0 0 1980 6198">
    <p class='ocr_par' dir='ltr' id='par_1_22' title="bbox 0 0 1980 6198">
     <span class='ocr_line' id='line_1_95' title="bbox 0 0 1980 6198; baseline 0 0"><span class='ocrx_word' id='word_1_679' title='bbox 0 0 1980 6198; x_wconf 95' lang='lat' dir='ltr'> </span> 
     </span>
    </p>
   </div>
  </div>
 </body>
</html>
