3950 6200
208 397 250 459 59
827 393 1004 457 HONORII
1025 394 1071 457 111
1092 396 1241 459 orant.
1814 397 1856 456 60

210 556 396 635 patrocinio
407 554 657 617 communimus.
670 553 761 615 Nulli
774 569 853 630 ergo
868 554 1004 616 omnino

208 656 380 718 hominum
395 653 496 716 liceat
514 652 601 714 banc
621 653 788 730 paginam,
805 654 865 714 etc.
884 654 1002 714 Datum

208 754 376 825 Laterani,
386 754 446 813 Vll
456 751 524 811 kal.
534 750 661 827 aprilis,
672 749 881 828 pontificatus
895 750 1002 812 nostri

209 867 297 913 anuo
313 850 451 911 dealmo.

528 991 689 1077 CXXIII
731 1052 737 1061 ·

247 1137 299 1195 Ab
314 1135 468 1195 abbatem
485 1133 518 1194 et
536 1135 743 1194 coitaeutam
757 1134 963 1196 anonastcrtt

365 1234 400 1292 S.
414 1234 523 1292 Blasii
537 1234 579 1292 dc
594 1233 709 1307 Niptra
726 1233 840 1304 Salva.

484 1362 519 1419 27
534 1362 627 1418 martii
642 1361 720 1419 libb.

316 1474 576 1543 [wirtembergisches
589 1476 645 1533 bb..
661 1476 705 1532 111,
720 1476 775 1534 l92,
786 1491 813 1525 u.
825 1476 891 1539 7l0.]

206 1591 447 1663 compositionem
461 1590 534 1647 iuter
549 1589 682 1648 abbatem
695 1598 926 1663 conventumque
940 1606 1001 1648 me·

241 1680 358 1737 nasterii
377 1682 406 1737 S.
429 1680 516 1738 illasii
534 1678 571 1736 de
584 1680 674 1752 Nigra
694 1681 778 1753 Sylva
799 1688 828 1737 et
847 1681 1001 1737 ilenricvuu

240 1767 393 1841 plebanum
415 1767 451 1825 de
471 1768 587 1842 Nalling
606 1784 692 1842 super
715 1768 834 1826 decimis
857 1767 1001 1826 mediante

240 1856 403 1915 Diethelmo
422 1857 632 1916 constantiensi
650 1858 786 1931 episcopo
805 1856 910 1914 luctam
929 1871 998 1914 cou-

241 1944 346 2003 firmat.

245 2063 414 2125 Honorius
424 2062 611 2140 episcopus,
621 2063 998 2133 servasservorumbei,

206 2158 337 2222 dilectis
356 2160 472 2221 filiis...
489 2159 601 2222 abbati
616 2163 649 2223 et
663 2161 841 2222 conventui
860 2175 1000 2222 monas-

207 2256 285 2318 terii
300 2259 332 2317 S.
346 2257 451 2318 Blasii
468 2258 508 2317 de
523 2257 628 2332 Nigra
644 2257 756 2335 Sylva,
773 2258 924 2330 salutem,
935 2259 997 2319 etc.

243 2353 997 2429 Eaquaejudiciovelconcordiaterminantur,

204 2450 395 2526 apostolico
423 2452 579 2513 convenit
606 2452 764 2528 praesidio
788 2452 998 2520 communiri,

204 2547 296 2630 nain
313 2548 443 2609 iteratae
467 2547 661 2610 relabantur
683 2548 875 2625 scrupulum
891 2564 1001 2625 quaes-

203 2643 316 2705 tionis.
348 2646 545 2721 Eapropter,
569 2645 681 2707 dilecti
704 2645 738 2705 in
761 2646 902 2706 Domino
924 2644 997 2716 filii,

202 2742 323 2804 vestris
332 2742 434 2818 iustis
445 2741 721 2817 postulatIonibus
732 2742 895 2814 inclinati,
908 2758 1000 2803 oom-

203 2838 413 2915 positionem,
425 2853 498 2914 quae
508 2839 596 2900 iuter
606 2856 666 2902 vos
679 2842 712 2900 et
723 2839 879 2902 dilectum
893 2839 999 2900 illium

202 2935 384 2996 ilenricum
404 2934 583 3011 plebanum
605 2935 646 2998 de
667 2937 804 3013 Nalling
825 2953 926 3014 super
939 2937 1001 2998 de-

202 3031 310 3106 cimis,
326 3032 492 3095 mediante
511 3033 607 3095 bonae
628 3035 797 3096 memoriae
812 3034 998 3097 Diethelmo

203 3130 450 3193 constantiensi
488 3132 663 3209 episcopo,
698 3132 762 3194 loci
796 3133 997 3206 dioecesano,

202 3227 423 3291 amicabiliter
437 3229 629 3302 intervenit,
646 3230 733 3291 sicut
747 3231 820 3292 sine
834 3232 999 3308 pravitate

201 3324 340 3401 provide
351 3325 440 3387 tacta
453 3327 513 3397 est,
526 3327 559 3388 et
573 3326 614 3387 ab
625 3330 766 3404 utraque
777 3330 871 3404 parte
882 3329 999 3404 sponte

198 3423 352 3498 recepta,
384 3425 417 3484 et
444 3423 605 3485 hactenus
642 3425 781 3500 pacifice
809 3425 995 3497 observata,

200 3534 330 3580 necnon
340 3519 375 3580 in
386 3520 506 3581 litteris
516 3520 666 3597 eiusdem
677 3523 823 3599 episcopi
837 3523 997 3584 conlectis

202 3615 323 3677 exinde
334 3616 456 3679 dicitur
466 3618 596 3695 plenius
610 3620 786 3691 contineri,
799 3620 997 3681 auctoritate

198 3714 388 3789 Apostolica
400 3716 635 3776 confirmamus
647 3719 680 3778 et
693 3717 867 3793 praesentiS
880 3717 996 3792 scripti

201 3809 386 3886 patrocinio
398 3813 649 3874 communImus.
662 3813 755 3874 Nulli
767 3829 847 3889 ergo
860 3814 996 3875 omnino

199 3905 371 3968 hominum
384 3907 484 3970 liceat
498 3909 585 3971 hanc
598 3910 755 3986 paginam
771 3913 893 3971 nostrae
910 3926 995 3971 con·

198 4001 397 4065 firmationis
408 4005 603 4082 intringere,
613 4006 665 4067 vel
678 4008 710 4068 ei
720 4023 806 4068 ausu
815 4007 995 4069 temerario

199 4100 376 4162 contraire.
408 4102 445 4162 si
481 4103 554 4179 quis
584 4106 696 4164 autem
734 4105 796 4165 boc
832 4107 995 4166 attentare

197 4200 455 4275 praesumpserit,
472 4199 734 4276 indignationem
758 4201 995 4277 omnipotentis

197 4294 258 4354 Dei
270 4297 304 4355 et
316 4295 487 4358 beatorum
504 4297 595 4359 Petri
607 4300 641 4359 et
655 4299 751 4358 Pauli
769 4299 995 4374 apostulorum

196 4391 813 4467 eJussenoveritincursurnm.Datum
823 4397 992 4469 Laterani,

196 4488 242 4643 XI
260 4487 337 4596 bal.
367 4491 499 4566 aprilis,
525 4493 738 4569 pontificatus
776 4492 882 4556 nostri
905 4509 993 4554 anno

220 4598 336 4646 emmo.

516 4727 673 4818 cxxiv

197 4869 250 4929 Aa
266 4869 495 4943 prepositum
508 4871 543 4931 et
556 4874 764 4934 conventum
786 4875 993 4935 monasterti

253 4967 513 5044 Retcberspera,
530 4971 712 5031 ordinatas.
733 4971 929 5046 bubastim.

481 5097 499 5155 2
511 5097 609 5170 aprilis
624 5100 703 5158 lato.

418 5209 542 5273 [Monuni.
555 5212 641 5270 boica,
654 5214 697 5271 lv,
711 5211 780 5277 tat]

194 5314 252 5369 Eos
261 5313 383 5372 tuendos
392 5317 521 5390 suscipit,
532 5318 694 5391 specialiter
705 5326 799 5376 autern
811 5319 989 5377 advocatiam

228 5400 357 5458 ecclesiae
373 5418 472 5461 eorum
487 5413 517 5462 et
528 5405 672 5463 libertates
692 5421 726 5463 ec
744 5408 939 5465 immunitates
954 5407 990 5465 ab

227 5487 404 5559 Eberhardo,
417 5492 616 5567 salzburgensi
629 5493 855 5567 archiepiscopo,
868 5495 912 5552 eis
923 5509 991 5552 con·

227 5589 326 5633 cessas
339 5577 500 5637 confirmat.

232 5683 398 5754 Honorius
407 5695 592 5772 episeopus,
604 5713 719 5762 servus
731 5714 903 5761 servorum
915 5699 984 5771 Dei,

1057 554 1186 617 dilectis
1201 553 1279 614 filiis
1295 553 1473 630 praeposito
1485 554 1518 615 et
1529 553 1707 615 conventui
1721 568 1856 615 monas-

1057 653 1132 712 terii
1148 653 1183 712 in
1199 651 1432 727 Reichasperg‚
1449 650 1575 711 ordinis
1592 650 1703 711 Sancti
1719 654 1856 726 Augus-

1055 749 1129 821 tini,
1157 749 1298 810 salutem
1327 750 1360 810 et
1386 748 1610 824 apostolicam
1640 747 1854 809 benedictio·

1057 862 1143 907 nem.

1095 944 1198 1005 bustis
1224 944 1406 1020 petentium
1435 944 1611 1005 desideriis
1637 943 1773 1019 dignum
1800 945 1855 1005 est

1056 1056 1116 1101 nos
1141 1041 1271 1101 facilem
1296 1040 1444 1117 prebere
1469 1056 1678 1107 consensum,
1704 1043 1738 1102 et
1761 1044 1852 1112 vota,

1056 1154 1129 1215 quae
1155 1155 1175 1200 a
1205 1140 1344 1200 rationis
1380 1139 1512 1200 tramite
1547 1154 1613 1199 non
1648 1138 1852 1209 discordant,

1056 1236 1176 1297 effectu
1206 1238 1425 1313 prosequente
1458 1235 1632 1311 complere.
1655 1237 1852 1312 Eapropter,

1056 1331 1166 1392 dilecti
1183 1333 1218 1393 in
1232 1334 1370 1394 Domino
1385 1332 1456 1403 tilii,
1473 1333 1594 1392 vestris
1610 1333 1711 1408 justis
1731 1334 1853 1407 postu-

1056 1429 1236 1490 lationibus
1251 1432 1346 1507 grato
1361 1431 1596 1491 concurrentes
1611 1444 1763 1499 assensu,
1779 1445 1856 1505 per·

1056 1542 1156 1587 sonas
1176 1528 1316 1598 vestras,
1333 1531 1365 1588 et
1383 1527 1490 1588 locum
1505 1526 1541 1586 in
1558 1542 1622 1602 quo
1641 1526 1722 1588 estis
1736 1526 1854 1587 divino

1057 1623 1215 1701 obsequio
1235 1625 1427 1701 mancipati,
1444 1640 1519 1684 cum
1541 1622 1704 1694 omnibus,
1721 1638 1798 1700 quae
1816 1625 1854 1683 in

1056 1723 1310 1797 praesentiarum
1335 1720 1582 1784 rationabiliter
1606 1721 1765 1797 possidet,
1792 1723 1855 1780 aut

1055 1818 1089 1877 in
1108 1818 1255 1879 futurum
1268 1819 1368 1895 justis
1390 1818 1496 1878 modis
1511 1819 1691 1893 prestante
1707 1817 1853 1878 Domino

1055 1915 1175 1990 poterit
1195 1916 1346 1991 adipisci,
1366 1914 1426 1976 sub
1442 1916 1530 1976 beati
1546 1914 1637 1976 Petri
1652 1916 1685 1975 et
1699 1916 1854 1975 nostram

1054 2014 1291 2088 protecli⁰uem
1302 2013 1512 2089 suscipimus.
1527 2012 1723 2086 specialiter
1736 2013 1853 2072 autem

1054 2110 1261 2172 advocatiam
1280 2111 1430 2172 ecclesiae
1444 2112 1575 2177 vestrae,
1592 2124 1721 2170 necnon
1740 2109 1852 2170 liber-

1054 2207 1140 2269 tates
1171 2208 1205 2268 et
1234 2208 1458 2269 immunitates
1481 2223 1501 2267 a
1527 2206 1710 2267 venerabili
1744 2204 1852 2266 tratre

1054 2308 1167 2366 nostro
1189 2304 1390 2376 EberhardO,
1416 2303 1649 2378 salzburgensi
1673 2302 1851 2379 archiepi-

1054 2418 1164 2479 scopo,
1182 2403 1318 2478 capituli
1331 2403 1382 2462 sui
1398 2401 1574 2462 accedente
1591 2416 1768 2470 consensu,
1782 2416 1850 2461 vo·

1053 2498 1104 2559 bis
1130 2502 1163 2560 et
1188 2499 1294 2560 eidem
1326 2499 1475 2560 ecclesiae
1500 2500 1620 2558 vestrae
1656 2512 1848 2568 concessas,

1053 2596 1140 2657 sicut
1153 2612 1210 2657 eas
1221 2599 1321 2673 Juste,
1337 2596 1496 2657 canonice
1517 2611 1556 2657 ac
1578 2594 1716 2671 pacifice
1733 2593 1850 2669 possi-

1053 2690 1149 2762 detis,
1167 2691 1200 2752 et
1216 2692 1251 2751 in
1265 2691 1385 2752 litteris
1402 2689 1644 2765 archiepiscopi
1661 2690 1694 2749 et
1709 2688 1852 2764 capituli

1053 2788 1300 2863 praemissorum
1321 2788 1441 2849 exinde
1456 2786 1614 2848 conlectIs
1631 2786 1753 2847 dicitur
1771 2787 1849 2862 ple-

1053 2882 1128 2941 nius
1148 2882 1323 2950 contineri,
1340 2881 1433 2943 vobis
1458 2884 1490 2941 et
1508 2896 1641 2957 parvos
1662 2879 1771 2940 eidem
1792 2896 1853 2941 ec·

1053 2978 1163 3040 clesiae
1178 2979 1298 3040 vestrae
1314 2978 1512 3039 auctoritate
1526 2976 1714 3053 apostolica
1727 2977 1852 3037 contir-

1053 3092 1192 3138 mamus.
1214 3077 1307 3140 Nulli
1331 3091 1428 3152 ergo,
1453 3076 1515 3136 etc.
1541 3075 1658 3135 Datum
1674 3073 1860 3160 Laterani,

1053 3176 1098 3234 lli
1124 3191 1201 3235 non.
1219 3175 1354 3251 aprilis,
1385 3172 1595 3250 pontificatus
1623 3171 1728 3231 nostri
1755 3186 1850 3232 anno

1053 3271 1190 3333 decimo.

1091 3602 1142 3660 Ab
1158 3599 1358 3660 abbatemet
1372 3597 1578 3658 conlocatum
1591 3597 1799 3658 acuitasterii

1261 3698 1296 3755 S.
1312 3695 1413 3756 Petri
1426 3697 1627 3755 celedensis.

1338 3826 1356 3881 5
1370 3825 1467 3897 aprilis
1483 3824 1562 3880 raab.

1067 3948 1212 4010 [bockerem
1224 3947 1311 3997 Chart.
1324 3952 1350 3996 et
1360 3947 1502 3997 Documde
1513 3945 1627 4009 l'abbayo
1636 3945 1667 3995 de
1678 3945 1829 4004 St.·Pierrc,

1367 4027 1423 4085 131,
1437 4039 1463 4075 n.
1474 4025 1540 4087 181]

1050 4135 1098 4191 Eis
1117 4132 1247 4191 concedit
1264 4141 1295 4190 ut
1312 4133 1449 4189 ecclesias
1462 4131 1498 4188 de
1510 4130 1653 4188 vseudika
1671 4130 1749 4188 etde
1765 4133 1845 4189 Gau·

1084 4223 1168 4291 davo,
1193 4237 1280 4294 quum
1309 4222 1482 4288 vacaverint,
1508 4221 1536 4276 iu
1561 4219 1693 4292 ejusdem
1718 4220 1846 4278 coenobii

1084 4312 1234 4368 utilitatem
1249 4317 1415 4368 convertere
1427 4308 1547 4380 possint.

1088 4436 1255 4497 Honorius
1265 4437 1449 4513 episcopus,
1462 4449 1577 4495 servus
1588 4449 1759 4495 servorum
1768 4436 1842 4505 Dei,

1048 4533 1177 4595 dilectis
1190 4533 1268 4594 tiliis
1281 4531 1392 4593 abbati
1406 4533 1439 4593 et
1453 4530 1630 4591 conventui
1643 4529 1844 4591 monasterii

1048 4633 1081 4692 S.
1099 4631 1190 4692 Petri
1205 4629 1400 4700 candensis,
1418 4627 1557 4689 salutem
1571 4629 1604 4687 et
1617 4626 1844 4703 apostolicam

1046 4727 1321 4789 benedictionem.

1087 4824 1230 4886 Utilitati
1258 4821 1452 4882 monasterii
1477 4818 1599 4890 vestri,
1629 4819 1715 4896 quod
1744 4821 1845 4895 gravi

1046 4921 1223 4998 premitur,
1254 4918 1291 4979 ut
1316 4917 1485 4987 asseritis,
1513 4930 1614 4976 onere
1640 4912 1843 4988 debitorum,

1046 5018 1186 5095 paterna
1210 5015 1360 5077 volentes
1395 5012 1618 5074 sollicitudine
1651 5010 1842 5088 providere,

1045 5116 1165 5176 vestris
1178 5111 1331 5173 inclinati
1341 5110 1505 5187 precibus,
1520 5109 1735 5185 praesentium
1744 5108 1844 5171 vobis

1045 5211 1242 5272 auctoritate
1254 5208 1476 5276 concedimus,
1492 5207 1654 5281 quatenus
1669 5204 1710 5265 de
1725 5207 1844 5267 Ysen-

1045 5308 1121 5368 dika
1145 5309 1179 5369 et
1198 5307 1239 5367 de
1261 5304 1417 5366 Gandavo
1441 5302 1610 5372 ecclesias,
1628 5316 1711 5377 quas
1726 5301 1843 5365 dicitis

1044 5406 1085 5466 ad
1106 5405 1252 5466 vestram
1275 5401 1486 5464 donationem
1512 5397 1552 5458 de
1574 5400 1652 5473 jure
1673 5401 1841 5473 spectare,

1043 5517 1105 5563 nec
1120 5500 1356 5563 conventuales
1370 5497 1525 5565 existere,
1541 5493 1640 5554 liceat
1653 5492 1749 5554 vobis
1764 5510 1843 5557 curn

1043 5598 1212 5661 evaserint
1232 5596 1268 5657 in
1289 5593 1436 5672 ejusdem
1451 5590 1645 5651 monasterii
1659 5590 1844 5655 utilitatem

1044 5696 1246 5764 convertere,
1260 5708 1299 5755 ac
1309 5707 1366 5752 eas
1379 5689 1481 5749 libere
1494 5686 1651 5758 retinere,
1665 5687 1844 5761 assignata
