3950 6200
269 236 309 335 e'1
887 270 1063 335 nououu
1086 273 1130 334 111
1151 273 1299 337 orans.
1868 288 1908 347 os

270 430 412 497 candere
425 432 606 509 cupientes,
620 430 682 494 tibi
697 431 738 492 de
751 433 847 508 cujus
862 431 1062 495 discretione
1085 458 1089 465 ’

269 532 417 609 gerimus
432 529 586 590 fiduciam
601 528 796 605 pleniorem,
820 530 911 591 uices
930 535 1062 592 nostras

271 642 371 705 super
394 628 457 688 boc
475 627 631 687 duximus
649 627 911 698 committendae,
935 627 1060 689 irater·-

269 726 367 787 nitati
377 727 442 785 tuae
453 724 708 800 parapostolica
719 724 843 800 scripta
853 724 1059 795 mandantes,

269 824 431 899 quatenos
452 823 634 883 memorato
653 820 812 896 magistro
828 822 863 880 iu
877 821 990 897 aliqua
1004 836 1062 882 ec·

269 921 447 982 clesiarum
475 919 510 979 iu
532 934 595 995 qoa
615 918 734 978 melius
756 918 913 995 expedire
935 918 1061 979 uideris

179 1042 181 1051 ‚
268 1018 445 1095 provideas
464 1016 722 1092 praemissarum,
739 1017 772 1076 in
787 1016 949 1077 beneficio
969 1032 1059 1092 prae·

267 1113 401 1176 bendaii
427 1114 537 1189 ipsum
575 1112 615 1173 ab
642 1113 747 1189 ipsius
780 1112 925 1189 capitulo
955 1112 1059 1189 recipi

265 1202 394 1272 'iaciens
415 1210 450 1270 iu
473 1208 680 1281 canonicum,
704 1211 737 1271 et
756 1210 790 1271 iu
811 1210 958 1270 fratrem.
973 1211 1061 1271 Cou-

265 1308 474 1376 tradiciores,
496 1308 558 1368 etc.
580 1309 698 1370 Datum
715 1308 881 1381 Laterani,
902 1311 963 1368 xit
990 1307 1057 1368 kal.

264 1404 363 1483 junii,
379 1420 466 1466 auno
481 1404 621 1465 decimo.

619 1624 699 1713 obl

265 1725 468 1838 Addabbutas
482 1780 517 1839 S.
540 1777 706 1837 Antonini
724 1778 972 1851 appensorum,
993 1780 1058 1838 Le-

302 1876 476 1937 sntensene
489 1876 523 1936 et
538 1878 769 1946 Asstttensem,
784 1878 956 1937 Totosnnoe
966 1879 1056 1937 utoe·

302 1975 402 2034 cesis.

549 2049 583 2105 23
601 2048 668 2104 maii
690 2048 767 2105 iiio.

288 2168 408 2235 {Regnat}
421 2170 466 2221 iib.
479 2172 512 2231 ii,
526 2169 599 2234 episi.
611 2170 665 2220 268.
679 2172 736 2221 lisa.
748 2172 784 2221 La
798 2171 873 2220 Porta
887 2171 921 2220 do
935 2171 1028 2234 Theti]

262 2295 378 2354 blandai
391 2296 434 2352 eis
448 2303 477 2351 ut
492 2310 655 2367 processum
673 2295 711 2375 ab
730 2296 864 2368 episeopo
877 2297 1056 2367 Bigorritauo

295 2400 382 2457 super
395 2384 578 2456 inquisitione
593 2385 757 2441 monasterii
772 2384 980 2443 condomensis
993 2400 1056 2442 exa·

296 2473 415 2540 minent,
438 2479 467 2528 ct
486 2473 512 2529 si
532 2470 625 2529 dictus
650 2488 801 2545 processus
821 2474 977 2531 muonicus
999 2489 1054 2531 uon

295 2561 375 2619 visus
391 2559 484 2629 luerit,
505 2574 621 2617 causam
641 2559 677 2617 ad
692 2560 824 2618 abbatem
840 2562 993 2618 Exieusem
1008 2576 1052 2618 re·

295 2648 423 2718 mittant3
439 2648 464 2704 si
480 2662 548 2704 vero
566 2648 722 2706 canonicos
742 2647 835 2718 uerit,
852 2649 931 2706 ilium
950 2648 1056 2708 iaciant

295 2735 495 2793 iuviolabiliter
507 2734 665 2794 observari.

299 2869 972 2948 Honoriosepisoopos,servusseruorum
981 2874 1052 2946 Dei,

260 2966 391 3028 dilectis
418 2966 536 3026 tiliis...
568 2967 680 3028 Sancti
704 2968 864 3028 Antonini
887 2971 1054 3043 Appama·

258 3080 387 3125 mum...
399 3064 582 3136 basatensi,
598 3063 667 3126 et...
680 3064 854 3126 Assiliensi
866 3064 1050 3139 abbatibus,

261 3163 434 3224 'tolosanae
449 3162 614 3235 dioecesis,
629 3161 770 3223 salutem
785 3165 818 3224 et
829 3163 1052 3239 Apostolicam

260 3257 537 3321 benedictionem.

298 3359 348 3416 Ex
380 3355 607 3417 insinuatione
637 3357 819 3417 conventus
854 3358 1053 3418 monasterii

258 3452 498 3513 condomensis
532 3452 629 3514 nobis
664 3453 820 3525 innotuit,
855 3453 942 3530 quod
977 3469 1052 3515 cum

258 3549 337 3611 olim
366 3566 467 3626 super
493 3551 711 3627 inquisitione
737 3549 889 3611 iacienda
915 3551 950 3611 iu
978 3552 1051 3628 ipso

257 3648 460 3710 monasterio
470 3649 538 3709 tam
551 3648 585 3708 iu
601 3648 709 3724 capite
722 3663 820 3724 qoam
833 3648 868 3708 in
881 3647 1050 3721 membris,

257 3745 407 3822 quaedam
421 3745 619 3821 apostolicae
633 3745 753 3806 litterae
768 3745 809 3806 ad
824 3745 1050 3806 uenerabilem

256 3840 393 3906 fratrem
417 3842 604 3903 nostrum...
634 3842 837 3903 Auxitmmm
864 3841 1051 3919 archiepis·

256 3954 386 4015 capum,
399 3939 478 3999 tuuc
489 3938 736 4013 Bigorritanum
748 3940 949 4014 episcopum,
963 3955 1050 4001 ema·

256 4036 403 4107 nossent,
417 4037 452 4096 et
464 4034 540 4095 alias
555 4034 762 4110 postmodum
775 4051 795 4095 a
810 4034 905 4096 nobis
920 4052 1051 4112 proces·

257 4133 373 4204 serint,
404 4131 490 4193 sicut
515 4132 647 4204 dicitur,
680 4131 800 4195 litterae
828 4133 1047 4204 continentes,

256 4229 390 4307 quodsi
416 4242 474 4305 per
496 4229 749 4305 inquisitionem
769 4230 876 4306 ipsam
896 4228 1048 4291 abbatem

257 4326 465 4402 contingeret
476 4326 635 4398 amoveri,
651 4327 691 4387 de
703 4327 809 4402 ipsius
821 4327 963 4388 consilio
976 4343 1049 4404 pro·

255 4424 425 4485 videretur
449 4423 653 4486 monasterio
677 4424 718 4485 de
739 4422 869 4492 abbate,
894 4428 1048 4485 recusato

253 4519 387 4581 taudem
400 4523 495 4593 eo,ot
509 4522 672 4597 suspecte,
686 4520 915 4598 propterquod
931 4521 1047 4582 baberi

254 4631 321 4677 non
335 4616 442 4693 potuit
456 4616 491 4678 in
511 4617 727 4692 inquisitione
748 4632 937 4693 processus,
959 4618 1047 4679 idem

253 4713 429 4789 episcopus
452 4714 654 4788 generaliter
682 4714 717 4774 in
741 4730 856 4775 omnes
881 4715 1047 4777 malitiose

252 4809 470 4885 impedientes
497 4809 724 4887 inquisitionis
756 4827 957 4888 processum,
981 4826 1045 4872 ex-

252 4906 562 4968 communicationis
585 4907 784 4969 seutentiam
810 4908 1044 4984 promulgavit

252 5006 390 5065 Demum
404 5002 539 5065 arbitris
552 5003 592 5064 ad
609 5005 874 5079 cognoscendum
888 5004 929 5065 de
943 5020 1045 5066 causa

252 5100 453 5177 suspicionis
479 5100 604 5172 eiectis,
627 5101 706 5177 quia
731 5115 816 5161 unus
844 5101 1045 5164 arbitrorum

250 5196 423 5259 demedio
447 5196 497 5258 est
522 5197 683 5269 sublatus,
709 5198 953 5274 propterquod
976 5215 1044 5260 non

250 5295 356 5368 potnit
366 5295 402 5353 iu
416 5294 632 5371 inquisitione
646 5293 793 5369 procedi,
809 5296 969 5357 remansit
983 5311 1045 5356 ne·

249 5390 376 5465 gotium
390 5389 426 5450 in
439 5406 612 5466 suspenso.
626 5389 763 5452 interim
778 5405 858 5453 vero
871 5392 966 5453 bonae
979 5408 1045 5454 me·

248 5486 364 5548 moriae
382 5490 435 5558 A„
457 5486 694 5549 condomensis
713 5486 827 5560 abbas,
843 5489 1042 5566 anomoio-

247 5583 346 5644 licam
359 5583 477 5645 Sedem
486 5582 637 5655 ueniens,
649 5584 690 5646 ad
701 5583 854 5647 abbatem
865 5587 1042 5648 Exiensem

1116 434 1150 494 et
1163 434 1309 511 collegas
1330 434 1437 510 ipsius
1462 437 1592 498 nostras
1613 438 1757 504 obtinuit
1779 443 1908 507 litteras

1115 530 1334 601 continentes,
1350 533 1387 592 ot
1400 532 1555 609 episcopo
1568 536 1600 595 et
1614 536 1726 598 abbati
1739 539 1846 600 eidem
1862 542 1909 602 in·

1112 628 1301 702 jungerent,
1326 628 1413 704 quod
1434 631 1674 694 concordarent
1693 635 1727 694 in
1752 637 1906 707 arbitros,

1116 723 1172 799 qui
1192 728 1431 799 cognoscerent
1449 728 1490 788 de
1510 729 1620 789 causis
1635 732 1835 807 suspicionis
1849 733 1909 796 ob-

1111 821 1905 905 jectispraedictoepiscopoiusoperinjungendo

1116 918 1151 977 ut
1174 920 1240 978 nisi
1269 922 1541 996 pronuntiaretur
1564 939 1637 985 esse
1662 931 1846 1003 suspectos,
1872 931 1907 989 io

1115 1016 1248 1089 negotio
1263 1018 1456 1093 procederet
1466 1023 1562 1096 juxta
1579 1022 1733 1084 ¹traditam
1753 1025 1817 1085 sibi
1837 1026 1908 1086 ior-

1115 1126 1212 1181 mam,
1234 1116 1267 1174 ei
1288 1115 1327 1185 si,
1344 1116 1430 1176 inira
1451 1118 1626 1179 terminum
1641 1121 1704 1180 sibi
1719 1121 1761 1181 ab
1780 1123 1906 1184 eisdem

1110 1209 1279 1285 judicibus
1306 1214 1554 1288 praefigendum,
1583 1218 1685 1279 nollet
1705 1220 1740 1280 in
1762 1221 1906 1282 arbitros

1113 1308 1404 1381 concordaremur
1422 1315 1593 1389 suspectus
1613 1314 1751 1377 forsitan
1771 1318 1908 1379 inueni-

1113 1407 1206 1466 retur
1219 1404 1261 1466 ab
1278 1406 1338 1478 eis,
1360 1408 1460 1471 iidem
1475 1412 1617 1487 judices,
1641 1415 1821 1476 secuudum
1833 1419 1906 1493 jam

1112 1502 1234 1564 dicimo
1273 1504 1424 1577 formam,
1453 1507 1488 1567 iu
1520 1511 1652 1585 negotio
1688 1514 1909 1587 procederent

1113 1603 1304 1662 memorato.
1344 1605 1424 1663 Cum
1450 1607 1560 1666 autem
1589 1608 1722 1668 interim
1755 1612 1907 1672 mortuos

1112 1696 1211 1759 luerit
1225 1699 1332 1761 dictus
1353 1700 1466 1774 abbas,
1482 1705 1516 1764 et
1535 1703 1599 1779 ipsi
1621 1708 1844 1781 processerint
1862 1709 1906 1770 ad

1111 1795 1306 1857 electionem
1330 1799 1478 1869 alterius,
1496 1816 1570 1860 cum
1595 1802 1629 1862 in
1653 1803 1712 1862 tali
1731 1819 1812 1864 casu
1837 1818 1907 1867 non

1111 1890 1211 1954 inerit
1225 1894 1315 1954 illios
1346 1896 1520 1957 consilium
1542 1898 1787 1973 requirendum,
1812 1903 1908 1978 epis·

1111 2005 1212 2065 copus
1238 1991 1320 2068 ipse,
1351 1993 1517 2069 prohibito
1541 1994 1601 2054 sub
1634 2000 1908 2061 excommonica-

1110 2086 1210 2146 tionis
1247 2088 1528 2163 interminatione,
1555 2108 1598 2153 ne
1629 2093 1671 2153 ad
1707 2094 1906 2157 electionem

1111 2184 1908 2265 siuecousilioprocedereturipsius,dumvellet

1111 2283 1224 2343 contra
1245 2284 1442 2344 conventum
1457 2285 1497 2345 ad
1514 2287 1761 2363 inquisitionem
1777 2307 1905 2366 proce-

1110 2378 1199 2451 dere,
1217 2380 1293 2441 licet
1309 2382 1343 2442 ot
1358 2384 1530 2458 suspectus
1545 2383 1646 2446 inerit
1664 2388 1850 2459 recusatus,
1868 2390 1905 2451 et

1110 2476 1173 2538 sibi
1195 2478 1417 2553 significatum
1443 2479 1562 2542 inisset
1584 2481 1625 2541 de
1648 2482 1816 2558 praedictis
1840 2486 1905 2547 lit-

1109 2574 1202 2645 teris,
1223 2590 1282 2651 per
1300 2590 1382 2651 quas
1400 2575 1485 2637 alias
1504 2579 1770 2641 committebatur
1790 2598 1906 2658 nego-

1108 2671 1202 2742 tium,
1236 2687 1303 2743 eos,
1334 2673 1502 2749 assignato
1531 2674 1595 2736 sibi
1629 2677 1770 2738 termino
1799 2680 1906 2741 nimis

1108 2767 1213 2837 breui,
1227 2768 1287 2828 sub
1303 2784 1400 2844 poena
1416 2774 1768 2834 excommonicationis
1785 2776 1908 2840 citavit

1108 2865 1149 2926 ad
1165 2864 1285 2936 locum,
1304 2866 1458 2944 adquam
1479 2885 1633 2930 securum
1648 2887 1714 2931 uon
1734 2872 1908 2936 habebant

1109 2964 1904 3048 accessum,nolenseistutumaliumassignar03

1109 3061 1242 3137 propter
1265 3061 1350 3139 qood
1370 3077 1413 3123 ex
1432 3064 1525 3139 parte
1549 3067 1730 3129 conventus
1755 3066 1797 3128 ad
1821 3083 1909 3130 nos-

1107 3159 1192 3220 tram
1207 3158 1269 3220 iuit
1288 3160 1491 3223 audientiam
1506 3163 1719 3238 appellatum.
1744 3165 1804 3225 iile
1819 3183 1908 3228 uero

1108 3272 1182 3316 com
1204 3259 1273 3333 jam
1302 3258 1388 3318 esset
1410 3258 1445 3318 in
1469 3258 1755 3337 archiepiscopum
1779 3266 1906 3338 posto-

1108 3353 1205 3424 latos,
1240 3353 1272 3414 et
1301 3354 1549 3418 administraret
1581 3359 1714 3433 negotia
1747 3361 1907 3424 ecclesiae

1106 3450 1280 3511 dumiense
1295 3452 1369 3528 post
1383 3451 1571 3528 hujusmodi
1588 3455 1847 3531 appellationem
1865 3459 1907 3519 in

1106 3548 1273 3608 Aunitaua
1286 3548 1421 3609 dioecesi
1436 3549 1602 3612 nuntiauit
1614 3567 1681 3624 eos,
1697 3555 1859 3628 tauquam
1872 3556 1906 3617 si

1106 3648 1222 3707 eontra
1250 3645 1480 3708 inhibitionem
1508 3664 1602 3709 suam
1628 3650 1670 3711 ad
1698 3650 1907 3716 electionem

1104 3744 1229 3803 temere
1252 3743 1505 3818 processissent,
1533 3748 1567 3806 ei
1586 3748 1798 3808 contumaces
1825 3748 1910 3811 iue-

1104 3839 1182 3910 riut‚
1199 3854 1239 3899 ac
1256 3839 1421 3903 malitiose
1436 3841 1649 3917 impedierint
1668 3843 1908 3921 inquisitionis

1105 3952 1306 4014 processum,
1330 3936 1495 4014 triplicem
1520 3954 1712 4014 expressam
1741 3943 1908 4018 superius

1104 4034 1456 4095 excommunicationis
1477 4036 1675 4097 sententiam
1698 4037 1905 4109 incurrisse,

1104 4146 1178 4192 com
1197 4131 1361 4192 tamenin
1386 4131 1472 4193 iacto
1496 4132 1668 4194 electionis
1689 4137 1806 4196 contra
1828 4136 1912 4198 ior-

1102 4233 1190 4288 mam
1206 4227 1386 4304 Apostolici
1402 4229 1548 4291 mandati
1564 4246 1631 4291 nou
1646 4232 1815 4307 venerint3
1838 4250 1910 4309 per

1103 4324 1189 4400 quod
1217 4325 1247 4385 si
1285 4340 1346 4401 per
1380 4325 1632 4401 inquisitionem
1667 4333 1911 4392 removeretur

1102 4420 1204 4482 abbas
1222 4421 1401 4499 procedere
1420 4423 1461 4483 ad
1481 4423 1675 4485 electionem
1693 4425 1733 4486 de
1753 4427 1910 4490 oonsilio

1103 4519 1250 4595 episcopi
1273 4518 1478 4592 tenebantur,
1502 4523 1535 4582 et
1563 4520 1792 4597 inquisitionis
1816 4541 1913 4600 pro-

1102 4631 1232 4677 cessum
1252 4615 1415 4677 malitiose
1431 4633 1498 4678 nou
1513 4618 1734 4694 impedierint,
1750 4636 1811 4681 uec
1828 4637 1910 4683 un-

1101 4729 1199 4789 quam
1218 4713 1389 4774 astiterint
1408 4715 1629 4786 contumaces,
1651 4717 1787 4791 propter
1807 4721 1911 4795 quod

1101 4825 1143 4871 ex
1153 4811 1246 4886 parte
1259 4811 1440 4871 convenius
1451 4810 1546 4871 nobis
1557 4810 1620 4872 luit
1629 4811 1802 4874 humiliter
1814 4829 1914 4893 sup-

1101 4906 1269 4983 plicatum,
1297 4907 1333 4968 ut
1364 4906 1553 4967 denuntiari
1577 4907 1813 4970 mandaremus
1838 4927 1913 4977 eos

1099 5003 1159 5064 tali
1181 5003 1344 5064 sententia
1366 5019 1431 5064 non
1451 5005 1570 5065 teneri.
1593 5004 1734 5080 Ideoque
1753 5010 1916 5073 manda-

1099 5116 1183 5171 mus,
1200 5100 1363 5176 quatenus
1383 5099 1412 5159 si
1428 5098 1522 5160 vobis
1542 5099 1728 5164 constiterit
1749 5103 1790 5163 de
1806 5121 1917 5181 prae-

1099 5196 1221 5268 missis,
1249 5195 1440 5258 nuntiantes
1463 5196 1591 5257 nollom
1618 5197 1722 5274 ipsios
1745 5199 1916 5283 episcopi

1098 5308 1173 5355 esse
1197 5308 1387 5370 processum
1414 5292 1454 5353 ad
1476 5291 1628 5354 abbatem
1657 5295 1839 5358 Enieusem
1872 5306 1919 5369 et

1098 5389 1243 5466 collegas
1256 5405 1333 5451 suos
1347 5390 1515 5464 negotium
1530 5390 1719 5451 remittatis.
1732 5391 1916 5472 Alioquin

1098 5501 1288 5564 processum
1318 5485 1482 5557 eumdem,
1517 5485 1605 5546 sicot
1631 5487 1683 5547 est
1707 5487 1916 5574 legitimus,

1098 5583 1228 5647 faciatis
1239 5599 1344 5661 usque
1355 5582 1394 5643 ad
1407 5581 1665 5644 satisfactionem
1678 5585 1915 5671 condignam,
