3950 6200
1632 168 1761 260 w

81 353 186 424 menti,
203 352 285 423 vini,
302 353 335 414 et
350 352 416 415 olei
427 354 480 414 sui
494 352 738 432 multiplicati»
757 351 863 433 (Psal.
920 354 983 424 est,
998 354 1032 414 et
1046 355 1084 415 tu
1097 354 1196 416 teu-a
1209 351 1257 433 (4)
1274 354 1371 415 visu
1381 354 1443 417 cst.
1457 351 1498 417 Et
1506 351 1593 417 bene
1601 353 1717 420 dicun·

80 456 106 521 t,
120 452 158 529 8)
171 451 483 522 tuerinthomineS,
505 453 539 513 et
562 452 730 528 praecipue
751 450 865 512 clerici
920 452 978 510 tur
1005 466 1080 512 esse
1112 451 1231 512 subtus
1259 453 1446 522 cherubim,
1477 452 1554 528 quia
1588 454 1718 518 scilicet

79 549 294 634 diuitesznon
319 549 441 624 poterit
461 549 572 609 anima
587 548 685 609 illua
709 547 780 608 suis
796 547 866 607 dis·
920 551 1024 619 paulo
1059 550 1176 607 euticus
1210 549 1251 607 ab
1286 546 1494 625 Artpetts·(5)
1518 552 1719 613 minoratus

79 644 281 721 pensionibus
290 640 505 721 con'gregari,
522 647 644 706 uicum
657 644 761 704 Dauid
777 642 867 704 dieat
922 642 1036 722 (Hehr.
1053 644 1084 713 2,
1098 640 1144 721 9).
1162 644 1314 718 Implevit
1332 659 1466 704 manum
1485 660 1579 705 suam
1592 651 1719 720 prunis

80 740 174 820 (Psal.
189 744 241 813 26,
258 740 291 821 4)
309 760 316 802 :
333 744 470 803 «Unam
484 742 565 819 petii
580 758 599 803 a
613 741 764 807 Domino,
778 740 866 800 hanc
920 743 1033 816 tquets
1050 739 1138 802 idest
1166 741 1346 816 scripturae
1361 756 1467 803 sacrae
1482 743 1667 815 sententiis,
1684 747 1718 808 et

78 840 254 917 requiram,
285 842 321 901 ut
349 839 531 900 inhabitem
560 840 594 900 in
616 839 712 899 domo
735 836 866 899 Domini
922 838 1121 899 Sanctorum
1136 838 1299 913 exemplis
1322 839 1411 909 novi,
1426 840 1716 903 etveteristesta·

79 936 222 997 omnibus
244 936 361 998 diebus
384 939 462 999 vitae
483 936 863 998 measAEomcatau-
921 935 1083 1006 menti,et
1096 933 1213 995 effudit
1226 949 1333 1009 suuper
1353 936 1539 1009 civitatem,
1554 937 1640 999 idest
1654 941 1718 1000 Ec·-
1791 976 1792 981 κ

77 1036 135 1094 tem
150 1036 237 1095 Deus
258 1034 546 1122 Jerusalemcum
566 1033 864 1095 corhominissae-
920 1031 1720 1110 clesiamquibnsprunisaccensacogitationes
1803 1056 1807 1067 ·

78 1130 241 1191 cularibus
263 1133 391 1208 pompis
416 1131 603 1202 renunciat,
621 1133 653 1191 et
667 1129 815 1202 deliciis;
832 1130 864 1190 et
921 1128 1108 1199 mundanae,
1125 1145 1144 1188 a
1160 1128 1316 1189 cordibus
1332 1129 1479 1190 ridellum
1495 1131 1715 1207 repelluntur.

81 196 135 257 aze
451 194 560 258 anes
589 157 1028 256 perun-musmo
1057 191 1361 291 mesenates
1434 220 1439 224 -

78 1229 229 1290 cemento
253 1229 404 1289 caritatis
426 1230 562 1305 junctus
587 1230 637 1289 est
659 1242 733 1287 cum
755 1226 865 1286 fideli·
959 1227 1158 1289 Meruorest
1172 1226 1274 1287 etiam
1290 1228 1449 1287 Dominus
1464 1229 1633 1305 llcclesiae,
1649 1246 1716 1292 ex-

77 1325 139 1397 bus,
170 1326 205 1387 et
230 1342 333 1386 unum
355 1326 500 1387 eflicitur
521 1341 595 1386 cum
616 1324 751 1386 eisdem.
770 1323 864 1385 Unde
920 1323 1099 1399 plorando;
1114 1323 1203 1384 unde
1216 1322 1440 1403 Zachariae(2,
1453 1326 1468 1386 1
1483 1328 1516 1387 et
1528 1325 1563 1405 2)
1579 1348 1586 1386 :
1603 1330 1718 1390 «Ecce

76 1426 167 1484 imos
195 1422 241 1501 (7,
265 1422 302 1501 7)
319 1445 326 1483 :
341 1441 360 1482 «
377 1427 461 1484 Ecce
486 1424 540 1485 vir
568 1421 615 1500 (l)
644 1426 737 1483 stans
764 1424 865 1497 super
919 1420 981 1493 uir,
999 1424 1033 1482 et
1046 1421 1081 1481 in
1104 1436 1206 1481 manu
1221 1425 1293 1498 ejus
1312 1421 1481 1482 funiculus
1501 1439 1714 1485 mensorum:
1757 1452 1764 1467 ·

76 1536 200 1581 murum
211 1520 360 1591 litum,et
370 1521 404 1580 in
420 1536 520 1580 manu
533 1518 714 1597 ejustrulla
725 1533 864 1580 caemen-
919 1520 956 1578 ut
967 1519 1126 1580 metiatur
1139 1519 1338 1586 Jerusalem,
1352 1520 1385 1581 at
1403 1520 1516 1581 videat
1532 1524 1657 1596 quanta
1672 1522 1717 1584 sit

75 1618 163 1691 larii;
180 1635 201 1677 s
216 1633 318 1694 super
342 1633 485 1688 murum,
513 1617 599 1677 idest
618 1616 801 1677 Ecclesiam
821 1631 865 1676 ex
918 1619 991 1692 ejus
1005 1615 1187 1691 longitudo,
1207 1619 1241 1678 et
1252 1615 1405 1677 latitudo.
1423 1617 1516 1677 »Vir
1533 1618 1596 1679 iste
1608 1612 1718 1679 Chris-

76 1714 258 1776 bominibus
286 1715 386 1777 luteis
420 1716 674 1789 congregatam,
705 1726 778 1790 quae
804 1727 866 1790 per
918 1716 972 1773 tus
983 1712 1239 1787 estestmtcutus
1254 1716 1326 1789 eJus
1342 1729 1540 1775 mensurans
1554 1715 1605 1776 est
1619 1730 1715 1777 sacra

75 1812 214 1879 trullam,
228 1811 315 1873 idest
343 1827 402 1888 per
417 1810 637 1871 humilitatem
653 1825 747 1869 suam
763 1808 863 1871 corda
920 1810 1104 1886 Scriptura,
1128 1809 1168 1870 de
1193 1825 1257 1887 qua
1283 1826 1440 1871 mensura
1459 1811 1494 1871 in
1517 1813 1716 1889 Apocalypsi

76 1925 182 1969 eorum
215 1909 364 1970 caritatis
398 1909 560 1969 caemento
595 1908 644 1968 sic
678 1905 799 1983 jungit,
828 1907 865 1967 ut
920 1904 984 1985 (21,
1003 1906 1553 1986 17):‹Mensurahominis,quae
1578 1911 1717 1972 estilo-

76 2006 151 2067 sicut
164 2004 297 2082 lapides
312 2007 347 2065 in
360 2020 467 2076 muro,
480 2003 529 2065 sic
543 2004 607 2080 ipsi
621 2020 721 2064 unum
736 2005 771 2063 in
787 2002 861 2075 tide,
919 2004 1029 2080 geli.»
1054 2005 1200 2080 Angelus
1224 2005 1259 2065 in
1286 2006 1380 2067 vultu
1407 2006 1502 2081 legis,
1531 2008 1637 2083 ipsius
1658 2008 1716 2085 qui

75 2104 103 2164 et
122 2103 263 2164 caritate
287 2103 518 2179 permaneant3
545 2100 633 2162 unde
649 2122 656 2162 ε
673 2118 692 2160 s
707 2098 863 2161 Multitu-
920 2100 1100 2177 adimpleat
1120 2101 1337 2175 voluntatem,
1370 2118 1438 2163 non
1465 2104 1717 2179 transgrediens

75 2199 154 2260 dinis
177 2200 385 2261 credentium
409 2202 481 2262 erat
496 2215 555 2260 cor
569 2215 686 2270 unum,
703 2200 737 2259 et
752 2198 863 2259 anima
919 2198 955 2259 in
969 2198 1083 2275 aliquo
1094 2221 1103 2274 3
1116 2199 1172 2259 sed
1186 2201 1220 2259 et
1235 2199 1332 2259 bomo
1347 2200 1383 2259 in
1395 2200 1490 2260 vultu
1501 2200 1645 2274 Domini,
1657 2201 1720 2277 qui

75 2312 174 2357 una.»
191 2296 290 2375 (Act,
307 2301 336 2369 4,
352 2296 420 2375 32.)
433 2297 494 2358 Vel
510 2318 517 2356 :
534 2301 622 2357 Ecce
642 2299 710 2368 etr,
728 2296 790 2358 etc.
804 2297 865 2356 Vir
919 2296 954 2356 in
970 2311 1066 2357 sacra
1083 2295 1253 2372 Scriptura
1269 2296 1366 2359 debet
1383 2296 1496 2371 legere
1510 2297 1716 2359 voluntatem

75 2396 130 2455 iste
142 2393 351 2456 diuinitatem
366 2390 551 2470 significat;
567 2394 669 2455 trulla
680 2395 731 2454 est
744 2393 865 2453 huma-

75 2493 175 2565 nitas3
193 2507 326 2563 murus,
351 2491 507 2552 Ecclesia
534 2491 768 2567 congregatim
799 2506 865 2552 cae-

75 2591 226 2661 mentum,
243 2590 378 2650 caritas.
404 2591 475 2650 Stat
498 2605 578 2664 ergo
600 2588 655 2649 vir
671 2603 771 2664 super
786 2603 863 2648 mu-

75 2700 140 2747 rum
155 2687 284 2747 habens
308 2686 454 2758 trullam,
478 2687 555 2764 quia
582 2685 780 2747 beneficium
796 2686 863 2746 hu-

75 2784 237 2846 manitatis
272 2784 487 2846 vehementer
519 2800 580 2845 nos
612 2783 798 2844 consolidat
828 2784 863 2843 in

74 2883 222 2955 caritate;
239 2897 342 2958 quare
357 2882 517 2943 caemento
540 2897 601 2941 nos
617 2880 862 2957 superinducit,

75 2979 211 3040 utmulti
227 2980 332 3039 simus
356 2995 457 3039 unum
474 2980 509 3039 in
533 2979 676 3039 Christo.
705 2979 759 3038 Sic
784 2994 863 3053 ergo

73 3077 225 3139 Ecclesiae
241 3091 367 3139 memor
382 3078 442 3149 est,
458 3076 702 3154 congregando.

108 3176 313 3236 Memoratur
327 3176 427 3236 etiam
443 3174 693 3247 consolidando,
703 3174 780 3234 dum
791 3175 864 3235 mit-

73 3271 108 3332 tit
127 3272 290 3333 carbones
315 3271 547 3342 desolatorios,
571 3271 659 3331 idest
680 3271 863 3332 sententias

61 3357 328 3444 scripturarum,
342 3366 376 3428 et
389 3366 542 3442 exempla
559 3366 768 3438 Sanctorum,
784 3364 863 3441 qui-

72 3462 128 3523 bus
141 3466 302 3540 tanquam
319 3463 436 3540 prunis
453 3461 656 3532 desolantur,
673 3464 706 3523 et
720 3476 864 3521 succen-

73 3560 192 3623 duntur
212 3560 450 3622 delectationes
479 3560 659 3620 saeculares
679 3559 757 3619 :uel
786 3573 863 3619 car-

920 2393 1063 2464 Domini,
1088 2394 1121 2455 at
1145 2408 1219 2454 eam
1239 2394 1434 2470 adimplere,
1456 2410 1524 2455 non
1545 2398 1718 2470 transgre-

920 2489 1014 2551 diens
1042 2493 1114 2567 ejus
1138 2490 1231 2551 lines.
1260 2490 1368 2552 Habet
1393 2506 1498 2566 ergo:
1519 2494 1717 2554 «Mensura

919 2588 1083 2661 hominis,
1113 2604 1187 2666 quae
1214 2591 1266 2649 est
1283 2589 1444 2663 angeli.»
1469 2589 1533 2650 Sed
1560 2605 1633 2665 quae
1664 2592 1717 2652 est

920 2700 1077 2746 mensura
1102 2685 1240 2760 Angelii
1267 2687 1346 2745 Haec
1373 2684 1530 2761 quoniam
1553 2686 1586 2746 id
1608 2686 1716 2748 solum

919 2783 999 2858 agit,
1015 2781 1100 2859 quod
1116 2781 1305 2842 taciendam
1325 2782 1452 2859 legitin
1478 2783 1564 2844 libro
1578 2784 1667 2865 vitae,
1684 2785 1718 2847 et

919 2895 1126 2955 quocumque
1157 2879 1310 2950 mittitur,
1341 2879 1430 2941 intra
1460 2882 1563 2940 Deum
1598 2883 1713 2943 currit.

918 2979 976 3037 Est
992 2992 1072 3051 ergo
1089 2990 1245 3036 mensura
1258 2976 1415 3048 hominis,
1431 2991 1504 3054 quae
1521 2979 1570 3038 est
1582 2979 1714 3054 Angeli,

919 3073 947 3135 si
962 3073 1045 3135 illud
1061 3074 1169 3135 solum
1184 3073 1264 3149 agit,
1280 3075 1366 3151 quod
1386 3074 1421 3135 in
1442 3073 1527 3135 libro
1542 3076 1717 3152 scripturae

919 3172 1043 3232 diuinae
1055 3171 1147 3247 legit,
1161 3173 1193 3232 et
1210 3171 1368 3248 quidquid
1384 3171 1473 3242 iacit,
1488 3174 1523 3231 in
1538 3175 1643 3234 Deum
1660 3173 1716 3234 la·

919 3268 975 3339 cit,
992 3284 1059 3328 non
1081 3267 1332 3344 transgrediens
1355 3269 1513 3329 terminos
1528 3268 1592 3328 sibi
1614 3271 1715 3331 aDeo

919 3365 1056 3442 positos.
1073 3363 1180 3426 Habet
1193 3379 1274 3440 ergo
1296 3364 1350 3427 vir
1375 3365 1439 3426 iste
1459 3364 1654 3438 funiculum,
1679 3369 1716 3429 ui

919 3461 1104 3538 perpendat
1126 3462 1271 3522 civitatis
1293 3477 1484 3522 mensuram
1501 3462 1535 3522 in
1558 3462 1712 3539 longum,

918 3560 953 3622 et
966 3560 1082 3621 latum.
1100 3558 1303 3635 Sequiturin
1318 3559 1517 3621 auctoritate
1527 3560 1714 3623 Zachariae:

72 3655 169 3718 bones
202 3657 433 3727 desolatorios,
470 3656 678 3718 destruentes
711 3654 746 3715 in
768 3653 864 3715 nobis
919 3659 1021 3729 «Quo
1036 3658 1072 3718 tu
1086 3655 1203 3716 vadist
1225 3657 1265 3717 Et
1279 3655 1364 3717 dixit
1386 3656 1426 3716 ad
1442 3670 1494 3718 me
1514 3678 1521 3716 :
1538 3659 1574 3718 ut
1597 3658 1717 3719 metiar

72 3769 190 3815 sanum
218 3755 334 3815 mundi
360 3753 529 3815 solatium.
559 3752 654 3814 Unde
682 3750 864 3813 Ezechielis
919 3754 1118 3824 Jerusalem,
1136 3753 1169 3813 et
1182 3753 1312 3814 videam
1329 3753 1505 3829 quantasit
1519 3752 1669 3828 latitudo,
1684 3758 1718 3818 et

73 3850 190 3926 legitur
205 3851 270 3930 (10,
284 3850 330 3929 2),
348 3851 434 3927 quod
448 3851 494 3912 ait
509 3850 655 3926 Angelus
667 3866 686 3908 u
698 3849 740 3932 ad
755 3849 863 3910 virum
919 3850 1090 3927 longitudo
1105 3851 1189 3927 ejus.
1207 3850 1364 3911 »Civitas
1380 3851 1442 3911 ista
1458 3866 1551 3911 mens
1570 3847 1716 3913 hominis

72 3947 219 4010 indutum
237 3949 360 4010 lineis:
377 3947 558 4023 Ingredere
579 3948 614 4007 in
635 3946 745 4007 medio
771 3949 866 4008 rota·
920 3950 980 4020 ast,
1000 3947 1072 4009 sive
1092 3947 1216 4018 anima,
1233 3950 1328 4023 cujus
1343 3947 1516 4024 longitudo
1532 3947 1629 4010 dehet
1642 3965 1716 4012 esse
1793 3977 1804 3990 ·

72 4059 154 4113 rum,
170 4062 244 4124 quae
268 4045 383 4105 subtus
398 4043 570 4105 cherubim
599 4046 688 4116 sunt,
712 4043 864 4120 stimplo
919 4045 1179 4123 perseverantia,
1203 4046 1237 4106 et
1263 4044 1423 4106 tortitudo
1447 4045 1482 4105 in
1508 4045 1717 4109 aduersitati-

72 4158 201 4203 manum
223 4144 316 4205 tuam
338 4142 455 4218 prunis
481 4141 589 4218 igneis
605 4139 665 4220 (2),
689 4156 764 4217 quae
787 4142 864 4203 sunt
918 4143 980 4204 bus
994 4142 1189 4214 tolerandis,
1202 4142 1466 4217 etsustinendis;
1480 4142 1620 4204 latitudo
1635 4159 1715 4206 vero

72 4238 158 4301 inter
170 4238 538 4310 cherubimeteffunde
550 4253 650 4314 super
658 4238 864 4300 civitatem.»
919 4240 1053 4301 caritas.
1072 4240 1201 4311 Quanta
1216 4239 1334 4300 debeat
1348 4254 1421 4300 esse
1444 4238 1616 4314 longitudo
1638 4256 1717 4316 per-

71 4337 205 4398 viriste
219 4336 358 4398 indutus
372 4335 471 4397 lineis
486 4335 636 4395 Christus
651 4335 711 4408 est,
736 4334 793 4412 qui
807 4334 864 4395 in·
920 4337 1129 4408 severantiae,
1166 4337 1199 4397 ot
1229 4335 1369 4397 latitudo
1403 4334 1588 4409 charitatis,
1621 4336 1716 4400 docet

72 4433 167 4495 dutus
182 4433 246 4495 tuit
262 4449 365 4494 carne
380 4432 538 4504 humana,
556 4433 589 4494 et
600 4432 733 4502 munda,
751 4433 864 4494 multis
918 4434 1098 4512 Apostolus
1127 4431 1241 4493 dicens
1258 4431 1433 4494 :Christus
1457 4432 1564 4494 lactus
1586 4435 1638 4495 est
1656 4451 1716 4512 pro

71 4528 864 4607 passionibus,sivetunsionibusdealbata;quod
920 4532 1015 4593 nobis
1040 4530 1197 4593 obediens
1222 4543 1325 4605 usque
1346 4528 1387 4588 ad
1403 4530 1553 4601 mortem,
1575 4533 1716 4595 mortem

70 4627 105 4687 in
120 4628 188 4689 lino
204 4628 252 4699 tlt,
278 4630 456 4704 antequam
471 4628 585 4688 veniat
603 4626 643 4687 ad
660 4626 837 4687 candorem
855 4643 863 4688 :
919 4625 1306 4704 autemcrucistpbilip„
1323 4628 1353 4697 2,
1366 4624 1412 4703 8);
1424 4626 1715 4693 eccelortitudinis

70 4724 124 4784 cui
140 4723 456 4802 loquitur-angelus,
473 4723 558 4785 idest
577 4724 677 4784 Pater
691 4723 739 4784 sic
756 4726 864 4784 :slli-
919 4725 1104 4802 longitudo.
1135 4724 1197 4785 Sed
1220 4740 1288 4785 non
1312 4740 1554 4802 quamcumque
1577 4729 1716 4789 mortem

70 4821 206 4895 gredere
234 4824 270 4883 in
305 4822 415 4881 medio
442 4821 602 4892 rotarum,
644 4822 756 4891 etc.,›
778 4822 864 4898 quod
920 4824 1115 4901 passusest,
1132 4822 1199 4883 imo
1219 4822 1368 4884 mortem
1388 4825 1520 4895 crucis;
1540 4838 1617 4883 ecce
1638 4822 1718 4885 lati-

71 4916 171 4977 etiam
184 4917 308 4979 tactum
324 4919 385 4978 est.
400 4917 493 4979 Rotae
507 4917 585 4979 sunt
594 4918 865 4978 conversationes
919 4921 1010 4983 tudo.
1040 4922 1079 4980 ln
1115 4919 1311 4982 extensione
1344 4917 1516 4979 ambarum
1557 4934 1716 4982 manuum

71 5013 236 5087 humanae,
253 5015 293 5074 in·
315 5030 455 5091 quarum
473 5013 581 5074 medio
605 5014 777 5089 ingressus
793 5016 863 5088 est:
921 5018 1083 5094 signatur,
1099 5016 1185 5094 quod
1201 5031 1262 5076 nos
1284 5016 1384 5077 etiam
1401 5012 1560 5075 debemus
1579 5031 1636 5076 eas
1652 5032 1713 5078 ca·

69 5110 143 5186 ipse
165 5112 253 5172 enim
279 5111 374 5172 tuter
393 5114 550 5172 homiues
571 5109 618 5189 (3)
640 5113 865 5173 cortoersotus
920 5116 1019 5178 ritate
1032 5115 1223 5186 extendere,
1238 5112 1346 5174 dando
1364 5127 1425 5172 nos
1438 5111 1539 5188 ipsos,
1556 5113 1642 5188 quod
1657 5130 1718 5190 per

106 5294 153 5376 (ip
167 5296 249 5352 Vera.
265 5292 352 5351 Anah.
370 5300 398 5352 et
413 5294 489 5351 lxx
503 5308 549 5366 ap.
567 5294 595 5351 S.
621 5293 738 5351 Hieron.
755 5251 863 5367 liniq:
955 5298 998 5381 (l)
1018 5300 1111 5358 Veis..
1128 5298 1238 5388 Graeco·
1251 5295 1326 5353 lxx
1345 5301 1374 5352 et
1392 5295 1472 5367 sun,
1492 5293 1544 5352 sed
1566 5296 1648 5370 Vulg.
1663 5316 1670 5355 :
1685 5301 1715 5358 in

70 5368 249 5502 Dotgllmllllgrs.
267 5434 329 5508 Syr.
345 5434 430 5562 liniq.
449 5433 556 5507 :ignis

106 5504 150 5577 (3)
168 5508 248 5564 vers.
266 5507 330 5578 Syr.
345 5512 373 5561 at
414 5506 473 5577 ulg.
491 5519 577 5566 :cum
592 5503 766 5563 bominibus.

920 5377 1104 5511 terit-'ills'llulq
1120 5453 1127 5493 ι
1141 5436 1255 5495 modico
1271 5447 1356 5509 quam
1372 5436 1484 5508 angeli.
