3950 6200
1581 212 1588 259 t

698 351 730 411 S.
754 350 974 412 rnnltcrsct
995 350 1221 414 asalslnrts
1242 351 1471 415 OPUSCULA.
1813 360 1860 423 296

501 526 745 588 οΑΡῙΤυωΜ
769 528 809 588 Π,
1108 508 1202 571 ribus
1216 510 1317 573 totius
1332 511 1536 585 monasterii,
1550 528 1623 590 qnae
1637 512 1670 575 in
1683 516 1787 577 sancta
1798 532 1862 578 con-

437 659 591 724 owiter
610 661 722 733 recipi
742 660 884 720 debeam
1109 609 1297 669 versatione
1319 610 1351 670 et
1372 608 1521 671 honestis
1540 610 1696 685 moribus,
1710 614 1863 688 iuxtater-

887 701 895 718 '
1110 721 1198 766 mam
1222 704 1436 782 professionis
1458 721 1621 780 sororum,
1646 723 1700 768 eas
1718 708 1865 784 diligenter

308 799 342 860 Si
369 813 445 876 qua,
469 799 584 860 divina
609 800 841 878 inspiratione,
862 799 991 861 venerit
1015 798 1055 860 ad
1111 802 1276 862 inlormet.
1304 804 1341 862 ln
1369 803 1616 865 examinatione
1656 805 1686 864 et
1705 807 1864 882 receptione

267 911 410 967 sorores,
434 897 549 958 volens
565 898 666 959 vitam
693 897 790 960 istam
812 898 974 973 accipere,
992 896 1056 957 ab·
1111 914 1262 960 sororum
1290 899 1505 961 servientium
1530 901 1624 961 extra
1650 903 1865 977 monasterium,

265 994 392 1054 batissa
405 1010 556 1055 sororum
570 994 716 1056 omnium
729 1010 926 1057 consensum
940 993 1057 1070 requi·
1112 999 1263 1058 servetur
1274 996 1378 1056 iorma
1390 996 1566 1072 praedicta;
1581 1013 1654 1074 quaa
1668 1000 1795 1074 possunt
1806 1015 1867 1076 pcr-

265 1107 341 1152 rere
352 1092 516 1153 teneatur.
533 1095 572 1153 Et
588 1092 617 1152 si
628 1095 735 1169 major
749 1109 826 1169 pars
839 1091 1055 1161 consenserit,
1111 1096 1183 1154 tare
1198 1093 1432 1155 calceamenta.
1456 1094 1555 1154 Nulla
1573 1110 1646 1155 cum
1662 1094 1814 1156 sororibus
1825 1112 1868 1157 re-

266 1189 525 1251 habitalicentia
549 1188 674 1250 domini
696 1190 877 1251 cardinalis
892 1189 1059 1266 protecto·
1112 1190 1287 1251 sidentiam
1303 1190 1404 1251 iaciat
1416 1191 1451 1251 in
1462 1191 1674 1265 monasterio,
1690 1192 1751 1253 nisi
1762 1198 1868 1270 recepta

265 1287 324 1357 ris,
343 1288 448 1364 possit
461 1302 535 1349 eam
556 1288 717 1364 recipcre.
735 1291 774 1350 Et
793 1289 821 1348 si
833 1286 1057 1364 recipiendam
1113 1287 1212 1349 inerit
1221 1286 1402 1349 secundum
1414 1286 1553 1349 sormam
1564 1288 1662 1365 huius
1673 1290 1867 1366 professionis.

265 1384 397 1455 viderit,
420 1384 598 1460 diligenter
616 1387 784 1447 examinet
798 1401 883 1457 eam,
902 1385 956 1445 vel
971 1399 1057 1444 exa·
1113 1387 1152 1446 Et
1171 1400 1283 1445 amore
1306 1385 1507 1446 sanctissimi
1528 1386 1562 1446 et
1584 1384 1782 1446 dilectissimi
1796 1387 1869 1463 pueri

261 1482 386 1543 minari
402 1482 502 1543 iaciat
517 1482 557 1543 de
573 1482 636 1542 lide
650 1482 814 1544 catholica
834 1484 867 1544 et
882 1480 1059 1542 ecclesias·
1112 1483 1193 1544 Jesu
1220 1481 1430 1558 pauperculis
1444 1483 1564 1558 pannis
1591 1482 1727 1544 involuti
1747 1483 1778 1543 in
1801 1499 1870 1560 prae-

265 1580 340 1641 ticis
356 1580 585 1640 sacramentis.
611 1581 650 1641 ut
674 1581 701 1639 si
719 1580 917 1640 haecomnia
933 1578 1056 1651 credat,
1114 1579 1205 1654 sepio
1220 1578 1384 1651 reclinati,
1405 1580 1437 1640 et
1462 1579 1681 1640 sanctissimae
1699 1580 1804 1641 Matris
1816 1582 1870 1655 eius

264 1678 299 1737 et
323 1676 405 1738 velit
432 1692 471 1737 ea
492 1676 636 1739 fideliter
659 1676 822 1751 confiteri,
850 1677 883 1736 et
904 1675 1058 1752 usquein
1114 1690 1242 1749 moneo,
1258 1675 1428 1752 deprecor,
1443 1676 1477 1737 et
1489 1676 1648 1738 exhortor
1658 1692 1781 1739 sorores
1790 1692 1870 1749 meas,

264 1772 514 1835 tinemiirmiter
528 1773 717 1846 observare,
742 1777 775 1835 et
791 1773 899 1834 virum
916 1788 982 1833 non
998 1770 1061 1831 ha·
1114 1773 1150 1834 ut
1174 1772 1380 1833 vestimentis
1406 1788 1536 1849 semper
1561 1773 1684 1856 vilibus
1708 1773 1869 1835 induantur.

262 1870 350 1942 beat,
366 1871 419 1932 vol
435 1871 462 1930 si
479 1871 588 1938 habet,
603 1875 636 1932 et
647 1874 717 1949 jam
733 1870 929 1947 religionem
946 1869 1058 1930 intra-

263 1968 312 2029 vit
327 1969 523 2030 auctoritate
538 1968 718 2029 dioecesani
733 1967 891 2044 episcopi,
901 1968 1060 2028 votocon·
1345 1931 1587 1994 CAPITULUM
1612 1935 1669 1994 ῙῙῙ·

262 2065 414 2126 tinentiae
422 2069 492 2143 jam
508 2065 643 2138 emisso,
660 2067 758 2126 aetate
773 2067 884 2126 autem
905 2065 1058 2139 longeva,
1142 2058 1193 2117 De
1213 2057 1329 2117 divino
1344 2056 1466 2128 Officio,
1489 2057 1523 2117 el
1534 2059 1684 2129 jejunio,
1706 2058 1738 2119 el
1750 2057 1860 2130 tltwllt't

263 2163 316 2224 vel
332 2163 524 2224 infirmitate
535 2163 648 2240 aliqua
658 2178 718 2224 seu
728 2163 880 2224 fatuitate
891 2161 932 2223 ab
947 2162 1060 2239 hujus·
1377 2147 1641 2207 mmmmm·

263 2260 353 2320 modi
362 2259 573 2321 observantia
582 2276 649 2321 non
659 2252 871 2337 impediente,
883 2258 1061 2335 diligenter
1155 2260 1293 2320 Sorores
1318 2258 1472 2321 litteratae
1499 2259 1624 2322 iaciant
1650 2260 1790 2321 divinum
1810 2257 1874 2319 Oid-

264 2360 410 2433 exponat
434 2357 466 2418 ei
494 2359 643 2419 tenorem
664 2357 854 2435 hujusmodi
867 2356 956 2419 vitae.
973 2358 1013 2417 Et
1031 2355 1060 2416 si
1115 2356 1202 2417 cium
1237 2356 1417 2417 secundnm
1452 2358 1725 2419 consuetudinem
1751 2358 1875 2418 Fratrum

265 2454 386 2516 idonea
419 2455 529 2528 luerit,
565 2455 696 2516 dicatur
727 2456 759 2516 ei
788 2454 926 2517 verbum
952 2454 1059 2515 sancti
1115 2454 1292 2526 Minorem,
1320 2469 1363 2515 ex
1390 2470 1455 2531 quo
1483 2455 1653 2530 potuerint
1678 2454 1793 2515 habere
1815 2456 1876 2513 Bre-

265 2550 450 2627 Evangeiii,
465 2551 550 2629 quod
564 2551 676 2622 vadat,
694 2552 855 2613 etvendat
865 2550 975 2612 omnia
985 2566 1058 2621 sua,
1076 2616 1081 2627 ,
1115 2550 1233 2625 viaria,
1243 2551 1383 2626 legendo
1393 2552 1465 2612 sine
1475 2553 1585 2613 cantu.
1599 2554 1720 2629 thuae
1729 2551 1874 2613 occasione

267 2648 301 2709 et
323 2664 363 2710 ea
382 2649 514 2710 studeat
537 2648 740 2725 pauperibus
755 2662 905 2724 erogare.
923 2647 1016 2721 Quod
1032 2648 1060 2707 si
1115 2647 1307 2709 rationabili
1328 2663 1394 2708 non
1419 2649 1546 2725 possint
1563 2647 1741 2726 aliquando
1764 2644 1875 2723 legendo

266 2744 379 2807 iacere
391 2761 457 2807 non
470 2746 602 2823 poterit,
615 2744 738 2807 sufficit
751 2746 783 2805 ei
795 2746 881 2806 bona
893 2745 1059 2807 voluntas.
1117 2745 1226 2806 dicere
1239 2747 1346 2806 Horas
1361 2761 1450 2818 suas,
1467 2745 1567 2807 liceat
1584 2747 1649 2820 eis,
1662 2747 1746 2808 sicut
1756 2746 1823 2807 aliae
1834 2757 1876 2803 so·

266 2842 307 2904 Et
330 2845 470 2904 caveant
497 2841 664 2904 abbatissa
691 2844 724 2904 et
751 2845 823 2920 ejus
852 2856 996 2914 sorores,
1020 2857 1062 2903 ne
1115 2857 1209 2903 rores
1235 2841 1388 2915 recitant,
1413 2841 1525 2903 dicere
1548 2845 1662 2904 Pater
1681 2845 1801 2905 nocta.
1819 2842 1877 2911 Qua

266 2938 419 3000 sollicitae
445 2939 512 3000 sint
534 2939 575 3000 de
596 2939 695 3000 rebus
719 2939 790 2999 suis
808 2938 1060 3017 temporalibus,
1116 2954 1196 3000 vero
1215 2937 1344 3000 litteras
1364 2939 1530 3012 nesciunt,
1555 2938 1670 3001 dicant
1689 2938 1801 3016 uiginti
1814 2950 1880 3013 qua·

268 3037 304 3100 ut
319 3036 422 3099 libere
437 3035 539 3099 iaciat
553 3036 593 3097 de
607 3035 707 3099 rebus
722 3037 804 3109 suis,
822 3035 979 3116 quidquid
996 3037 1063 3096 Do-
1116 3035 1192 3097 tuor
1201 3037 1312 3097 Pater
1323 3036 1444 3097 noster
1458 3051 1517 3113 pro
1533 3036 1709 3111 Matutino,
1721 3051 1777 3114 pro
1786 3030 1879 3095 Laudi·

266 3134 378 3195 minus
390 3133 608 3210 inspiraverit
625 3134 668 3194 ei.
695 3134 730 3195 Si
751 3135 862 3195 tamen
885 3132 1062 3195 consilium
1116 3133 1178 3193 bus
1193 3133 1356 3210 quinque3
1373 3149 1433 3210 pro
1448 3134 1559 3196 Prima
1574 3149 1670 3209 vere,
1683 3135 1798 3207 Tertia,
1812 3133 1879 3192 Sex-

267 3232 468 3308 requiratur,
486 3231 616 3293 mittant
634 3247 708 3293 eam
727 3232 768 3292 ad
788 3232 918 3310 aliquos
936 3230 1064 3292 discre-
1116 3232 1162 3304 ta,
1174 3232 1282 3304 Nona,
1298 3245 1358 3308 pro
1377 3230 1524 3307 qualibet
1544 3231 1685 3293 istarum
1700 3233 1824 3308 septem,
1835 3239 1879 3303 pru

267 3328 319 3388 tos
347 3327 381 3388 et
407 3329 512 3387 Deum
548 3328 713 3401 umentes,
744 3343 884 3405 qnorum
921 3326 1063 3388 consilio
1117 3328 1274 3404 vesperis
1295 3329 1405 3389 autern
1431 3328 1617 3403 duodecim,
1639 3345 1699 3407 pro
1719 3326 1881 3404 completo·

267 3423 354 3506 bona
382 3439 442 3485 sua
477 3424 678 3501 pauperibus
716 3426 904 3501 erogentur.
943 3425 1063 3486 Postea
1118 3425 1319 3501 rioseptem.
1335 3427 1401 3486 Pro
1424 3424 1593 3488 Defunctis
1614 3426 1726 3489 dicant
1747 3425 1835 3486 etiam
1856 3421 1883 3479 in

268 3521 400 3598 capillis
413 3522 520 3584 tonsis
534 3522 570 3582 in
585 3522 773 3594 rotundum,
790 3522 823 3585 et
834 3522 990 3600 deposito
1006 3521 1063 3583 ha·
1118 3522 1274 3599 vesperis
1289 3523 1413 3599 septem
1428 3524 1539 3585 Pater
1551 3524 1673 3585 noster
1693 3526 1726 3585 et
1745 3522 1881 3595 aequum

267 3617 340 3681 bitu
354 3619 520 3691 saeculari,
541 3618 726 3680 concedant
742 3620 773 3681 ei
788 3621 856 3681 tres
872 3620 1015 3692 tunicas,
1031 3621 1066 3681 et
1118 3622 1299 3693 cateruam,
1316 3634 1376 3697 pro
1391 3620 1554 3682 Matutino
1572 3619 1755 3682 duodecim.
1771 3621 1882 3679 Sorores

269 3716 474 3782 mantellum.
504 3717 667 3793 Deinceps
692 3718 787 3779 extra
811 3718 1062 3788 monasterium,
1120 3718 1274 3779 litteratae
1289 3719 1466 3778 teneantur
1482 3716 1594 3778 dicere
1608 3717 1753 3779 osticium
1768 3712 1885 3776 Deinnc

269 3814 342 3875 sine
370 3813 455 3883 utili,
482 3811 670 3884 manifesta,
698 3816 733 3875 et
758 3813 922 3890 probabili
948 3827 1063 3884 causa,
1119 3816 1239 3875 torum.
1270 3813 1406 3884 Quando
1431 3828 1512 3875 vero
1535 3814 1649 3893 aliqua
1675 3830 1719 3876 ex
1740 3808 1883 3874 sororibus

270 3910 377 3988 eidem
402 3909 496 3971 exire
524 3924 591 3971 non
613 3910 724 3972 liceat.
747 3911 858 3972 Finito
877 3926 956 3972 vero
977 3926 1065 3971 anno
1121 3912 1330 3987 migraverit,
1371 3911 1484 3972 dicant
1525 3911 1762 3989 qninquaginta
1794 3906 1884 3970 Pater

270 4006 486 4084 probationis,
499 4007 681 4085 recipiatur
693 4006 735 4069 ad
748 4007 981 4079 obedientiam,
993 4023 1067 4085 pro·
1121 3995 1248 4070 noster.
1266 4009 1361 4070 Omni
1380 4009 1529 4086 tempore
1548 4024 1682 4070 sorores
1700 4000 1885 4087 jeJ'unent,in

270 4105 405 4168 mittens
420 4105 522 4167 vitam
537 4107 570 4167 et
586 4104 725 4166 sormam
746 4104 845 4181 huius
860 4105 1066 4181 paupertatis
1121 4106 1302 4168 Nativitate
1322 4105 1465 4179 Domini,
1481 4122 1690 4185 quacumque
1704 4106 1756 4167 die
1769 4097 1885 4165 venerit

270 4203 307 4265 in
322 4202 517 4281 perpetuum
527 4201 717 4264 observare.
732 4201 832 4262 Nulla
842 4201 1067 4278 intratempus
1120 4202 1172 4265 bis
1183 4203 1276 4264 retici
1292 4204 1429 4280 possint.
1444 4205 1525 4264 Cum
1538 4201 1810 4272 adolescentibus,
1818 4193 1886 4256 debi-

272 4300 477 4378 probationis
492 4299 631 4361 veletur.
646 4298 803 4360 Mantella
819 4299 919 4360 etiam
938 4298 1068 4376 possint
1123 4300 1221 4375 libus,
1248 4303 1281 4362 et
1306 4299 1529 4361 servientibus
1544 4303 1639 4361 extra
1662 4294 1886 4362 monasterium,

272 4413 406 4461 sorores
415 4396 540 4460 habere
552 4412 612 4474 pro
624 4396 837 4458 alleviatione
852 4396 884 4457 et
894 4395 1068 4458 honestate
1123 4396 1384 4459 sicutvidebitur
1398 4394 1587 4471 abbatissae,
1600 4398 1709 4474 possit
1725 4392 1888 4456 misericor·

273 4494 402 4556 servitii
417 4495 450 4556 et
464 4493 599 4555 laboris.
616 4492 790 4554 abbatissa
812 4507 892 4555 vero
907 4491 947 4554 de
960 4492 1069 4554 vesti·
1124 4493 1209 4556 diter
1229 4494 1427 4571 dispensari.
1443 4496 1604 4570 Tempore
1626 4510 1708 4556 vero
1731 4486 1888 4555 manifesta

273 4592 395 4652 mentis
429 4591 573 4653 discrete
604 4591 654 4651 eis
687 4589 861 4667 provideat
887 4588 1069 4651 secundum
1124 4590 1334 4652 necessitatis
1349 4604 1416 4650 non
1437 4590 1615 4651 teneantur
1638 4604 1769 4652 sorores
1783 4578 1889 4663 jejunio

275 4687 452 4766 qualitates
464 4702 693 4764 personarum,
712 4688 747 4750 et
761 4686 846 4759 loca,
861 4687 895 4748 et
905 4685 1067 4764 tempora,
1124 4687 1301 4764 corporali.
1324 4685 1502 4748 Duodecim
1520 4684 1663 4761 vicibus,
1679 4685 1721 4748 ad
1735 4675 1889 4752 minucie

276 4790 310 4850 et
322 4784 462 4863 {rigidas
476 4785 642 4861 regiones,
658 4785 746 4846 sicut
764 4784 955 4848 necessitati
970 4784 1069 4846 vide·
1124 4783 1300 4846 abbatissa
1313 4783 1449 4845 licentia
1461 4784 1682 4845 confiteantur
1704 4783 1740 4843 in
1758 4791 1845 4842 anno.
1860 4771 1889 4831 Et

276 4883 322 4947 rit
332 4882 502 4961 expedire.
518 4883 537 4944 J
540 4880 724 4955 uvenculae,
740 4881 775 4940 in
790 4882 994 4942 monasterio
1010 4896 1069 4942 re·
1125 4896 1244 4944 cavere
1258 4879 1389 4955 debent,
1405 4897 1447 4942 ne
1464 4880 1531 4942 alia
1546 4880 1647 4942 verba
1662 4882 1742 4941 tunc
1753 4869 1888 4939 insomni,

228 4991 245 5044 ,’
277 4982 381 5057 ceptae
405 4977 493 5040 inira
515 4980 645 5054 tempus
669 4978 777 5038 aetatis
802 4976 970 5052 legitimae,
991 4979 1070 5039 ton·
1125 4978 1276 5054 nisiquae
1291 4977 1332 5038 ad
1345 4976 1600 5050 consessionem,
1616 4977 1650 5038 et
1663 4976 1799 5037 salutem
1812 4962 1890 5047 perti·

278 5076 419 5138 deantur
447 5075 482 5135 in
507 5073 698 5146 rotundum,
723 5074 756 5133 et
778 5073 927 5149 deposito
956 5072 1072 5134 habitu
1126 5074 1414 5136 nentanimarnm.
1432 5076 1498 5135 Sex
1517 5073 1646 5135 vicibus
1661 5061 1889 5135 communicent

279 5172 446 5245 caculam,
467 5170 649 5231 induantur
667 5183 778 5246 panno
799 5170 969 5245 religioso,
986 5170 1073 5231 sicut
1125 5171 1281 5232 videlicet
1303 5171 1338 5232 in
1361 5171 1543 5232 Nativitate
1570 5169 1714 5244 Domini,
1740 5168 1774 5228 in
1798 5159 1890 5241 quinta

278 5271 386 5329 visum
410 5267 510 5330 luerit
525 5265 713 5328 abbatissae.
738 5266 819 5326 Cum
838 5277 918 5329 vero
934 5266 974 5327 ad
991 5269 1073 5328 aeta-
1125 5267 1366 5344 DeriaMajoris
1377 5266 1602 5341 hebdomadae,
1616 5267 1651 5327 in
1662 5257 1891 5328 Resurrectione

279 5369 344 5428 tem
369 5364 549 5441 legitimam
576 5363 802 5441 pervenerint,
831 5362 955 5425 indutae
974 5365 1073 5442 juxta
1127 5364 1269 5438 Domini,
1304 5364 1339 5424 in
1375 5365 1580 5438 Pentecoste,
1616 5364 1650 5424 in
1685 5355 1892 5434 Assumpuone

280 5458 1070 5537 formamaliarum,saciantproiessionemsuam3
1126 5461 1231 5523 beatae
1247 5460 1406 5537 Virginis,
1430 5461 1511 5522 etin
1532 5462 1627 5522 Festo
1646 5459 1790 5520 omnium
1807 5456 1891 5514 Sanc·

280 5564 314 5621 et
335 5564 399 5620 tam
415 5560 510 5635 ipsis,
535 5574 632 5636 quam
648 5558 725 5619 aliis
747 5557 882 5619 novitiis
905 5556 1072 5619 abbatissa
1127 5561 1245 5620 torum.
1258 5547 1328 5618 ¹Pro
1343 5557 1624 5619 communicandis
1637 5555 1775 5615 infirmis
1790 5541 1892 5611 sorori·

282 5656 424 5719 sollicite
439 5655 631 5732 magistram
652 5652 824 5731 provideat
837 5653 878 5716 de
894 5653 1072 5717 discretio·
1127 5655 1199 5730 bns,
1216 5654 1399 5731 capellanis
1415 5655 1506 5716 intus
1519 5653 1618 5715 liceat
1631 5652 1766 5713 intrare.
