3950 6200
661 255 985 317 PROLEGOMENA.
1008 285 1049 301 -
1068 257 1177 317 VITA.

378 415 515 478 CAPUT
534 417 591 476 XI.

132 614 176 671 Dc
198 610 433 685 intelligentta
457 612 735 686 scripturorum,
758 611 853 672 etde

310 708 445 781 spiritu
457 709 661 783 prophetice.

133 901 174 964 td
186 899 314 963 mnmm
330 903 446 965 autem
462 902 582 964 mentis
597 902 810 965 serenitatem
827 902 885 964 in·

102 998 249 1060 defessum
261 1000 434 1062 orationis
453 1000 610 1073 studium,
632 1016 707 1061 cum
727 1000 886 1061 continua

102 1096 326 1159 exercitatione
361 1098 535 1170 virtutum,
569 1098 678 1159 cirum
715 1097 776 1158 Dei
809 1112 887 1174 per-

102 1194 235 1264 duxerat,
261 1196 301 1255 ut
326 1195 484 1271 quamvis
506 1210 573 1256 non
596 1194 752 1257 babuerit
772 1210 887 1255 sacra·

103 1307 160 1352 run
185 1289 381 1352 litterarum
416 1292 570 1368 peritiam
597 1308 657 1368 per
689 1291 885 1359 doctrinam,

54 1457 55 1462 ἵ
104 1389 216 1448 eterne
233 1388 354 1448 tamen
375 1388 461 1450 lucis
483 1388 665 1450 irradiatus
687 1387 884 1464 fulgoribus,

103 1484 336 1561 scripturarum
379 1485 546 1563 protunda
582 1486 668 1547 miro
698 1485 887 1547 intellectus

104 1582 291 1643 scrutaretur
311 1583 485 1644 acumine.
508 1582 710 1644 Penetrabat
733 1582 821 1643 enim
845 1582 886 1642 ab

106 1679 176 1740 euni
196 1678 272 1741 lube
300 1696 427 1757 purum
455 1681 626 1757 ingenium
654 1681 886 1757 mysteriorum

104 1775 290 1849 abscondita,
304 1780 341 1838 et
357 1777 416 1838 ubi
431 1778 633 1853 magistralis
650 1777 790 1839 scientia
805 1776 886 1837 toris

104 1874 164 1944 stat,
188 1873 332 1936 affectus
363 1874 526 1937 introibat
556 1874 711 1936 amantis.
742 1873 887 1949 Legebat

104 1970 281 2048 quandoque
302 1970 458 2032 inlibris
480 1971 599 2042 sacris,
618 1972 652 2032 et
665 1971 751 2047 quod
773 1970 886 2031 animo

105 2067 187 2129 senet
205 2068 390 2146 injecerat,
409 2068 572 2132 tenaciter
586 2068 798 2145 imprimebat
815 2083 887 2129 me-

105 2166 210 2236 morie,
234 2167 318 2243 quia
338 2182 422 2227 non
446 2166 570 2228 trustra
599 2165 753 2227 mentalis
777 2167 887 2227 atten-

105 2260 185 2324 tionis
207 2263 423 2340 percipiebat
447 2262 574 2334 auditu,
601 2263 687 2339 quod
718 2263 885 2324 continuae

106 2357 267 2420 devotionis
288 2360 488 2421 ruminabat
507 2359 641 2422 affectu.

136 2456 361 2527 succentibus
379 2457 559 2534 aliquando
580 2456 751 2527 tratribus,
772 2457 884 2517 utrum

106 2551 156 2611 sibi
162 2554 304 2630 placeret
311 2555 403 2632 quod
416 2554 564 2627 litterati,
570 2554 773 2632 jamrecepti
782 2553 823 2614 ad
834 2569 885 2614 or·

107 2647 205 2722 dinem
217 2652 437 2714 intenderent
449 2652 558 2713 studio
571 2668 676 2714 sacrae
691 2651 881 2728 scripturae,

106 2748 252 2823 respondit
264 2771 273 2809 :
287 2750 380 2810 Mihi
393 2749 525 2827 quidem
536 2749 655 2827 placet,
668 2749 746 2809 dum
759 2749 880 2820 tamen,

106 2845 232 2922 exemplo
250 2846 397 2918 Christi,
421 2848 477 2924 qui
497 2847 604 2922 magis
628 2862 741 2907 orasse
763 2846 884 2921 legitur

106 2957 183 3016 quen
195 2943 337 3020 legisse,
354 2945 517 3006 erationis
537 2945 682 3007 studium
702 2959 768 3005 non
784 2944 883 3005 omit-

105 3039 169 3111 tant,
182 3055 240 3103 nec
253 3044 375 3105 tamen
389 3040 437 3122 (1)
453 3042 618 3114 studeant,
636 3044 671 3105 ut
686 3042 794 3104 sciant
805 3056 884 3119 qua-

105 3134 166 3196 litcr
176 3139 324 3202 debeant
341 3140 444 3217 loqui,
465 3139 522 3201 sed
547 3142 584 3201 ut
607 3140 721 3201 audita
744 3138 880 3211 iaciant,

106 3232 131 3293 et
146 3249 212 3297 cum
230 3238 389 3308 iecerint,
406 3237 483 3297 aliis
507 3236 660 3299 facienda
682 3239 880 3313 proponant.

105 3330 180 3403 Volo,
196 3335 320 3412 inquit,
337 3334 458 3395 iratres
473 3349 564 3395 meos
583 3334 763 3409 discipulos
778 3349 883 3394 evan-

1676 256 1735 316 130

940 414 1072 478 ritatem
1109 417 1256 491 ipsarum
1290 414 1490 490 descriptam
1522 414 1669 491 gestaret
1699 415 1734 475 in

940 528 1052 587 opere,
1080 515 1113 575 et
1134 527 1193 590 per
1223 513 1335 574 Sancti
1366 512 1510 589 Spiritus
1544 512 1735 573 unctionem

940 610 1137 686 plenariam,
1156 608 1323 672 doctorem
1339 625 1455 671 earum
1474 610 1561 685 apud
1576 625 1612 670 se
1627 609 1735 671 habe·

940 706 1167 768 retineorde.

980 804 1071 865 Adeo
1080 805 1180 866 etiam
1193 804 1228 864 in
1238 805 1311 880 ipso
1321 803 1443 867 claruit
1452 803 1737 881 spiritusprophe·

939 901 1008 972 tiae,
1024 903 1060 963 ut
1076 901 1274 977 praevideret
1298 901 1420 972 futura,
1434 903 1466 963 et
1483 901 1632 962 cordium
1655 915 1737 961 con-

941 1000 1091 1059 tueretur
1119 998 1260 1070 occulta,
1295 999 1447 1060 absentia
1479 1012 1609 1074 quoque
1643 997 1737 1059 veluit

941 1096 1119 1171 presentia
1132 1096 1294 1167 cerneret,
1310 1098 1390 1157 etse
1405 1097 1602 1172 praesentem
1613 1095 1736 1155 absen-

940 1191 1029 1254 tibus
1044 1192 1243 1255 mirabiliter
1257 1192 1441 1254 exhiberet.
1462 1195 1624 1269 Tempore
1639 1208 1736 1253 nam-

941 1303 1005 1366 que
1032 1306 1096 1366 quo
1125 1290 1310 1351 Damiatam
1345 1289 1604 1350 christianorum
1640 1289 1734 1350 obsi-

941 1387 1039 1448 debat
1054 1387 1233 1457 exercitus,
1251 1387 1368 1447 aderat
1382 1387 1435 1447 vir
1449 1387 1519 1458 Dei,
1537 1401 1603 1447 non
1619 1388 1732 1459 armiS,

942 1482 1000 1544 sed
1013 1482 1076 1545 tide
1089 1485 1247 1545 munitus.
1259 1485 1339 1544 Cum
1355 1484 1458 1559 igitur
1472 1483 1525 1544 die
1539 1483 1618 1544 belli
1634 1484 1737 1545 cbris-

939 1582 1025 1642 tiani
1053 1583 1253 1657 pararentur
1281 1582 1322 1642 ad
1347 1597 1503 1657 pugnarn,
1527 1582 1590 1643 boc
1609 1582 1734 1651 audito,

942 1678 1065 1739 Christi
1080 1694 1197 1739 servus
1213 1678 1428 1739 vehementer
1442 1678 1613 1754 ingemuit,
1630 1679 1736 1740 dixit-

941 1790 1006 1851 que
1020 1776 1110 1836 socio
1126 1791 1186 1836 suo
1201 1797 1208 1835 ε
1227 1777 1262 1836 Si
1277 1775 1357 1836 belli
1373 1775 1473 1837 suerit
1488 1777 1669 1838 attentatus
1682 1775 1736 1835 in-

940 1887 1087 1948 gressus,
1111 1872 1256 1934 ostendit
1277 1873 1359 1932 mihi
1378 1873 1538 1934 Dominus
1553 1888 1619 1934 nou
1639 1887 1737 1949 pros·

941 1983 1020 2045 pere
1055 1970 1173 2031 cedere
1208 1969 1415 2032 christianis.
1449 1973 1573 2031 Verum
1600 1970 1637 2036 ‚si
1672 1970 1736 2030 boe

940 2065 1068 2137 dixero,
1085 2065 1197 2127 fatuus
1213 2066 1411 2143 reputabor:
1429 2067 1457 2127 si
1470 2069 1618 2139 tacuero,
1635 2081 1735 2128 cons-

940 2163 1097 2225 cientiam
1122 2179 1188 2224 non
1210 2163 1360 2225 evadam.
1385 2164 1469 2237 Quid
1488 2165 1590 2240 igitur
1608 2164 1668 2226 tibi
1683 2164 1736 2224 vi-

940 2259 1054 2321 deturt
1069 2260 1252 2336 Respondit
1266 2263 1338 2337 eJus
1356 2262 1477 2333 socius,
1495 2262 1630 2321 dicens:
1650 2263 1736 2322 Fra-

938 2358 1000 2429 ter,
1022 2372 1083 2433 pro
1098 2358 1235 2417 minimo
1255 2357 1315 2418 tibi
1343 2358 1397 2430 sit,
1422 2361 1458 2418 ut
1479 2358 1520 2418 ab
1544 2357 1734 2418 bominibus

935 2454 1109 2531 judiceris,
1127 2454 1204 2531 quia
1222 2470 1288 2515 non
1304 2455 1401 2515 modo
1418 2455 1538 2531 incipis
1554 2455 1664 2515 fatuus
1679 2470 1735 2515 re-

939 2555 1059 2631 putari.
1099 2556 1252 2615 Exonera
1286 2555 1524 2615 conscientiam
1562 2555 1662 2626 tuam,
1701 2557 1735 2616 et

938 2654 1041 2712 Deum
1057 2651 1164 2726 magis
1179 2652 1269 2722 time,
1287 2667 1385 2728 quam
1407 2651 1569 2712 homines.
1587 2654 1656 2722 Quo
1672 2667 1735 2712 au-

938 2748 1018 2818 dito,
1033 2748 1176 2810 exiliens
1192 2748 1315 2810 Christi
1328 2765 1436 2825 praeco
1450 2750 1654 2811 salutaribus
1667 2765 1734 2810 mo·

938 2835 1017 2905 nitis
1039 2845 1240 2907 christianos
1260 2846 1464 2921 aggreditur,
1486 2846 1640 2922 prohibet
1661 2846 1734 2908 bel-

937 2942 1017 3013 lum,
1032 2942 1205 3003 denuntiat
1224 2959 1338 3003 casum
1358 2960 1365 3003 :
1384 2944 1420 3004 tlt
1439 2944 1564 3004 veritas
1586 2944 1619 3004 in
1637 2944 1735 3004 iabu-

937 3040 1022 3113 lam3
1039 3040 1281 3102 induraverunt
1302 3055 1360 3102 cor
1382 3056 1489 3113 suum,
1507 3044 1540 3103 et
1554 3041 1734 3104 noluerunt

937 3138 1074 3198 reverti.
1100 3139 1179 3209 Itur,
1208 3138 1434 3209 committitur,
1463 3138 1616 3210 bellatur,
1639 3140 1731 3201 tota-

937 3235 1059 3311 quein
1085 3233 1197 3309 sugam
1222 3236 1364 3295 uertitur
1389 3235 1508 3323 militia
1532 3235 1727 3307 christiana,

937 3331 1035 3391 tinem
1045 3329 1124 3392 belli
1135 3331 1348 3407 opprobrium
1359 3347 1527 3406 regerenS,
1540 3348 1605 3393 non
1617 3334 1731 3394 trium

107 3427 207 3499 geticos
218 3447 308 3504 esse,
325 3431 441 3508 sieque
455 3432 490 3491 in
506 3432 625 3493 notitia
639 3431 790 3493 veritatis
803 3447 882 3508 pro·
936 3428 1049 3504 phum.
1063 3430 1260 3490 Tentavere
1276 3429 1386 3503 strage
1399 3429 1658 3490 christianorum
1672 3432 1732 3491 im·

107 3521 195 3597 icere,
216 3529 308 3605 quod
328 3528 365 3588 in
390 3527 614 3603 simplicitatis
635 3528 780 3604 puritate
796 3543 881 3588 con·
936 3525 1083 3587 minutus
1106 3526 1156 3587 est
1179 3541 1348 3597 numerus,
1373 3527 1409 3587 nt
1432 3526 1521 3587 circa
1541 3543 1601 3588 sex
1623 3529 1729 3589 millia

107 3627 244 3698 esunt,
271 3627 313 3687 ut
340 3624 587 3701 simplicitatem
611 3624 834 3686 columbinam
860 3640 880 3685 a
935 3621 1730 3702 fuerintintermortuosetceptivos.lnquoevi-
1782 3658 1791 3671 ι

107 3718 258 3791 prudentia
283 3720 482 3798 serpentina
506 3737 573 3783 non
603 3722 768 3797 separent,
798 3737 881 3799 quas
935 3719 1052 3782 denter
1069 3720 1224 3792 innotuit,
1249 3721 1335 3798 quod
1358 3721 1544 3797 spernenda
1566 3738 1632 3783 non
1656 3726 1730 3784 erat

107 3816 241 3891 magister
262 3818 413 3885 eximius
437 3833 495 3879 ore
516 3833 577 3879 suo
598 3817 775 3887 ,benedicto
799 3835 881 3881 con·
935 3816 1100 3894 sapientia
1124 3806 1291 3894 pauperis,
1315 3834 1390 3880 cum
1411 3823 1532 3881 areima
1553 3823 1624 3882 viri
1638 3823 1730 3894 jose

106 3911 206 3984 lunxit.
932 3918 1010 3989 plus
1044 3916 1228 3977 orcourcttet
1262 3919 1444 3990 aliquando
1486 3933 1582 3989 vcro,
1624 3936 1729 3993 qccom

137 4009 353 4090 iuterrogatus
380 4013 477 4074 Senis
501 4027 520 4072 a
550 4012 690 4089 quodam
722 4011 879 4087 religioso
933 4012 1065 4085 septem
1089 4013 1397 4087 circumspectores
1418 4015 1577 4076 sedecies
1600 4019 1638 4076 io
1663 4032 1729 4077 ecc·

110 4102 363 4186 uro,tbeotogiae
387 4125 491 4171 sacrae
518 4109 663 4183 doctore,
677 4109 718 4169 de
738 4108 878 4186 quibus·
933 4108 1643 4188 celsoodepecotoodum.(Eccli.,xxxv11,
1662 4112 1727 4191 18.)

111 4197 168 4262 tan
194 4206 434 4282 questionibus
466 4205 659 4267 difficilibus
694 4206 877 4278 intellectu,
972 4204 1048 4266 Alio
1064 4220 1194 4283 quoque
1207 4209 1355 4283 tempore
1377 4224 1451 4268 cum
1468 4209 1543 4284 post
1557 4209 1727 4270 reversio-

111 4294 182 4361 mu
201 4304 354 4366 claritate
372 4303 533 4365 doctrinae
558 4303 681 4363 divina
705 4304 879 4379 sapientiae
933 4316 1009 4363 nem
1027 4302 1132 4378 ipsius
1147 4302 1188 4364 de
1202 4304 1290 4366 ultra
1305 4320 1407 4377 mare,
1422 4304 1580 4366 Celanum
1600 4307 1726 4383 praedi·

113 4396 306 4466 metaciebat
324 4416 459 4471 arcana,
481 4402 518 4461 ut
533 4400 747 4461 vehementer
766 4401 880 4476 stupe-
933 4401 1069 4459 catnrus
1093 4400 1276 4472 accederet,
1301 4401 1397 4462 miles
1425 4402 1558 4478 quidam
1585 4392 1727 4482 supplici

112 4491 273 4560 termille
288 4498 427 4575 peritus,
445 4498 567 4558 etcum
586 4496 808 4557 admiratione
823 4513 880 4558 re·
933 4510 1009 4556 eum
1030 4496 1206 4558 devotione
1227 4513 1301 4557 cum
1323 4497 1483 4559 instantia
1500 4516 1620 4577 magna
1635 4503 1726 4565 invi-

114 4581 192 4652 luet
203 4614 210 4652 :
222 4597 322 4666 Vere,
339 4595 457 4671 inquit,
473 4593 641 4668 theologia
658 4593 757 4654 istius
771 4594 878 4656 sancti
932 4592 1018 4653 tavit
1031 4592 1072 4652 ed
1088 4582 1277 4668 prandium.
1293 4595 1393 4655 Venit
1415 4596 1526 4673 itaque
1548 4599 1588 4659 ad
1611 4601 1727 4662 militis

113 4685 204 4756 lttris,
218 4690 362 4767 puritate
377 4706 418 4752 ac
430 4690 710 4765 contemplatione
720 4692 878 4766 tanquam
933 4688 1077 4761 domum,
1099 4690 1272 4767 omnisque
1297 4691 1425 4754 familia
1448 4711 1631 4772 pauperum
1646 4698 1728 4759 hos-

115 4776 162 4839 tlis
175 4783 206 4845 in
223 4788 327 4850 altum
348 4787 516 4857 subvecta,
534 4787 585 4847 est
607 4786 719 4862 ‘aquila
738 4787 875 4863 rolans3
933 4787 1037 4863 pitum
1048 4787 1211 4848 exultavit
1221 4788 1255 4848 in
1265 4789 1430 4864 ingressu.
1443 4794 1527 4854 Ante
1537 4809 1616 4855 vero
1627 4810 1725 4871 quam

115 4879 204 4942 nosne
221 4899 300 4945 cero
322 4883 463 4945 seientia
478 4884 595 4945 ventre
611 4882 764 4958 graditur
778 4899 879 4961 super
932 4883 1042 4945 eibum
1064 4886 1233 4946 sumerent
1248 4888 1347 4962 Juxta
1368 4888 1502 4949 solitum
1523 4906 1658 4962 morem,
1673 4892 1725 4952 vir

116 4970 224 5039 terram
247 4981 340 5042 Licet
366 4981 454 5041 enim
480 4982 571 5041 esset
598 4981 772 5056 imperitus
801 4996 873 5041 ser·
932 4984 1042 5043 mente
1059 4980 1211 5056 devotus,
1224 4984 1370 5046 offerens
1385 4987 1453 5046 Deo
1470 5001 1584 5062 preces
1599 4989 1633 5049 et
1646 4988 1723 5048 lau-

119 5080 208 5146 moue,
235 5077 375 5139 scientia
408 5080 520 5138 tamen
558 5076 676 5153 plenus
713 5077 878 5140 enodabat
932 5078 1001 5150 des,
1015 5078 1122 5141 oeulis
1146 5080 1255 5141 stabat
1277 5081 1415 5144 elevatis
1436 5084 1472 5142 in
1489 5084 1618 5143 coelum.
1636 5086 1723 5146 Ora-

117 5158 193 5230 dubia
207 5175 434 5249 questionum,
450 5176 484 5235 et
502 5174 695 5235 abscondita
713 5175 877 5251 produce-
930 5175 1022 5236 tione
1039 5176 1213 5253 completa,
1229 5176 1410 5253 benignum
1428 5179 1602 5254 hospitem,
1621 5180 1723 5242 iami-

118 5254 159 5321 btt
169 5265 197 5326 in
213 5269 327 5332 lucem.
344 5272 415 5332 Nec
435 5269 608 5343 absonum,
630 5271 660 5332 si
674 5271 727 5332 vir
741 5274 876 5334 sanctus
930 5272 1060 5334 liariter
1074 5273 1270 5334 advocatum
1285 5275 1321 5334 in
1338 5278 1477 5351 partem,
1494 5276 1543 5337 sic
1558 5277 1724 5340 allocutus

119 5353 332 5437 &figurarum
351 5369 453 5428 aDeo
468 5368 673 5430 intellectum
688 5370 874 5444 acceperat,
931 5371 1005 5431 est:
1028 5371 1122 5438 Ecce,
1145 5358 1249 5431 trater
1271 5371 1402 5447 hospes,
1420 5372 1487 5433 tuis
1511 5362 1618 5435 victus
1640 5392 1721 5452 pre-

120 5463 174 5515 itm
187 5475 238 5536 per
254 5464 474 5525 imitationem
491 5463 613 5526 Christi
628 5463 807 5541 perrectum
822 5481 875 5529 ve·
929 5465 1034 5537 cibus,
1060 5468 1097 5529 ut
1119 5466 1364 5540 manducarem,
1387 5467 1521 5531 domum
1547 5474 1638 5537 tuam
1664 5476 1722 5537 iu-

147 5565 179 5638 tt)
191 5571 267 5645 leuc:
281 5583 404 5633 mnium.

230 5704 344 5748 remes.
364 5703 435 5747 rous
451 5692 500 5751 lll.
1495 5701 1513 5757 5
