3950 6200
179 309 278 373 217

3371 299 3487 356 521ss

430 882 1258 1062 INDEX
1402 876 3195 1054 MATERIARUM

848 1275 1046 1357 QUAE
1093 1274 1176 1342 IN
1234 1272 1399 1342 HOC
1443 1270 1731 1341 ΤΗΟΜΟ
1781 1268 2089 1353 QUINTO
2137 1265 2752 1338 CONTINENTUR.

742 1893 1280 1982 HONORII
1348 1891 1535 1999 ΙΙΙ,
1613 1887 2330 1977 PONTIFICIS
2400 1887 2878 1975 ROMANI

1632 2111 1962 2158 EPISTOLAE.

1205 2273 1428 2337 LIBRI
1473 2271 1754 2336 DECIMI
1802 2269 2375 2334 CONTINUATIO.

166 2561 226 2615 Ad
246 2561 470 2619 abbatem
506 2569 566 2620 et
601 2567 938 2620 conventum
976 2557 1297 2616 monasterii
1330 2559 1388 2614 S.
1427 2557 1532 2615 Ri-

215 2641 351 2698 eherii
368 2686 383 2713 ,
409 2642 807 2700 Ambianensis
834 2640 1108 2698 dioecesis.

166 2718 225 2775 Ad
247 2720 487 2779 decanum
509 2731 571 2779 et
595 2721 901 2795 capitulum
925 2722 1244 2777 Trecentos,

166 2799 225 2854 Ad
251 2802 480 2859 abbatem
531 2810 590 2859 et
636 2809 973 2858 conventum
1023 2799 1212 2856 Sancti
1258 2797 1533 2872 Arnulphi

215 2881 456 2939 Metensis.

64 2977 65 2983 ¹
166 2958 224 3014 Ad
240 2961 500 3033 Hugonem
523 2961 594 3019 de
614 2961 935 3031 Lezirfiaco,
958 2959 1228 3016 Marchiae
1248 2959 1531 3016 comitem.

164 3039 224 3093 Ad
242 3042 528 3114 Aquensem
553 3049 612 3099 et
641 3042 1002 3099 vasatensem
1031 3040 1339 3112 episcopos.

162 3120 232 3255 Adf
243 3121 450 3258 abbaltes
475 3131 530 3180 et
561 3131 899 3180 conventum
933 3119 1251 3203 monasterii
1279 3119 1349 3176 de
1374 3121 1532 3175 Dun-

159 3217 528 3355 Adirffiplum
547 3281 942 3353 Glasguensem
962 3285 1020 3337 et
1039 3279 1294 3337 abbatem
1317 3294 1383 3336 ac
1403 3292 1531 3335 con-

210 3361 736 3498 grrssingnonasterii
755 3363 979 3417 Sanctae
998 3357 1287 3415 Trinitatis
1301 3357 1370 3413 de
1386 3360 1531 3414 Dun-

163 3516 222 3571 Ad
239 3458 472 3578 ahbatyeni
492 3525 940 3591 conventumque
964 3518 1035 3575 de
1056 3518 1448 3592 Dunl'ermelyn
1472 3524 1529 3574 et

210 3598 435 3732 ghbatern
449 3644 463 3670 ‚
493 3600 899 3671 canonicosque
919 3597 988 3654 de
1011 3598 1189 3655 Scona
1211 3600 1269 3654 S.
1291 3596 1530 3654 Andreas

161 3757 219 3811 Ad
237 3695 558 3831 'emgllm‚
590 3757 865 3814 decanum
889 3762 947 3812 et
977 3755 1367 3814 scholasticum
1395 3757 1528 3814 Tor·

213 3854 490 3896 ascensem.

161 3915 222 3971 Ab
244 3919 472 3976 abbatem
501 3921 560 3976 S.
603 3917 927 3986 Genovefae,
969 3918 1264 3989 magistros
1297 3915 1525 3972 Gaufri-

212 3997 318 4053 dum
343 4005 396 4053 et
419 3998 724 4055 Johannem
751 3997 821 4053 de
845 3998 1038 4054 Monte
1061 3995 1330 4066 Mirabili,
1355 3996 1531 4053 archi-

214 4075 468 4134 diaconum
495 4078 886 4134 parisiensem.

64 4238 65 4243 *
166 4155 227 4210 Ad
246 4157 531 4231 episcopum
547 4202 562 4229 ,
598 4157 871 4215 decanum
895 4163 952 4213 et
975 4155 1370 4213 scholasticum
1396 4155 1530 4211 Tor·

168 4252 559 4375 manv-{mum
587 4318 847 4376 abbatem
877 4316 1193 4374 monasterii
1227 4316 1418 4372 Sancti
1447 4316 1479 4370 J
1484 4331 1536 4372 a·

218 4397 571 4536 abssssxssu
593 4444 608 4471 ,
646 4404 706 4455 et
744 4398 935 4455 Sancti
963 4397 1170 4455 Marini
1208 4395 1538 4453 confessoris

173 4553 234 4608 Ad
253 4519 558 4616 Fridericnm
587 4560 968 4615 Romanorum
997 4556 1408 4629 imperatorem.

173 4634 473 4772 Adsglleitbatem
497 4645 555 4697 et
584 4645 919 4696 conventum
945 4637 1266 4694 monasterii
1293 4636 1364 4693 de
1393 4636 1531 4693 Pas-

175 4792 237 4846 Ad
258 4759 698 4872 archiepiscopoS‚
737 4797 1059 4870 episcopos,
1093 4796 1348 4866 abbates,
1383 4796 1535 4870 prio-

225 4889 319 4944 res,
343 4884 394 4932 et
411 4876 545 4934 alios
570 4877 830 4951 praelatos
858 4876 1158 4933 Hiberniae.

64 4950 65 4955 ’
176 4950 236 5006 Ad
255 4956 568 5031 episcopum,
596 4957 867 5014 decanum
897 4957 957 5013 S.
989 4955 1255 5030 Stephani
1281 4959 1338 5013 et
1359 4955 1535 5012 archi-

224 5032 473 5094 diaconum
493 5039 845 5095 Trecensem.

64 5120 67 5127 '
178 5111 238 5165 Ad
270 5117 478 5188 priorem
526 5125 585 5175 et
627 5118 826 5175 fratres
876 5116 1193 5174 Heremitas
1229 5115 1301 5172 de
1343 5117 1535 5173 Monte

228 5193 456 5254 carmelo.

180 5269 238 5324 Ad
251 5274 589 5334 Nicosiensem
606 5284 663 5335 et
682 5277 1076 5335 Caesariensem
1093 5275 1538 5350 archiepiscopos

228 5361 271 5408 et
290 5355 522 5415 abbatem
549 5359 757 5414 Montis
786 5358 1005 5415 oliveti.

183 5429 243 5484 Ad
270 5432 497 5494 abbatem
531 5437 602 5495 de
645 5437 950 5511 Josaphat,
989 5437 1434 5495 archidiaconum
1482 5442 1540 5493 et

234 5511 567 5575 subdecanum
595 5518 1007 5575 carnotensem.

184 5588 247 5644 Ad
262 5592 608 5672 lngeburgem,
623 5598 899 5672 quondam
916 5601 1254 5655 Francorum
1267 5599 1532 5670 reginam.

1630 2494 1739 2547 Col.

1712 2641 1735 2694 4

1711 2721 1742 2774 3

1714 2880 1744 2933 4

1603 2957 1716 3015 lbid
1727 3000 1740 3014 .

1711 3043 1743 3094 6

1707 3202 1742 3257 7

1710 3443 1740 3494 8

1599 3676 1739 3734 Ibid.

1708 3839 1740 3892 9

1674 4077 1741 4131 40

1681 4236 1746 4292 42

1680 4475 1746 4531 43

1679 4557 1747 4610 47

1680 4718 1745 4771 48

1679 4878 1746 4933 49

1679 5040 1747 5095 20

1681 5199 1739 5254 24

3374 2490 3485 2540 Col.

1848 2563 1934 2620 Ad
1961 2562 2242 2632 eamdem,
2267 2559 2545 2636 quondam
2573 2561 2913 2617 Francorum
2948 2560 3217 2632 reginam.
3421 2563 3491 2618 29

1848 2643 1933 2700 Ad
1962 2646 2307 2713 Romanum,
2343 2641 2531 2699 Sancti
2566 2641 2760 2713 Angeli
2801 2640 3171 2711 cardinalem,
3204 2641 3274 2696 A.

1924 2727 1985 2781 S.
2017 2723 2281 2794 legatum.
3421 2724 3489 2776 30

1848 2804 1936 2861 Ad
1964 2804 2241 2860 Andream
2260 2848 2275 2871 ,
2304 2817 2490 2874 regem
2519 2801 2841 2873 Hungariae.
3422 2802 3483 2855 34

1849 2884 1936 2941 Ad
1969 2885 2306 2957 Episcopum
2334 2882 2799 2956 vesprimiensem
2831 2888 2888 2937 et
2921 2881 3279 2955 praepositum

1920 2966 2235 3022 Albensem.
3422 2964 3493 3016 35

1849 3046 1934 3103 Ad
1962 3045 2293 3104 Yolantham
2313 3087 2328 3114 ‚
2358 3044 2606 3116 reginam
2636 3041 2961 3115 Hungariae.
3348 3042 3488 3099 Ibid.

1849 3126 1933 3182 Ad
1959 3127 2212 3183 abbatem
2238 3132 2680 3196 conventumque
2703 3123 2773 3180 de
2804 3121 3221 3196 Dunfermelyn.
3423 3123 3492 3177 36

1848 3205 1931 3261 Ad
1965 3207 2202 3276 priorem
2235 3206 2294 3262 S.
2324 3204 2613 3260 Trinitatis
2639 3202 3056 3258 Londoniensis.
3349 3199 3488 3256 Ibid.

1849 3285 1932 3341 Ad
1961 3284 2327 3354 Rodericum,
2358 3283 2834 3355 archiepiscopum
2864 3281 3212 3338 Toletanum.
3421 3282 3490 3335 37

1847 3364 1931 3420 Ad
1963 3365 2356 3421 monasterium
2384 3361 2451 3418 de
2476 3361 2903 3436 Beyhartingen.
3422 3361 3489 3414 39

1850 3444 1931 3500 Ad
1979 3445 2280 3499 Henricum
2327 3442 2584 3498 abbatem
2626 3439 2943 3497 monasterii
2980 3438 3051 3495 de
3091 3441 3277 3494 Etten·

1918 3524 2065 3581 heim
2089 3524 2317 3595 ejusque
2342 3523 2560 3578 fratres.
3347 3516 3488 3574 Ibid.

1849 3603 1932 3661 Ad
1959 3604 2279 3677 episcopum
2307 3601 2761 3673 Argentinensem
2780 3641 2794 3667 ,
2826 3597 3277 3654 archidiaconum

1918 3684 2316 3751 Rhemensem‚
2361 3680 2635 3738 decanum
2682 3679 3061 3748 Bivinensem,
3110 3677 3275 3734 Colo-

1919 3761 2123 3818 niensis
2151 3760 2426 3817 dioecesis.
3419 3757 3476 3810 44

1847 3842 1929 3898 Ad
1956 3843 1989 3897 J
1995 3842 2260 3899 ohannem
2291 3842 2348 3896 S.
2382 3839 2603 3911 Georgii
2629 3837 3097 3910 Numburgensis‚
3123 3844 3178 3892 et
3205 3835 3274 3893 de

1918 3922 2069 3977 Buch
2093 3919 2389 3977 Misnensis
2405 3919 2662 3977 dioecesis
2682 3918 2912 3976 abbates
2932 3926 2989 3976 et
3005 3917 3274 3974 decanum

1921 4004 2277 4058 Misnensem.
3421 3997 3487 4050 43

1846 4081 1930 4137 Ad
1957 4088 2227 4136 rectorem
2248 4088 2303 4136 et
2332 4078 2529 4135 fratres
2548 4078 2745 4134 domus
2764 4079 2822 4133 S.
2846 4079 2878 4130 J
2884 4075 3075 4134 oannis
3097 4078 3278 4133 Evan-

1916 4160 2128 4232 gelistae
2158 4165 2313 4216 extra
2346 4158 2583 4215 Blidam.
3422 4153 3487 4206 44

1848 4239 1927 4296 Ad
1952 4239 2181 4296 abbates
2206 4238 2461 4310 Rigniaci
2479 4282 2492 4307 ‚
2520 4246 2579 4294 et
2598 4238 2895 4294 Corensem
2924 4241 2982 4290 et
3000 4233 3272 4291 decanum

1915 4318 2397 4388 virziliacensem,
2431 4314 2925 4374 Autissiodorensis
2962 4319 3019 4369 et
3061 4311 3273 4368 Eduen·

1913 4398 1991 4455 sis
2018 4397 2294 4454 dioecesiS.
3422 4391 3488 4445 45

1844 4477 1927 4533 Ad
1958 4477 2261 4550 capitulum
2291 4473 2745 4547 Strigoniensem.
3418 4470 3488 4525 47

1846 4558 1930 4614 Ad
1959 4556 2237 4614 Andream
2268 4571 2451 4627 regem
2483 4556 2897 4626 Hungarorum.
3420 4550 3485 4607 48

1842 4639 1927 4694 Ad
1957 4636 2263 4693 Robertum
2290 4635 2609 4709 episcopum
2641 4632 3159 4706 Wesprimiensem.
3419 4632 3485 4685 49

1843 4717 1927 4775 Ad
1958 4715 2400 4790 archiepiscopos
2427 4722 2482 4773 et
2513 4714 2804 4789 episcopos
2831 4714 2887 4769 in
2912 4726 3080 4785 regno
3102 4713 3271 4768 Fran·
3368 4788 3401 4844 b
3424 4787 3459 4842 d

1913 4798 2040 4854 ciae.
3340 4790 3361 4844 1
3408 4788 3420 4843 i
3470 4829 3483 4843 .

1848 4878 1931 4936 Ad
1956 4877 2211 4936 abbatem
2235 4882 2292 4935 et
2321 4881 2653 4934 conventum
2675 4876 2732 4931 S.
2756 4873 3015 4930 Germani
3039 4870 3109 4928 de
3139 4872 3271 4926 Pra-

1917 4959 1989 5014 tis
2020 4957 2371 5015 parisiensis.
2762 5006 2769 5016 ,
3416 4949 3485 5002 50

1845 5038 1928 5094 Ad
1955 5037 2211 5094 abbatem
2243 5038 2300 5093 S.
2329 5034 2555 5092 Martini
2582 5034 2651 5090 de
2680 5032 2965 5101 Gemellis,
2998 5026 3269 5086 archidia-

1916 5122 2116 5173 conum
2147 5115 2368 5190 majoris
2394 5114 2674 5183 ecclesiae,
2709 5120 2766 5169 et
2791 5109 3150 5178 Michaelem,
3186 5122 3274 5162 ca-

1916 5197 2175 5253 nonicum
2200 5197 2256 5252 S.
2290 5192 2506 5251 Nicolai
2530 5190 2938 5249 Ambianensis.
3416 5187 3476 5239 5⁴

1845 5275 1929 5331 Ad
1961 5275 2216 5331 abbatem
2237 5281 2292 5329 et
2311 5280 2644 5331 conventum
2671 5273 2727 5327 S.
2763 5268 2913 5325 Petri
2938 5263 3264 5324 Gandensis.
3411 5266 3480 5317 52

1681 5359 1751 5413 25
1846 5355 1929 5411 Ad
1962 5355 2161 5411 fratres
2188 5353 2624 5411 Praedicatorum
2648 5357 2706 5406 et
2725 5351 2922 5405 fratres
2942 5344 3190 5402 Minores
3217 5344 3272 5400 in

1918 5435 2327 5491 Marochinato.
3346 5422 3482 5486 lbid.

1682 5520 1750 5572 26
1849 5515 1934 5573 Ad
1957 5515 2246 5574 universos
2262 5511 2725 5586 archiepiscopOS,
2748 5506 3036 5580 episcopos
3059 5511 3116 5562 et
3139 5503 3277 5563 alios

1682 5600 1751 5656 27

1922 5595 2181 5669 praelatos
2199 5593 2465 5650 Ecclesiae
2478 5636 2493 5663 ,
2524 5605 2622 5664 per
2640 5588 2897 5660 Angliam
2920 5586 3270 5644 constitutos.
3420 5585 3487 5638 54
