3950 6200
40 9 467 44 ‘'⁸³“—

171 291 230 352 175

172 450 327 514 admirati
358 453 536 530 plurimum
564 453 807 517 benedixerunt
835 458 949 517 Deum.

212 550 407 612 Gnidolotus
429 551 469 611 de
492 554 526 611 8.
541 552 739 613 Geminiano
757 554 842 617 falso
865 570 966 615 accu-

59 672 65 683 .
172 649 265 709 satus
279 648 352 719 fuit,
368 648 453 725 quod
470 664 600 711 veneno
621 651 837 713 interemerat
850 666 967 728 quem-

172 746 249 809 dam
264 746 385 815 virum,
411 747 443 807 et
457 747 544 823 qnod
560 749 675 809 eodem
690 763 814 824 genere
836 750 964 821 mortis,

173 843 277 931 fllium
291 843 438 920 ejusdem
448 843 566 914 riri,et
577 846 769 907 universam
783 850 855 923 ejus
869 846 968 908 fami-

173 941 251 1001 liam
270 944 490 1017 proposuerat
503 957 656 1004 enecare.
679 946 801 1020 Captus
815 944 965 1021 proinde,

173 1038 369 1114 apotestate
386 1040 485 1099 terrae
507 1040 715 1115 gravissimis
737 1041 880 1102 vinculis
907 1057 964 1116 ag·

172 1137 342 1211 gravatus,
370 1136 405 1195 in
434 1137 518 1197 turri
546 1138 689 1213 quadam
724 1138 875 1199 reclusus
905 1140 966 1200 est.

174 1234 249 1309 lpse
263 1249 342 1294 vero
358 1232 514 1294 fiduciam
530 1235 657 1296 habens
678 1236 713 1295 in
735 1238 886 1303 Domino,
907 1252 967 1313 pro

173 1346 233 1391 sua
248 1329 451 1397 innocentia,
469 1347 567 1407 quam
582 1332 718 1404 sciebat,
735 1346 868 1395 causam
882 1349 968 1394 com·

173 1427 264 1489 misit
278 1430 313 1487 B.
330 1429 501 1489 Francisci
517 1430 701 1505 patrocinio
713 1431 965 1493 defendendam.

174 1525 391 1600 Excogitante
413 1524 515 1601 igliur
534 1526 706 1602 potestate,
732 1526 877 1605 qualiter
900 1528 969 1589 cri-

175 1620 275 1682 minis
290 1622 410 1699 objecti
425 1623 667 1685 cenfessionem
680 1625 817 1686 eliceret
831 1629 969 1702 pertun

174 1720 969 1798 menta,qualibusquepoenisconfessumfaceret

174 1816 325 1886 interire,
344 1818 440 1877 nocte
456 1817 526 1887 illa,
543 1834 617 1878 cum
633 1833 729 1879 mane
744 1818 785 1879 ad
801 1820 968 1880 cruciatus

176 1912 311 1974 deberet
325 1913 456 1981 adduci,
474 1916 506 1974 S.
522 1916 692 1976 Francisci
703 1916 881 1992 praesentia
903 1930 967 1977 ex·

175 2010 243 2071 titit
257 2011 427 2083 visitatus;
451 2014 483 2072 et
497 2012 659 2073 immenso
684 2013 821 2073 luminis
841 2014 969 2088 fulgore

176 2123 281 2184 usque
292 2124 390 2169 mane
403 2110 639 2183 circumdatus,
663 2111 876 2187 repletusque
891 2126 970 2186 gau·

176 2204 231 2266 dio
246 2206 279 2267 et
293 2206 414 2267 fiducia
430 2207 544 2279 multa,
565 2208 777 2269 securitatem
800 2208 969 2269 evasionis

177 2303 317 2380 accepit.
362 2304 577 2367 advenerunt
606 2321 704 2366 mane
737 2307 901 2376 tortores,
937 2310 970 2367 et

177 2399 331 2461 eductum
344 2400 387 2463 de
402 2417 547 2469 carcere,
560 2402 701 2479 equuleo
713 2403 967 2480 suspenderunt,

149 2529 155 2533 -
177 2499 402 2573 aggravantes
410 2515 593 2576 supereum
604 2500 859 2577 multapondera
870 2500 968 2561 ferri:

178 2596 354 2671 Depositus
369 2598 421 2657 est
439 2597 564 2672 pluries
576 2598 742 2659 etiterum
756 2597 917 2667 elevatus,
933 2599 971 2659 ut

178 2706 276 2768 poena
294 2709 400 2769 poenas
420 2694 629 2767 succedente,
651 2695 750 2756 citius
773 2694 814 2756 ad
839 2695 971 2757 confes·

179 2788 307 2850 sionem
328 2790 480 2851 criminis
504 2791 745 2867 adduceretur3
769 2793 826 2854 sed
851 2794 970 2870 spiritu

178 2885 378 2950 innocentie
420 2887 609 2961 laetabatur,
640 2888 677 2951 in
711 2890 804 2951 vultu
843 2890 969 2952 nullam

178 2983 372 3045 moestitiam
381 2985 589 3061 praetendens
602 2987 636 3047 in
648 2986 771 3063 poenis3
784 2986 902 3049 deirme
912 3003 971 3049 ac·

179 3095 300 3142 census
315 3083 365 3143 est
380 3082 535 3158 ignissub
551 3083 626 3162 ipso
639 3096 705 3146 non
716 3084 891 3147 modicus:
908 3102 971 3148 nec

178 3181 354 3256 propterea
379 3180 522 3256 capillus
545 3182 599 3242 est
620 3183 732 3255 laesus,
760 3198 835 3245 cum
858 3184 970 3245 tamen

178 3276 287 3353 capite
299 3276 499 3354 dependeret
513 3280 554 3340 ad
576 3280 712 3370 terram.
728 3281 874 3342 Tandem
895 3280 971 3341 bul·

178 3373 279 3435 liente
292 3374 365 3436 oleo
381 3376 587 3451 superfusus,
604 3377 726 3439 virtute
751 3378 894 3454 patroni,
912 3379 970 3439 cui

177 3483 213 3532 se
226 3473 437 3533 commiserat
450 3473 700 3547 defensandum,
715 3475 787 3535 haec
797 3476 908 3536 omnia
919 3492 971 3536 su-

178 3570 317 3645 perarit,
341 3571 374 3632 et
400 3571 448 3632 sic
475 3570 633 3633 dimissus
648 3572 732 3638 liber
753 3573 866 3634 salvus
890 3572 969 3636 abs·-

180 3666 295 3733 cessit

286 3868 336 3926 Dc
354 3867 507 3927 liberatis
519 3879 542 3926 c
554 3869 709 3941 pericrtio
720 3867 861 3940 parrae.

218 4058 374 4131 Quaedam
399 4061 567 4122 comitissa
594 4061 630 4121 in
654 4060 849 4134 sclavonia,
886 4063 973 4125 sicut

177 4156 350 4218 nobilitate
366 4156 517 4228 illustris,
541 4157 589 4218 sic
618 4158 652 4219 et
676 4159 795 4219 aemula
824 4158 973 4236 probita-

602 297 657 357 ΑΙ)
679 296 816 358 OPERA
839 297 872 357 S.
895 294 1117 359 rnnncrscl
1137 298 1365 363 nsslsmris

1755 299 1810 360 lto

1020 458 1173 533 pietatis!
1201 459 1293 520 Finis
1316 458 1460 531 dicendi,
1478 457 1554 519 finis
1579 458 1641 520 fuit
1658 456 1812 533 dolendi;

1020 556 1226 631 parturiendi
1239 560 1338 628 meta,
1354 557 1506 633 pariendi
1520 554 1732 633 principium.
1746 558 1814 617 Sta·

1021 653 1079 714 tim
1100 654 1190 714 enim
1204 655 1294 715 omni
1315 658 1467 716 cessante
1489 667 1659 730 pressura,
1684 654 1815 729 partum

1021 749 1123 812 edidit
1138 766 1212 811 cum
1231 753 1350 812 salute.
1367 753 1442 813 Non
1463 752 1525 813 fnit
1545 752 1720 812 immemor
1734 749 1814 820 voti,

1021 863 1086 908 non
1103 849 1262 925 propositi
1282 848 1398 924 refuga
1416 870 1423 908 ε
1439 849 1620 911 Ecclesiam
1636 848 1815 925 quamdam

1022 946 1193 1021 pulchram
1208 947 1356 1007 construi
1372 945 1460 1017 fecit,
1477 948 1511 1007 et
1531 946 1760 1007 constructam
1775 944 1817 1005 ad

1021 1043 1128 1103 sancti
1141 1043 1300 1103 honorem
1315 1042 1474 1104 fratribus
1486 1043 1681 1118 assignarit.

1062 1141 1098 1199 In
1133 1139 1283 1215 partibus
1316 1141 1485 1211 Romanis,
1515 1140 1636 1200 mulier
1663 1139 1818 1217 quaedam

1023 1238 1157 1298 Beatrix
1168 1237 1431 1307 nomine,vicina
1447 1238 1569 1313 partui,
1584 1253 1658 1299 cum
1673 1237 1819 1313 perdies

1023 1336 1165 1410 quatuor
1191 1335 1306 1395 foetum
1324 1335 1359 1394 in
1381 1337 1498 1395 uentre
1522 1336 1669 1410 portaret
1682 1334 1820 1394 extinc-

1021 1434 1101 1500 tum,
1119 1431 1233 1492 multis
1244 1432 1363 1493 infelix
1376 1432 1568 1507 agitabatur
1585 1431 1765 1508 angustiis,
1786 1431 1820 1491 et

1023 1526 1214 1588 exitialibus
1237 1527 1408 1589 doloribus
1437 1527 1630 1603 urgebatur.
1664 1530 1821 1588 Mortuus

1023 1622 1121 1685 foetus
1136 1626 1275 1685 matrem
1299 1625 1439 1701 cogebat
1453 1623 1494 1685 sd
1510 1626 1666 1697 mortem3
1683 1626 1717 1686 et
1732 1640 1822 1684 non-

1023 1720 1099 1780 dum
1127 1722 1162 1781 in
1188 1722 1296 1783 lucem
1319 1723 1515 1799 productum
1534 1722 1732 1792 abortivum,
1750 1739 1820 1798 pu·

1023 1818 1146 1879 hlicum
1169 1820 1285 1880 matris
1308 1819 1491 1896 periculum
1510 1818 1671 1896 pariebat.
1687 1822 1819 1880 'fenta-

1023 1915 1079 1976 bat
1093 1915 1296 1977 medicorum
1309 1918 1474 1976 auxilium
1491 1937 1499 1975 z
1515 1916 1573 1977 sed
1588 1932 1686 1977 omne
1701 1916 1821 1976 buma-

1024 2029 1102 2073 num
1115 2014 1298 2075 remedium
1314 2013 1488 2075 laborabat
1501 2014 1534 2073 iu
1549 2028 1682 2074 vanum.
1705 2014 1762 2075 Sic
1776 2013 1820 2074 de

1024 2110 1140 2187 primis
1166 2111 1456 2172 maledictionibus
1480 2113 1556 2172 lirae
1571 2111 1742 2187 copiosius
1757 2111 1821 2171 ali-

1025 2208 1102 2285 quid
1133 2208 1320 2270 declinarat
1355 2210 1390 2269 in
1426 2210 1594 2276 miseram,
1624 2212 1662 2269 ut
1697 2209 1820 2285 sepul-

1025 2302 1141 2362 chrum
1171 2303 1258 2364 facta
1291 2306 1483 2379 conceptus,
1515 2302 1728 2380 sepulchrum
1756 2319 1822 2379 pro

1025 2402 1115 2461 certo
1131 2401 1317 2475 proximum
1333 2404 1535 2476 expectaret

1064 2497 1236 2558 Fratribus
1262 2497 1396 2558 tandem
1422 2497 1606 2558 Minoribus
1625 2512 1685 2573 per
1705 2492 1820 2559 inter-'-

1024 2596 1164 2656 nuncios
1176 2596 1245 2656 tota
1258 2611 1294 2657 se
1311 2595 1486 2657 devotione
1500 2597 1721 2667 committens,
1738 2612 1820 2673 sup-

1025 2693 1156 2769 pliciter
1174 2692 1299 2769 aliquid
1322 2691 1365 2753 de
1392 2696 1425 2753 S.
1454 2694 1625 2754 b‘rancisci
1650 2693 1818 2770 reliquiis,

1026 2790 1089 2851 fide
1115 2790 1214 2867 plena
1241 2790 1400 2866 poposcit.
1429 2790 1574 2866 contigit
1597 2791 1679 2851 nutu
1701 2790 1822 2852 divino

1024 2888 1230 2966 aliquantum
1250 2886 1394 2948 inveniri
1421 2887 1463 2948 de
1491 2888 1627 2960 chorda,
1650 2903 1715 2965 qua
1745 2889 1822 2949 fue-

1024 2988 1077 3046 rat
1105 2988 1238 3047 sanctus
1267 2985 1463 3062 quandoque
1496 2985 1708 3062 praecinctus.
1738 2986 1822 3047 Mox

1025 3085 1061 3146 ut
1074 3097 1175 3159 super
1188 3082 1353 3144 dolentem
1364 3082 1471 3160 posits
1482 3081 1606 3145 chorda
1621 3082 1693 3156 fuit,
1707 3084 1819 3146 omnis

1025 3181 1184 3242 facillime
1204 3182 1332 3242 solutus
1357 3183 1408 3242 est
1429 3180 1534 3248 dolor,
1555 3182 1672 3242 mortis
1699 3196 1818 3252 causa,

1025 3280 1174 3339 mortuus
1199 3277 1297 3339 foetus
1326 3279 1479 3349 emissus,
1516 3278 1658 3354 pristina
1689 3279 1822 3340 sanitas

1025 3376 1189 3437 restituta.

1065 3473 1243 3550 cujusdam
1254 3473 1432 3535 deNarnio
1447 3473 1570 3535 nobilis
1581 3475 1646 3535 riri
1657 3477 1824 3545 uxor,Ju-

1025 3572 1115 3631 liana
1140 3572 1284 3642 nomine,
1310 3587 1369 3647 pro
1396 3571 1541 3632 filiorum
1570 3574 1677 3632 morte
1711 3588 1824 3632 anuos

1025 3668 1178 3730 trahebat
1193 3668 1362 3743 lugubres,
1375 3669 1408 3730 et
1421 3669 1581 3730 continue
1598 3668 1751 3730 infelices
1766 3670 1824 3730 de-

1026 3766 1178 3842 plorabat
1189 3766 1339 3835 eventus,
1356 3780 1416 3841 pro
1431 3781 1471 3826 eo
1485 3767 1571 3843 quod
1586 3781 1712 3836 omnes,
1736 3783 1824 3843 quos

1026 3879 1101 3924 cum
1116 3877 1273 3939 pressura
1288 3865 1491 3938 portaverat,
1509 3864 1596 3924 filios
1611 3863 1743 3925 modico
1760 3865 1821 3924 iu-

1026 3963 1163 4037 terjeeto
1184 3962 1333 4035 tempore
1349 3976 1423 4020 cum
1445 3961 1686 4022 vehementiori
1705 3961 1823 4022 dolore

1027 4059 1207 4135 sepulturae
1226 4056 1422 4119 tradiderat.
1447 4059 1528 4118 Cum
1555 4059 1658 4134 igitur
1677 4059 1824 4135 quatuor

1027 4155 1191 4216 mensium
1209 4156 1404 4231 conceptum
1429 4155 1566 4216 haberet
1585 4157 1619 4216 in
1631 4157 1738 4227 utero,
1754 4173 1825 4216 ma-

178 4254 232 4328 tis,
259 4270 338 4330 erga
373 4257 523 4316 sanctum
552 4256 766 4317 Franciscum
797 4257 972 4318 devotione
1026 4255 1143 4330 gisque
1156 4256 1293 4329 propter
1307 4255 1445 4313 euentus
1460 4253 1649 4328 praeteritos
1671 4252 1713 4313 de
1736 4269 1823 4314 con·
1913 4240 1921 4262 '

177 4352 350 4428 flagrabat,
367 4368 447 4428 erga
469 4352 590 4414 fratres
605 4369 684 4414 uero
700 4353 816 4414 sedula
837 4354 971 4429 pietate.
1027 4354 1130 4427 ceptae
1154 4350 1257 4426 prolis
1272 4348 1511 4411 sollicitaretur
1534 4349 1636 4421 obitu,
1662 4350 1826 4425 quamde

176 4454 337 4527 Tempore
349 4465 431 4511 vero
445 4455 570 4527 partus,
586 4451 686 4511 duros
700 4465 856 4527 perpessa
878 4451 974 4514 dolo-
1027 4451 1113 4520 ortu,
1127 4451 1163 4508 R
1179 4449 1305 4524 patrem
1329 4448 1543 4508 Franciscum
1563 4463 1622 4524 pro
1637 4449 1707 4508 vita
1732 4464 1827 4509 non-

178 4549 353 4618 restante
369 4547 431 4608 fuit
445 4548 601 4623 angustia
616 4548 801 4619 molestam,
819 4552 857 4609 ut
869 4549 974 4624 prolis
1027 4547 1104 4606 dum
1120 4545 1190 4606 nati
1204 4546 1315 4612 foetus,
1342 4544 1484 4606 fideliter
1504 4545 1714 4622 precabatur.
1740 4548 1827 4606 Ecce

177 4646 309 4707 futurus
324 4647 416 4706 ortus
440 4660 588 4721 praesens
603 4646 772 4708 rideretur
785 4647 905 4712 matris,
915 4663 973 4709 oc·
1027 4645 1137 4705 autem
1150 4644 1246 4704 nocte
1261 4641 1414 4718 quadam,
1431 4643 1608 4705 dormienti
1623 4641 1687 4702 sibi
1703 4643 1828 4703 mulier

177 4744 374 4806 casusNon
389 4742 565 4804 ridebatur
584 4742 744 4805 infantem
769 4743 850 4804 eniti
874 4759 972 4820 posse
1027 4742 1177 4818 quaedam
1202 4738 1385 4816 apparebat
1413 4740 1448 4799 in
1477 4740 1614 4810 somnis,
1641 4739 1826 4801 formosum

176 4840 341 4912 advitam,
357 4839 420 4900 uisi
437 4840 608 4915 expiraret
620 4855 638 4900 e
649 4841 730 4912 rita,
743 4856 804 4902 nec
817 4841 877 4901 tali
889 4841 971 4901 nixu
1028 4839 1201 4915 puerulum
1216 4840 1351 4913 gestans
1366 4837 1401 4896 in
1419 4837 1582 4908 manibus,
1597 4837 1829 4913 illumquelae·

176 4954 313 5015 parere,
345 4937 402 4998 sed
443 4937 565 5014 perire.
604 4937 765 4999 subvenit
785 4938 878 4998 cordi
899 4941 972 5015 ejus
1026 4937 1154 4997 tissime
1167 4935 1328 4997 offerebat
1349 4934 1467 4995 eidem.
1495 4937 1574 4994 Cum
1599 4949 1680 4995 vero
1694 4935 1754 4994 illa
1769 4950 1828 4995 re-

44 5053 49 5126 i
178 5035 391 5097 &francisci
407 5034 973 5110 fama,virtusetgloria;excitatur
1027 5033 1139 5109 cipere
1162 5034 1344 5098 recusaret,
1369 5047 1465 5108 quem
1489 5032 1600 5092 statim
1625 5031 1827 5095 formidabat

45 5143 50 5190 2
176 5133 269 5204 fides,
283 5133 509 5194 inflammatur
531 5132 673 5193 devotio.
691 5132 859 5193 Convertit
878 5147 914 5192 se
930 5132 971 5192 ad
1026 5131 1190 5200 amittere,
1207 5130 1328 5190 mulier
1341 5130 1400 5189 illa
1415 5129 1587 5206 subjunxit
1598 5152 1605 5189 :
1616 5132 1741 5190 Secure
1755 5147 1827 5191 sus·

175 5231 339 5293 auxilium
369 5230 507 5300 efficax,
539 5229 580 5289 ad
607 5229 709 5288 ildum
744 5229 898 5300 amicum,
929 5229 970 5289 ad
1027 5227 1143 5304 cipias,
1179 5227 1257 5304 quia
1286 5242 1383 5304 quem
1418 5229 1475 5288 tuo
1512 5227 1647 5288 moerori
1683 5243 1827 5304 compa·-

50 5391 54 5422 Ι
176 5329 369 5389 devotorum
385 5326 552 5396 solatium,
570 5325 734 5401 refugium
749 5326 969 5385 afflictorum:
1026 5325 1112 5386 tiens
1130 5340 1226 5385 sacer
1247 5324 1347 5386 mittit
1368 5325 1774 5396 Franciscus,ritarivet,
1792 5328 1826 5388 et

178 5425 298 5486 Sancte
319 5425 510 5491 Francisce,
535 5423 652 5500 inquit,
672 5422 786 5498 pietati
801 5423 868 5483 tuae
889 5438 965 5498 sup·
1026 5421 1185 5495 sospitate
1201 5419 1367 5495 gaudebit.
1386 5420 1504 5480 Statim
1522 5420 1688 5495 evigilans
1703 5419 1826 5481 mulier

52 5563 57 5592 ,
176 5520 426 5598 plicantomnia
442 5535 518 5581 ossa
554 5535 638 5591 mea,
667 5520 834 5582 cimento
866 5535 970 5580 voveo
1025 5518 1194 5579 intellexit
1212 5533 1272 5593 per
1296 5519 1463 5579 ostensam
1485 5517 1550 5578 sibi
1568 5517 1825 5604 coelitusrisio·

55 5685 59 5700 Ι
177 5618 264 5696 qnod
280 5616 451 5695 explicare
466 5632 532 5677 non
549 5632 694 5693 possum.
716 5617 802 5679 Mira
817 5617 971 5679 celeritas
1027 5630 1102 5676 nem
1128 5618 1164 5676 Β.
1194 5615 1366 5675 manciaci
1385 5614 1586 5676 sibiadesse
1612 5613 1823 5692 suffragium.
