3950 6200
130 367 174 432 553
646 356 968 421 PROLEGOMENA.
983 357 1145 420 -VITA.
1660 351 1721 413 554

129 519 246 586 Miri
281 531 381 579 annos
421 517 549 590 LXVII,
585 516 656 578 dies
691 520 747 578 lx.
784 517 873 579 Obiit
926 517 1104 594 possitzet
1115 515 1166 577 est
1178 514 1279 576 tantae
1292 515 1328 574 in
1340 513 1428 575 hanc
1443 527 1549 589 usque
1564 509 1652 572 diem
1666 525 1722 572 re-

127 622 194 682 llll
205 615 348 678 kalendas
360 613 476 691 aprilis
490 615 635 676 MDLlll.
651 631 670 674 n
927 613 1110 676 uenationis
1125 614 1192 674 tam
1207 611 1293 688 apud
1313 610 1504 680 Patavinos,
1520 623 1619 684 quam
1631 601 1720 684 apud

154 744 183 802 1„
200 739 298 801 ,apem
316 738 456 799 ,eclesia
480 738 517 798 qn
538 736 671 798 sublimi
694 752 772 798 arca
791 752 873 798 con·
927 726 1041 772 omnes
1066 711 1199 771 exteras
1225 708 1389 777 nationes,
1412 709 1447 768 ut
1469 705 1565 766 multi
1590 719 1656 765 non
1678 719 1722 765 ex

124 840 204 900 ditum
232 850 340 912 corpus
368 834 519 897 Rainerii
552 834 673 896 summi
697 834 870 910 Jnrlscon.
927 806 1098 884 Hispaniis
1134 807 1275 876 tantum,
1303 804 1362 866 ant
1396 819 1439 865 ex
1474 800 1720 877 Ulissiponensi

124 929 729 1007 submonuipraecept0r1s;·subjecto
745 929 871 991 heroici
926 904 1019 976 ”¹¹⁰2
1042 902 1076 965 0¹
1100 901 1314 977 P⁰¹¹¹¹ss³¹¹¹ae
1336 916 1449 976 ‘⁰8¹⁰’
1475 899 1532 961 ⁸⁹¹¹
1552 899 1651 960 ‘mam
1676 913 1720 960 ⁰¹

124 1030 248 1092 carminis
261 1027 435 1105 epitaphio,
452 1029 485 1090 et
505 1027 540 1087 in
555 1027 733 1103 capitulari
752 1027 822 1088 aedss
836 1027 871 1086 jn
927 1002 1036 1063 Gallia
1048 1003 1081 1063 et
1093 1016 1135 1062 ex
1145 1002 1285 1076 utraque
1300 999 1477 1060 Germania
1492 997 1572 1058 illuc
1585 995 1716 1067 abeant,

124 1126 265 1202 magnifico
279 1125 455 1186 mausoqaeo
471 1126 547 1186 ante
566 1140 660 1185 aram
679 1123 872 1185 incisaqaec
927 1100 984 1176 qui
1008 1098 1167 1174 templum
1187 1096 1250 1157 hoc
1274 1098 1307 1157 el
1332 1096 1439 1156 sancti
1464 1095 1536 1156 Viri
1558 1093 1720 1170 reliquias

927 1195 1124 1272 suppliciter
1145 1195 1358 1256 venerentur.
1385 1191 1600 1253 Sebastianus
1621 1190 1720 1251 Lusi·

281 1356 287 1369 ,
746 1355 752 1368 ,
927 1293 1028 1354 taniae
1052 1308 1124 1364 rex,
1152 1293 1186 1353 et
1214 1291 1406 1365 Margaritae
1439 1288 1613 1350 austriaca
1637 1287 1720 1348 Phi-

134 1357 240 1418 C‘m
248 1354 573 1428 Rmmatmm‘ae
586 1356 684 1416 Alex·
697 1367 852 1429 mmo
904 1427 905 1430 =
927 1390 1007 1467 lippi
1024 1392 1069 1450 ΙΙΙ
1084 1392 1218 1466 conjux,
1234 1403 1273 1448 eo
1287 1386 1493 1448 ducebantur
1507 1400 1587 1461 erga
1601 1385 1718 1445 Virum

363 1450 583 1513 Mammam·
927 1487 1077 1547 sanctum
1092 1485 1225 1557 affectu,
1251 1475 1288 1546 ut
1307 1482 1395 1560 apud
1418 1481 1582 1543 sereniss.
1604 1482 1718 1541 venea

147 1583 239 1644 llnllae
256 1583 431 1645 servantur
453 1584 489 1643 in
513 1582 612 1660 adyto
634 1597 694 1643 seu
718 1581 871 1643 sacristia
927 1586 1037 1644 torum
1048 1581 1198 1659 rempub.
1219 1582 1385 1641 instanter
1404 1579 1534 1655 egerint
1551 1593 1611 1654 pro
1626 1577 1718 1639 obti-

119 1681 273 1742 sauctorum
295 1679 460 1758 reliquiae,
482 1680 516 1742 et
532 1679 684 1757 supellex
703 1694 799 1740 sacra
820 1678 873 1740 lo·
926 1679 1036 1741 nenda
1058 1679 1197 1756 aliquali
1221 1677 1440 1755 reliquiarum
1463 1676 1612 1753 ejusdem
1636 1689 1733 1753 par-³

117 1777 318 1854 supletissima,
338 1793 405 1855 qua
429 1780 589 1855 majorem
613 1792 727 1854 paucae
749 1776 873 1837 habent
925 1777 1028 1838 ticula
1043 1776 1116 1853 regi
1129 1777 1232 1836 missa
1245 1774 1375 1836 brachii
1388 1789 1466 1851 pars
1480 1788 1535 1834 an.
1554 1773 1643 1834 1570.
1658 1775 1722 1834 Re·

117 1874 245 1935 tecleda.
270 1877 388 1937 Decem
414 1875 516 1937 habet
541 1890 658 1936 cruces
681 1875 870 1950 argenteas,
926 1873 1013 1949 ginae
1028 1889 1116 1934 anno
1141 1873 1232 1940 1610,
1258 1886 1337 1947 pars
1355 1871 1655 1932 altera‘concessa.
1682 1871 1720 1930 In

116 1971 215 2032 saluas
226 1971 390 2034 sexdecim
405 1973 609 2044 sanctorum,
628 1972 753 2033 calices
768 1971 871 2048 quin-
926 1970 1040 2048 templi
1057 1969 1222 2032 vestibulo
1237 1983 1338 2047 supra
1359 1984 1474 2029 arcum
1495 1969 1601 2046 portae
1622 1967 1720 2028 Occi-

116 2068 251 2143 quaginta,
273 2085 411 2131 aureum
440 2086 542 2130 unum
566 2069 666 2146 pretii
693 2083 872 2130 aureorum
926 2067 1070 2130 dentalis
1093 2067 1250 2144 leguntur
1270 2066 1341 2127 haec
1360 2066 1491 2128 vetusta
1512 2065 1544 2127 et
1567 2064 1719 2142 impolita

114 2164 331 2241 quingentorum
377 2166 515 2243 viginti3
565 2165 781 2228 tabernacula
816 2179 874 2226 ar·
927 2166 1087 2227 carmina.

114 2263 204 2334 puna
223 2262 283 2325 tria
302 2264 446 2340 majora,
466 2264 596 2326 minora
616 2263 683 2324 alia
707 2279 766 2340 pro
788 2277 872 2324 con·
941 2245 948 2257 ’

57 2365 59 2406 ι
112 2358 252 2421 sanandis
263 2363 454 2423 sanctornm
466 2361 619 2437 reliquiis
630 2361 780 2437 triginta,
796 2375 872 2421 cau·

57 2497 58 2502 ¹
112 2452 219 2613 23³3?
242 2474 362 2568 mma
388 2458 514 2530 ‘mem’
529 2457 713 2569 ,lampades
735 2458 868 2531 multas’
942 2508 1076 2581 Cujusad
1092 2508 1408 2580 exemplumsacratum
1423 2507 1506 2563 visita
1522 2504 1683 2577 Templum,

204 2570 251 2614 ³¹¹¹
266 2571 437 2617 ¹¹¹¹¹¹¹0¹¹⁸ae
459 2555 568 2627 m⁰l¹⁸⁹
585 2556 713 2617 Statuas
733 2571 776 2616 0³
794 2555 870 2617 νοω
978 2597 1069 2676 Expia
1084 2610 1161 2654 nuno
1175 2604 1252 2664 voto,
1263 2593 1379 2652 loemina
1396 2595 1494 2666 virque
1509 2601 1586 2650 noto.

113 2644 211 2710 oblatas
224 2652 358 2729 maj0ris
375 2652 532 2729 ponderis
553 2652 705 2730 quatuor,
730 2651 870 2712 minoris
942 2686 1026 2743 Nunc
1040 2692 1142 2757 ,egum
1156 2683 1269 2756 plenus,
1282 2683 1330 2754 qni
1344 2683 1414 2739 vqxp
1429 2696 1547 2754 pauper,
1560 2695 1682 2754 egenus,

111 2741 358 2819 ¹¹¹liss¹¹11⁰V01¹¹2
382 2747 513 2809 tabulas
536 2749 712 2824 ³¹8⁰¹¹¹0²1⁸
731 2749 868 2824 septem>
979 2774 1123 2846 llispanus
1137 2772 1264 2846 genitus,
1280 2770 1384 2828 Padum
1397 2770 1460 2828 tulit
1478 2783 1542 2827 esse
1556 2768 1685 2826 colonus.

57 2909 59 2912 ,
111 2853 202 2901 narem
220 2843 382 2920 integram
402 2844 555 2905 omnibus
572 2845 788 2906 armamentis
809 2860 869 2906 or-

57 2931 58 2942 ’
110 2937 211 3013 nalam3
245 2942 389 3002 statuam
416 2956 582 3016 magnam,
609 2940 718 3002 ideam
745 2939 870 3018 praete·
965 2941 1112 3004 Probent
1140 2941 1213 3002 baec
1245 2939 1447 3001 laudabilem
1478 2937 1717 3001 Patavinorum

110 3032 208 3094 rentem
222 3036 310 3099 urbis
332 3038 519 3112 Patavinae,
542 3037 664 3115 praeter
683 3037 784 3101 aliam
807 3037 871 3099 mi·
924 3039 1161 3116 gratitudinem
1176 3053 1256 3115 erga
1271 3037 1542 3099 sauctumrirum
1558 3035 1600 3099 ob
1614 3036 1719 3096 bene·
1769 3064 1772 3068 ·

109 3131 196 3193 nutam
226 3135 463 3212 supellectilem
496 3136 634 3197 multam
666 3136 777 3197 nimis.
802 3135 871 3197 hd·
924 3137 1001 3199 licia
1014 3137 1161 3214 accepta,
1177 3135 1392 3212 etpraecipue
1411 3133 1453 3195 ob
1472 3133 1646 3194 liberatam
1662 3133 1718 3193 Gi-

109 3238 204 3288 nexnm
229 3232 468 3297 monasterium
494 3232 625 3309 patrum
664 3234 870 3296 conventua·
924 3234 1071 3305 vitatem,
1087 3248 1190 3310 quare
1205 3231 1392 3309 praeparato
1411 3230 1591 3291 mausolaeo
1609 3228 1719 3290 exbu-

107 3319 178 3397 hum,
189 3328 410 3403 gratissimum
425 3330 485 3401 est,
500 3329 538 3390 in
554 3344 618 3407 quo
633 3329 721 3391 ultra
736 3329 868 3392 centum
924 3332 1010 3392 mari
1040 3330 1104 3392 hoc
1136 3345 1224 3391 anuo
1252 3328 1365 3390 Sancti
1397 3326 1470 3389 Viri
1505 3328 1650 3402 Corpus,
1684 3328 1718 3388 et

108 3428 332 3499 commorantur,
350 3428 389 3488 ut
402 3425 568 3503 publicam
582 3427 729 3489 retinent
740 3426 870 3495 Acade·
924 3428 1095 3489 decentius
1105 3426 1241 3488 recondi
1260 3425 1448 3487 voluerunt.
1471 3423 1557 3484 Huic
1569 3422 1719 3485 transla-

106 3514 183 3578 niun
195 3519 380 3583 liberalium
395 3523 518 3584 artium
534 3522 567 3584 et
581 3522 772 3599 theologiae.
789 3523 870 3600 Opi·
923 3525 1007 3587 tioni
1022 3539 1150 3586 summa
1172 3522 1381 3585 solemnitate
1392 3524 1534 3597 peractae
1550 3521 1583 3581 in
1599 3521 1717 3581 octava

107 3623 160 3672 nos
171 3614 343 3681 habethaec
360 3618 450 3681 aedes
462 3618 622 3692 redditus,
638 3620 674 3680 in
689 3619 868 3697 eademque
924 3621 1192 3684 Resurrecticnis
1207 3619 1388 3701 Dominicae
1408 3620 1467 3679 Vll
1482 3618 1559 3678 Idus
1577 3617 1714 3694 Aprilis,

106 3710 203 3775 residet
218 3716 392 3791 pravitatis
412 3716 580 3778 haereticae
600 3716 789 3794 inquisitor,
812 3717 869 3795 qui
923 3704 1414 3795 interluitgeneralisminist'er
1426 3716 1714 3788 S.Bonaveutura,

107 3817 139 3864 ¹1
148 3808 296 3875 nunnus
305 3814 343 3875 in
359 3813 418 3875 illa
433 3812 514 3875 urbe
528 3829 659 3890 semper
673 3815 866 3876 assumitur.
923 3815 981 3893 qui
995 3815 1084 3876 inter
1098 3813 1237 3875 effossas
1251 3827 1366 3873 sacras
1385 3811 1546 3888 reliquias
1565 3810 1716 3887 linguam

133 3902 230 3984 Neque
255 3910 406 3987 tempore
432 3909 605 3984 decrescit,
641 3910 699 3972 sed
727 3910 763 3971 in
798 3909 868 3973 dies
923 3912 996 3973 Viri
1007 3911 1113 3973 sancti
1123 3910 1261 3986 triginta
1275 3909 1358 3970 duos
1373 3924 1478 3969 annos
1489 3923 1564 3968 cum
1579 3924 1718 3985 corpore

105 4001 187 4076 magia
217 4009 358 4083 augetur
393 4007 492 4084 hujus
527 4007 609 4069 aedis
645 4009 802 4085 maq‘estas
836 4008 869 4070 et
923 4008 1105 4080 humatam,
1119 4007 1293 4069 rubentem
1308 4006 1461 4067 adhucet
1475 4005 1638 4081 integram
1654 4005 1717 4066 ad-

105 4094 245 4179 splendor3
270 4105 319 4165 ita
343 4106 492 4165 meretur
525 4104 763 4165 miraculorum
795 4104 867 4166 fre·
922 4105 1121 4167 mirabiliter
1135 4103 1357 4181 repertam,et
1369 4104 1561 4164 reverenter
1574 4116 1648 4162 curu
1661 4102 1716 4161 la-

105 4196 214 4267 queutia
233 4201 266 4262 et
285 4200 494 4277 magnitudo,
518 4217 591 4278 quae
612 4201 647 4262 in
669 4201 756 4262 hanc
780 4202 867 4263 diem
923 4203 1069 4280 chrymis
1082 4203 1252 4279 acceptam
1267 4202 1322 4278 pio
1337 4198 1715 4274 hccdecoravitelogio:

104 4285 134 4348 ob
152 4295 269 4371 merita,
293 4298 328 4359 et
350 4296 624 4366 intercessionem
645 4296 746 4375 hujus
770 4313 869 4359 sanc-
923 4303 1080 4376 oltnpuc
1095 4299 1291 4361 benedicto!
1302 4312 1380 4370 quar
1387 4310 1527 4368 semper
1540 4299 1650 4356 Deum
1666 4298 1718 4357 be·

122 1224 206 1285 brevis
218 1221 381 1298 inscriptio
393 1242 401 1282 ε

944 2332 1020 2392 llllle
1034 2330 1163 2390 ducentis
1177 2344 1235 2388 uno
1244 2336 1376 2388 currente
1389 2329 1518 2403 trigenis.

978 2421 1121 2478 Antonius
1135 2417 1221 2478 freter
1235 2419 1313 2476 veuit
1327 2417 1363 2475 ad
1378 2418 1434 2475 alla
1453 2424 1534 2491 pater
1549 2433 1557 2474 :

103 4378 199 4446 tissimi
221 4390 296 4464 riri,
326 4393 397 4451 Deo
420 4390 468 4451 ita
494 4390 639 4462 volente,
673 4391 865 4467 perdurant.
922 4397 1125 4471 nedioehtt,
1140 4396 1174 4458 et
1199 4397 1286 4456 altos
1316 4395 1516 4454 betaedtcere
1544 4394 1717 4467 cucumim
1809 4442 1823 4467 ,

103 4477 242 4547 Quatenus
256 4487 359 4549 tantae
382 4488 433 4547 rei
454 4502 514 4565 per
536 4488 730 4549 uuiversum
754 4488 867 4550 orbem
923 4490 1718 4566 urcncmantsestenppcrcttamquunlatuerint

103 4571 239 4642 “narum
264 4584 311 4646 ita
339 4584 439 4660 longe
462 4584 594 4662 lateque
616 4583 707 4646 fama
733 4601 869 4663 percre-
922 4594 1128 4668 arguerunt
1142 4590 1314 4661 obsecuta.
1331 4589 1435 4658 Quam
1452 4586 1570 4648 devote
1585 4588 1718 4649 oscula·
1755 4632 1760 4638 -

103 4666 165 4748 luit,
193 4681 227 4742 ut
256 4681 444 4742 christiana
480 4682 599 4759 religio
633 4682 775 4744 alterum
804 4699 869 4760 pa·
922 4689 976 4750 tus
1004 4686 1141 4748 tradidit
1170 4684 1390 4761 Optimatibus
1414 4683 1588 4747 Patavinis
1617 4685 1717 4762 digna

103 4767 210 4875 honum
230 4777 289 4838 rix
314 4777 440 4841 habeat
475 4780 597 4855 praeter
620 4780 868 4841 immaculatam
922 4785 1021 4848 theca
1035 4782 1270 4860 reponendam.

101 4861 245 4942 Vllainem
266 4874 329 4935 Dei
355 4875 495 4935 matrem
520 4875 673 4944 Mariam,
704 4892 800 4954 quem
826 4877 868 4938 ob
961 4883 1077 4959 Neque
1087 4879 1297 4941 hicsubstitit
1307 4878 1429 4939 civium
1438 4877 1718 4949 venerati0,ultra

103 4965 267 5034 quoddiana
289 4971 456 5033 miracula
478 4971 558 5032 huic
581 4975 617 5033 D.
642 4974 787 5035 Antonio
807 4989 868 5050 pro
922 4980 1046 5042 etenim
1069 4979 1222 5055 superius
1244 4977 1380 5037 narrata
1403 4976 1551 5036 decrevit
1568 4973 1714 5050 Respub.

101 5059 171 5121 sidtu
179 5069 362 5143 praeponat,
374 5084 512 5145 quemve
521 5069 669 5130 donariis
679 5070 865 5143 ditioribus,
923 5092 1011 5138 anuo
1024 5078 1115 5148 1265,
1132 5079 1169 5136 ut
1183 5074 1297 5135 eadem
1313 5072 1421 5133 cultus
1437 5070 1646 5132 solemnitate
1661 5086 1719 5132 ce-

101 5158 145 5217 ant
160 5161 402 5226 ardentioribus
434 5165 589 5242 precibus
614 5182 675 5243 pro
703 5168 811 5230 salute
832 5169 868 5228 iu
923 5172 1263 5243 lebrareturfesturn,
1286 5168 1385 5246 atque
1403 5167 1479 5230 festi
1502 5167 1573 5228 dies
1593 5168 1717 5229 Octava

100 5256 229 5319 maximis
242 5261 406 5338 periculis
421 5262 629 5339 impetranda
639 5263 795 5326 crebrius
814 5267 870 5326 in·
924 5272 1059 5347 propter
1074 5268 1242 5329 obtentum
1263 5280 1302 5326 eo
1318 5264 1371 5324 die
1387 5262 1557 5338 singulare
1579 5263 1719 5325 liberta-

100 5346 237 5427 lerpellet.
254 5361 367 5429 Quare
385 5358 502 5421 merito
514 5359 594 5421 huic
614 5361 697 5422 Divo
717 5361 784 5422 tam
807 5378 869 5422 au·
924 5366 967 5427 tis
981 5365 1178 5427 beneficium
1196 5385 1203 5424 ε
1220 5361 1302 5423 utin
1319 5359 1630 5437 p'uhlicosorohinae
1645 5362 1717 5422 eri-

99 5452 219 5525 austum,
246 5456 348 5532 atque
375 5456 506 5531 insigne
535 5457 694 5534 templum
721 5462 868 5520 erectum
923 5464 1083 5540 gerentur
1102 5462 1180 5522 hinc
1193 5460 1270 5521 inde
1283 5459 1412 5529 statuae,
1437 5472 1504 5518 uua
1520 5459 1552 5519 S.
1569 5459 1717 5533 Antonii,

99 5546 146 5617 est
159 5549 192 5608 ut
203 5550 290 5613 inter
304 5553 638 5629 magnificentissima
652 5555 755 5617 totius
777 5556 868 5619 orbis
924 5560 1030 5622 altera
1047 5561 1079 5620 S.
1093 5554 1311 5626 Prosdocimi,
1328 5555 1434 5616 sancti
1446 5542 1537 5616 Petri
1547 5554 1716 5632 discipuli,

98 5640 228 5720 edificia,
259 5650 316 5712 vel
351 5651 562 5728 praecipumn
580 5652 766 5715 existimari
791 5658 869 5731 jure
926 5657 959 5717 et
967 5652 1222 5733 primiepiscopi
1232 5650 1451 5725 Pataviui3et
1462 5652 1533 5713 dies
1543 5652 1617 5715 octo
1627 5656 1717 5727 ante,
