<?xml version="1.0" encoding="UTF-8"?>
<!DOCTYPE html PUBLIC "-//W3C//DTD XHTML 1.0 Transitional//EN"
    "http://www.w3.org/TR/xhtml1/DTD/xhtml1-transitional.dtd">
<html xmlns="http://www.w3.org/1999/xhtml" xml:lang="en" lang="en">
 <head>
  <title>
</title>
<meta http-equiv="Content-Type" content="text/html;charset=utf-8" />
  <meta name='ocr-system' content='tesseract 3.04.00' />
  <meta name='ocr-capabilities' content='ocr_page ocr_carea ocr_par ocr_line ocrx_word'/>
</head>
<body>
  <div class='ocr_page' id='page_1' title='image "./mediiaevibiblio09bottgoog_0664.png"; bbox 0 0 3950 6200; ppageno 0'>
   <div class='ocr_carea' id='block_1_1' title="bbox 258 319 1871 416">
    <p class='ocr_par' dir='ltr' id='par_1_1' title="bbox 258 319 1871 416">
     <span class='ocr_line' id='line_1_1' title="bbox 258 319 1871 416; baseline 0.003 -37"><span class='ocrx_word' id='word_1_1' title='bbox 258 319 334 382; x_wconf 77' lang='lat'>1031</span> <span class='ocrx_word' id='word_1_2' title='bbox 684 321 717 380; x_wconf 86' lang='lat' dir='ltr'>S.</span> <span class='ocrx_word' id='word_1_3' title='bbox 739 321 914 382; x_wconf 85' lang='lat' dir='ltr'><strong>ANTONII</strong></span> <span class='ocrx_word' id='word_1_4' title='bbox 942 321 1130 382; x_wconf 73' lang='lat' dir='ltr'>Pandunt</span> <span class='ocrx_word' id='word_1_5' title='bbox 1160 323 1298 383; x_wconf 77' lang='lat' dir='ltr'>OPERA</span> <span class='ocrx_word' id='word_1_6' title='bbox 1324 320 1469 382; x_wconf 81' lang='lat' dir='ltr'>OMNIA.</span> <span class='ocrx_word' id='word_1_7' title='bbox 1804 321 1871 416; x_wconf 54' lang='lat'>‚¹⁰32</span> 
     </span>
    </p>
   </div>
   <div class='ocr_carea' id='block_1_2' title="bbox 197 474 1878 5118">
    <p class='ocr_par' dir='ltr' id='par_1_2' title="bbox 255 474 1872 847">
     <span class='ocr_line' id='line_1_2' title="bbox 256 474 1871 557; baseline -0.002 -15"><span class='ocrx_word' id='word_1_8' title='bbox 256 479 446 556; x_wconf 78' lang='lat' dir='ltr'><strong>redemptor</strong></span> <span class='ocrx_word' id='word_1_9' title='bbox 469 478 574 541; x_wconf 88' lang='lat' dir='ltr'>lsrael</span> <span class='ocrx_word' id='word_1_10' title='bbox 594 480 729 542; x_wconf 87' lang='lat' dir='ltr'>sanctus</span> <span class='ocrx_word' id='word_1_11' title='bbox 745 483 827 557; x_wconf 84' lang='lat' dir='ltr'>eJus,</span> <span class='ocrx_word' id='word_1_12' title='bbox 843 480 884 541; x_wconf 91' lang='lat' dir='ltr'>ad</span> <span class='ocrx_word' id='word_1_13' title='bbox 900 480 1050 543; x_wconf 90' lang='lat' dir='ltr'>contem·</span> <span class='ocrx_word' id='word_1_14' title='bbox 1105 480 1245 542; x_wconf 86' lang='lat' dir='ltr'>ulterius</span> <span class='ocrx_word' id='word_1_15' title='bbox 1267 497 1333 541; x_wconf 91' lang='lat' dir='ltr'>non</span> <span class='ocrx_word' id='word_1_16' title='bbox 1353 478 1552 540; x_wconf 85' lang='lat' dir='ltr'>moveretur.</span> <span class='ocrx_word' id='word_1_17' title='bbox 1575 474 1646 547; x_wconf 86' lang='lat' dir='ltr'>Vel,</span> <span class='ocrx_word' id='word_1_18' title='bbox 1671 475 1813 548; x_wconf 83' lang='lat' dir='ltr'>vertitur,</span> <span class='ocrx_word' id='word_1_19' title='bbox 1827 480 1871 539; x_wconf 87' lang='lat' dir='ltr'>sed</span> 
     </span>
     <span class='ocr_line' id='line_1_3' title="bbox 255 573 1872 654; baseline -0.002 -16"><span class='ocrx_word' id='word_1_20' title='bbox 255 578 404 654; x_wconf 90' lang='lat' dir='ltr'>ptibilem</span> <span class='ocrx_word' id='word_1_21' title='bbox 419 577 578 647; x_wconf 87' lang='lat' dir='ltr'>enimam,</span> <span class='ocrx_word' id='word_1_22' title='bbox 594 576 636 637; x_wconf 93' lang='lat' dir='ltr'>ad</span> <span class='ocrx_word' id='word_1_23' title='bbox 659 577 884 639; x_wconf 76' lang='lat' dir='ltr'>abominatam</span> <span class='ocrx_word' id='word_1_24' title='bbox 905 579 1048 653; x_wconf 81' lang='lat' dir='ltr'>gentem,</span> <span class='ocrx_word' id='word_1_25' title='bbox 1104 581 1215 639; x_wconf 91' lang='lat' dir='ltr'>tamen</span> <span class='ocrx_word' id='word_1_26' title='bbox 1242 577 1440 650; x_wconf 74' lang='lat' dir='ltr'>firmabitur,</span> <span class='ocrx_word' id='word_1_27' title='bbox 1464 574 1597 653; x_wconf 89' lang='lat' dir='ltr'>quando</span> <span class='ocrx_word' id='word_1_28' title='bbox 1621 573 1872 649; x_wconf 85' lang='lat' dir='ltr'>abstergentura</span> 
     </span>
     <span class='ocr_line' id='line_1_4' title="bbox 256 671 1685 749; baseline -0.002 -15"><span class='ocrx_word' id='word_1_29' title='bbox 256 674 297 734; x_wconf 93' lang='lat' dir='ltr'>ad</span> <span class='ocrx_word' id='word_1_30' title='bbox 313 689 446 734; x_wconf 87' lang='lat' dir='ltr'>servum</span> <span class='ocrx_word' id='word_1_31' title='bbox 460 674 705 734; x_wconf 69' lang='lat' dir='ltr'>dominorum».</span> <span class='ocrx_word' id='word_1_32' title='bbox 721 674 872 735; x_wconf 84' lang='lat' dir='ltr'>Christus</span> <span class='ocrx_word' id='word_1_33' title='bbox 884 690 963 749; x_wconf 86' lang='lat' dir='ltr'>ergo</span> <span class='ocrx_word' id='word_1_34' title='bbox 976 690 1052 734; x_wconf 87' lang='lat' dir='ltr'>eon·</span> <span class='ocrx_word' id='word_1_35' title='bbox 1105 675 1200 735; x_wconf 91' lang='lat' dir='ltr'>nobis</span> <span class='ocrx_word' id='word_1_36' title='bbox 1214 692 1329 736; x_wconf 91' lang='lat' dir='ltr'>omues</span> <span class='ocrx_word' id='word_1_37' title='bbox 1340 674 1454 736; x_wconf 88' lang='lat' dir='ltr'>sordes</span> <span class='ocrx_word' id='word_1_38' title='bbox 1469 671 1685 733; x_wconf 80' lang='lat' dir='ltr'>infirmitatis</span> 
     </span>
     <span class='ocr_line' id='line_1_5' title="bbox 255 770 1050 847; baseline -0.001 -16"><span class='ocrx_word' id='word_1_39' title='bbox 255 770 449 847; x_wconf 88' lang='lat' dir='ltr'>temptihilis</span> <span class='ocrx_word' id='word_1_40' title='bbox 478 770 634 846; x_wconf 89' lang='lat' dir='ltr'>apparuit</span> <span class='ocrx_word' id='word_1_41' title='bbox 665 770 699 830; x_wconf 94' lang='lat' dir='ltr'>in</span> <span class='ocrx_word' id='word_1_42' title='bbox 725 786 848 842; x_wconf 90' lang='lat' dir='ltr'>carne;</span> <span class='ocrx_word' id='word_1_43' title='bbox 875 774 908 832; x_wconf 93' lang='lat' dir='ltr'>et</span> <span class='ocrx_word' id='word_1_44' title='bbox 931 771 1050 833; x_wconf 85' lang='lat' dir='ltr'>merito</span> 
     </span>
    </p>

    <p class='ocr_par' dir='ltr' id='par_1_3' title="bbox 254 867 1049 944">
     <span class='ocr_line' id='line_1_6' title="bbox 254 867 1049 944; baseline -0.001 -16"><span class='ocrx_word' id='word_1_45' title='bbox 254 870 352 929; x_wconf 77' lang='lat' dir='ltr'>uocat</span> <span class='ocrx_word' id='word_1_46' title='bbox 361 869 493 942; x_wconf 82' lang='lat' dir='ltr'>gentem</span> <span class='ocrx_word' id='word_1_47' title='bbox 503 867 737 938; x_wconf 85' lang='lat' dir='ltr'>abominatam,</span> <span class='ocrx_word' id='word_1_48' title='bbox 746 867 824 944; x_wconf 88' lang='lat' dir='ltr'>quia</span> <span class='ocrx_word' id='word_1_49' title='bbox 837 870 916 929; x_wconf 89' lang='lat' dir='ltr'>Jesu</span> <span class='ocrx_word' id='word_1_50' title='bbox 928 868 1049 928; x_wconf 80' lang='lat' dir='ltr'>Christi</span> 
     </span>
    </p>

    <p class='ocr_par' dir='ltr' id='par_1_4' title="bbox 252 938 1874 3374">
     <span class='ocr_line' id='line_1_7' title="bbox 254 938 1678 1026; baseline -0.003 -1"><span class='ocrx_word' id='word_1_51' title='bbox 254 966 412 1026; x_wconf 87' lang='lat' dir='ltr'>recusant</span> <span class='ocrx_word' id='word_1_52' title='bbox 430 965 614 1026; x_wconf 88' lang='lat' dir='ltr'>servitium.</span> <span class='ocrx_word' id='word_1_53' title='bbox 645 966 684 1025; x_wconf 91' lang='lat' dir='ltr'>Et</span> <span class='ocrx_word' id='word_1_54' title='bbox 704 964 789 1024; x_wconf 91' lang='lat' dir='ltr'>bene</span> <span class='ocrx_word' id='word_1_55' title='bbox 814 965 894 1025; x_wconf 88' lang='lat' dir='ltr'>dicit</span> <span class='ocrx_word' id='word_1_56' title='bbox 917 980 1049 1024; x_wconf 88' lang='lat' dir='ltr'>servum</span> <span class='ocrx_word' id='word_1_57' title='bbox 1326 941 1465 1000; x_wconf 72' lang='lat' dir='ltr'>SERMO</span> <span class='ocrx_word' id='word_1_58' title='bbox 1494 938 1678 997; x_wconf 66' lang='lat' dir='ltr'><strong>CLXXVII·</strong></span> 
     </span>
     <span class='ocr_line' id='line_1_8' title="bbox 254 1061 1703 1149; baseline -0.001 -28"><span class='ocrx_word' id='word_1_59' title='bbox 254 1061 474 1130; x_wconf 90' lang='lat' dir='ltr'>dominorum,</span> <span class='ocrx_word' id='word_1_60' title='bbox 501 1062 579 1137; x_wconf 87' lang='lat' dir='ltr'>quia</span> <span class='ocrx_word' id='word_1_61' title='bbox 605 1064 684 1137; x_wconf 89' lang='lat' dir='ltr'>quot</span> <span class='ocrx_word' id='word_1_62' title='bbox 710 1061 861 1122; x_wconf 87' lang='lat' dir='ltr'>homines</span> <span class='ocrx_word' id='word_1_63' title='bbox 890 1062 978 1131; x_wconf 88' lang='lat' dir='ltr'>sunt,</span> <span class='ocrx_word' id='word_1_64' title='bbox 1003 1062 1051 1122; x_wconf 91' lang='lat' dir='ltr'>tot</span> <span class='ocrx_word' id='word_1_65' title='bbox 1300 1081 1341 1136; x_wconf 82' lang='lat' dir='ltr'>be</span> <span class='ocrx_word' id='word_1_66' title='bbox 1356 1076 1504 1149; x_wconf 62' lang='lat' dir='ltr'>mumppci</span> <span class='ocrx_word' id='word_1_67' title='bbox 1520 1076 1703 1133; x_wconf 61' lang='lat' dir='ltr'>ultionem,</span> 
     </span>
     <span class='ocr_line' id='line_1_9' title="bbox 254 1157 1786 1235; baseline -0.003 -15"><span class='ocrx_word' id='word_1_68' title='bbox 254 1159 464 1221; x_wconf 90' lang='lat' dir='ltr'>dominorum</span> <span class='ocrx_word' id='word_1_69' title='bbox 488 1174 524 1219; x_wconf 91' lang='lat' dir='ltr'>se</span> <span class='ocrx_word' id='word_1_70' title='bbox 556 1157 636 1220; x_wconf 81' lang='lat' dir='ltr'>lecit</span> <span class='ocrx_word' id='word_1_71' title='bbox 661 1173 811 1230; x_wconf 85' lang='lat' dir='ltr'>servum,</span> <span class='ocrx_word' id='word_1_72' title='bbox 848 1159 903 1235; x_wconf 89' lang='lat' dir='ltr'>qui</span> <span class='ocrx_word' id='word_1_73' title='bbox 938 1159 1051 1219; x_wconf 89' lang='lat' dir='ltr'>tamen</span> <span class='ocrx_word' id='word_1_74' title='bbox 1272 1217 1278 1229; x_wconf 82' lang='grc'><strong>,</strong></span> <span class='ocrx_word' id='word_1_75' title='bbox 1503 1216 1508 1226; x_wconf 87' lang='grc'><strong>,</strong></span> <span class='ocrx_word' id='word_1_76' title='bbox 1781 1214 1786 1224; x_wconf 86' lang='grc'><strong>,</strong></span> 
     </span>
     <span class='ocr_line' id='line_1_10' title="bbox 253 1212 1871 1332; baseline -0.004 -14"><span class='ocrx_word' id='word_1_77' title='bbox 253 1257 349 1318; x_wconf 87' lang='lat' dir='ltr'>illum</span> <span class='ocrx_word' id='word_1_78' title='bbox 363 1257 529 1317; x_wconf 87' lang='lat' dir='ltr'>recusant.</span> <span class='ocrx_word' id='word_1_79' title='bbox 554 1257 593 1315; x_wconf 89' lang='lat' dir='ltr'>Et</span> <span class='ocrx_word' id='word_1_80' title='bbox 613 1255 704 1317; x_wconf 85' lang='lat' dir='ltr'>misit</span> <span class='ocrx_word' id='word_1_81' title='bbox 718 1271 838 1332; x_wconf 87' lang='lat' dir='ltr'>aquam</span> <span class='ocrx_word' id='word_1_82' title='bbox 856 1257 892 1315; x_wconf 94' lang='lat' dir='ltr'>in</span> <span class='ocrx_word' id='word_1_83' title='bbox 914 1255 1048 1331; x_wconf 87' lang='lat' dir='ltr'>pelvim,</span> <span class='ocrx_word' id='word_1_84' title='bbox 1104 1219 1198 1276; x_wconf 55' lang='lat' dir='ltr'>Dm</span> <span class='ocrx_word' id='word_1_85' title='bbox 1216 1216 1385 1325; x_wconf 50' lang='lat' dir='ltr'>mmmm</span> <span class='ocrx_word' id='word_1_86' title='bbox 1407 1215 1576 1273; x_wconf 56' lang='lat' dir='ltr'>mmmm</span> <span class='ocrx_word' id='word_1_87' title='bbox 1591 1227 1602 1270; x_wconf 71' lang='lat'><em>³</em></span> <span class='ocrx_word' id='word_1_88' title='bbox 1617 1214 1710 1271; x_wconf 53' lang='lat' dir='ltr'><strong><em>Deus</em></strong></span> <span class='ocrx_word' id='word_1_89' title='bbox 1729 1212 1871 1272; x_wconf 48' lang='lat' dir='ltr'><strong><em>“amum</em></strong></span> 
     </span>
     <span class='ocr_line' id='line_1_11' title="bbox 255 1306 1729 1438; baseline -0.004 -22"><span class='ocrx_word' id='word_1_90' title='bbox 255 1355 290 1416; x_wconf 86' lang='lat' dir='ltr'>et</span> <span class='ocrx_word' id='word_1_91' title='bbox 307 1353 391 1416; x_wconf 82' lang='lat' dir='ltr'>lavit</span> <span class='ocrx_word' id='word_1_92' title='bbox 415 1353 531 1429; x_wconf 87' lang='lat' dir='ltr'>pedes.</span> <span class='ocrx_word' id='word_1_93' title='bbox 558 1353 670 1438; x_wconf 63' lang='lat' dir='ltr'>Relvis</span> <span class='ocrx_word' id='word_1_94' title='bbox 696 1356 746 1414; x_wconf 89' lang='lat' dir='ltr'>est</span> <span class='ocrx_word' id='word_1_95' title='bbox 767 1368 826 1413; x_wconf 87' lang='lat' dir='ltr'>vas</span> <span class='ocrx_word' id='word_1_96' title='bbox 855 1368 1048 1423; x_wconf 84' lang='lat' dir='ltr'>concavum,</span> <span class='ocrx_word' id='word_1_97' title='bbox 1274 1314 1379 1372; x_wconf 57' lang='lat' dir='ltr'><strong><em>‘were</em></strong></span> <span class='ocrx_word' id='word_1_98' title='bbox 1398 1307 1598 1387; x_wconf 57' lang='lat' dir='ltr'>effit&#39;ffsal&#39;</span> <span class='ocrx_word' id='word_1_99' title='bbox 1616 1306 1729 1385; x_wconf 69' lang='lat'>93&#39;1‘)</span> 
     </span>
     <span class='ocr_line' id='line_1_12' title="bbox 254 1449 1874 1525; baseline -0.002 -13"><span class='ocrx_word' id='word_1_100' title='bbox 254 1451 381 1512; x_wconf 89' lang='lat' dir='ltr'>babens</span> <span class='ocrx_word' id='word_1_101' title='bbox 396 1449 496 1522; x_wconf 90' lang='lat' dir='ltr'>labia,</span> <span class='ocrx_word' id='word_1_102' title='bbox 514 1449 608 1510; x_wconf 89' lang='lat' dir='ltr'>etest</span> <span class='ocrx_word' id='word_1_103' title='bbox 621 1449 799 1521; x_wconf 90' lang='lat' dir='ltr'>tinnulum,</span> <span class='ocrx_word' id='word_1_104' title='bbox 814 1452 847 1510; x_wconf 91' lang='lat' dir='ltr'>et</span> <span class='ocrx_word' id='word_1_105' title='bbox 859 1465 1047 1525; x_wconf 86' lang='lat' dir='ltr'>repansum.</span> <span class='ocrx_word' id='word_1_106' title='bbox 1147 1451 1327 1513; x_wconf 86' lang='lat' dir='ltr'>Pluraliter</span> <span class='ocrx_word' id='word_1_107' title='bbox 1348 1451 1430 1512; x_wconf 89' lang='lat' dir='ltr'>dicit</span> <span class='ocrx_word' id='word_1_108' title='bbox 1449 1473 1456 1511; x_wconf 92' lang='lat'>:</span> <span class='ocrx_word' id='word_1_109' title='bbox 1473 1455 1567 1512; x_wconf 73' lang='lat' dir='ltr'>Deris</span> <span class='ocrx_word' id='word_1_110' title='bbox 1581 1452 1759 1520; x_wconf 76' lang='lat' dir='ltr'>ultionum,</span> <span class='ocrx_word' id='word_1_111' title='bbox 1775 1449 1811 1509; x_wconf 88' lang='lat' dir='ltr'>ad</span> <span class='ocrx_word' id='word_1_112' title='bbox 1830 1465 1874 1509; x_wconf 88' lang='lat' dir='ltr'>os-</span> 
     </span>
     <span class='ocr_line' id='line_1_13' title="bbox 254 1545 1874 1625; baseline -0.002 -15"><span class='ocrx_word' id='word_1_113' title='bbox 254 1549 366 1618; x_wconf 83' lang='lat' dir='ltr'>Pelris</span> <span class='ocrx_word' id='word_1_114' title='bbox 391 1548 445 1609; x_wconf 93' lang='lat' dir='ltr'>est</span> <span class='ocrx_word' id='word_1_115' title='bbox 472 1564 529 1609; x_wconf 90' lang='lat' dir='ltr'>cor</span> <span class='ocrx_word' id='word_1_116' title='bbox 554 1547 715 1617; x_wconf 91' lang='lat' dir='ltr'>hominis,</span> <span class='ocrx_word' id='word_1_117' title='bbox 744 1547 829 1623; x_wconf 90' lang='lat' dir='ltr'>quod</span> <span class='ocrx_word' id='word_1_118' title='bbox 857 1545 954 1608; x_wconf 92' lang='lat' dir='ltr'>debet</span> <span class='ocrx_word' id='word_1_119' title='bbox 977 1562 1050 1607; x_wconf 90' lang='lat' dir='ltr'>esse</span> <span class='ocrx_word' id='word_1_120' title='bbox 1104 1549 1315 1621; x_wconf 89' lang='lat' dir='ltr'>tendendum,</span> <span class='ocrx_word' id='word_1_121' title='bbox 1341 1550 1455 1625; x_wconf 90' lang='lat' dir='ltr'>plures</span> <span class='ocrx_word' id='word_1_122' title='bbox 1488 1548 1633 1608; x_wconf 86' lang='lat' dir='ltr'>ultiones</span> <span class='ocrx_word' id='word_1_123' title='bbox 1663 1547 1722 1607; x_wconf 84' lang='lat' dir='ltr'>Dei</span> <span class='ocrx_word' id='word_1_124' title='bbox 1752 1562 1827 1616; x_wconf 85' lang='lat' dir='ltr'>esse,</span> <span class='ocrx_word' id='word_1_125' title='bbox 1847 1549 1874 1607; x_wconf 90' lang='lat' dir='ltr'>et</span> 
     </span>
     <span class='ocr_line' id='line_1_14' title="bbox 255 1643 1872 1725; baseline -0.002 -19"><span class='ocrx_word' id='word_1_126' title='bbox 255 1646 352 1725; x_wconf 83' lang='lat' dir='ltr'>quasi</span> <span class='ocrx_word' id='word_1_127' title='bbox 372 1661 554 1706; x_wconf 79' lang='lat' dir='ltr'>concavum</span> <span class='ocrx_word' id='word_1_128' title='bbox 580 1659 639 1722; x_wconf 92' lang='lat' dir='ltr'>per</span> <span class='ocrx_word' id='word_1_129' title='bbox 662 1644 884 1705; x_wconf 90' lang='lat' dir='ltr'>humilitatem</span> <span class='ocrx_word' id='word_1_130' title='bbox 906 1644 946 1705; x_wconf 91' lang='lat' dir='ltr'>ad</span> <span class='ocrx_word' id='word_1_131' title='bbox 963 1644 1052 1705; x_wconf 89' lang='lat' dir='ltr'>reci·</span> <span class='ocrx_word' id='word_1_132' title='bbox 1106 1647 1267 1718; x_wconf 86' lang='lat' dir='ltr'>diversas,</span> <span class='ocrx_word' id='word_1_133' title='bbox 1297 1646 1416 1722; x_wconf 88' lang='lat' dir='ltr'>quibus</span> <span class='ocrx_word' id='word_1_134' title='bbox 1454 1645 1638 1705; x_wconf 88' lang='lat' dir='ltr'>ulciscitur.</span> <span class='ocrx_word' id='word_1_135' title='bbox 1671 1644 1780 1704; x_wconf 87' lang='lat' dir='ltr'>Prima</span> <span class='ocrx_word' id='word_1_136' title='bbox 1808 1643 1872 1704; x_wconf 90' lang='lat' dir='ltr'>ultio</span> 
     </span>
     <span class='ocr_line' id='line_1_15' title="bbox 253 1738 1873 1820; baseline -0.004 -17"><span class='ocrx_word' id='word_1_137' title='bbox 253 1742 408 1820; x_wconf 91' lang='lat' dir='ltr'>piendam</span> <span class='ocrx_word' id='word_1_138' title='bbox 433 1757 553 1820; x_wconf 89' lang='lat' dir='ltr'>aquam</span> <span class='ocrx_word' id='word_1_139' title='bbox 573 1741 709 1817; x_wconf 86' lang='lat' dir='ltr'>gratiae;</span> <span class='ocrx_word' id='word_1_140' title='bbox 730 1741 898 1802; x_wconf 88' lang='lat' dir='ltr'>tinnulum</span> <span class='ocrx_word' id='word_1_141' title='bbox 913 1757 973 1817; x_wconf 92' lang='lat' dir='ltr'>per</span> <span class='ocrx_word' id='word_1_142' title='bbox 986 1757 1049 1816; x_wconf 85' lang='lat' dir='ltr'>ge·</span> <span class='ocrx_word' id='word_1_143' title='bbox 1105 1744 1218 1803; x_wconf 87' lang='lat' dir='ltr'>divina</span> <span class='ocrx_word' id='word_1_144' title='bbox 1245 1744 1296 1804; x_wconf 89' lang='lat' dir='ltr'>est</span> <span class='ocrx_word' id='word_1_145' title='bbox 1319 1758 1388 1802; x_wconf 87' lang='lat' dir='ltr'>suae</span> <span class='ocrx_word' id='word_1_146' title='bbox 1409 1739 1610 1816; x_wconf 84' lang='lat' dir='ltr'>cognitionis</span> <span class='ocrx_word' id='word_1_147' title='bbox 1634 1739 1822 1812; x_wconf 85' lang='lat' dir='ltr'>subtractio,</span> <span class='ocrx_word' id='word_1_148' title='bbox 1842 1738 1873 1797; x_wconf 91' lang='lat' dir='ltr'>de</span> 
     </span>
     <span class='ocr_line' id='line_1_16' title="bbox 255 1836 1871 1917; baseline -0.002 -18"><span class='ocrx_word' id='word_1_149' title='bbox 255 1840 371 1900; x_wconf 91' lang='lat' dir='ltr'>mitum</span> <span class='ocrx_word' id='word_1_150' title='bbox 391 1839 674 1915; x_wconf 86' lang='lat' dir='ltr'>compunctionis;</span> <span class='ocrx_word' id='word_1_151' title='bbox 700 1838 824 1899; x_wconf 91' lang='lat' dir='ltr'>habere</span> <span class='ocrx_word' id='word_1_152' title='bbox 848 1838 950 1908; x_wconf 88' lang='lat' dir='ltr'>labia,</span> <span class='ocrx_word' id='word_1_153' title='bbox 972 1838 1050 1914; x_wconf 90' lang='lat' dir='ltr'>qnia</span> <span class='ocrx_word' id='word_1_154' title='bbox 1105 1856 1169 1917; x_wconf 83' lang='lat' dir='ltr'>qua</span> <span class='ocrx_word' id='word_1_155' title='bbox 1184 1841 1307 1902; x_wconf 87' lang='lat' dir='ltr'>dieitur</span> <span class='ocrx_word' id='word_1_156' title='bbox 1322 1838 1427 1917; x_wconf 87' lang='lat' dir='ltr'>(Psal.</span> <span class='ocrx_word' id='word_1_157' title='bbox 1443 1843 1474 1910; x_wconf 86' lang='lat'>7,</span> <span class='ocrx_word' id='word_1_158' title='bbox 1490 1836 1544 1915; x_wconf 82' lang='lat'>7):</span> <span class='ocrx_word' id='word_1_159' title='bbox 1561 1840 1719 1912; x_wconf 70' lang='lat' dir='ltr'>Excerpe,</span> <span class='ocrx_word' id='word_1_160' title='bbox 1740 1839 1871 1904; x_wconf 72' lang='lat' dir='ltr'>Domata</span> 
     </span>
     <span class='ocr_line' id='line_1_17' title="bbox 253 1934 1873 2012; baseline -0.004 -15"><span class='ocrx_word' id='word_1_161' title='bbox 253 1953 356 1997; x_wconf 90' lang='lat' dir='ltr'>sonus</span> <span class='ocrx_word' id='word_1_162' title='bbox 379 1936 644 2012; x_wconf 83' lang='lat' dir='ltr'>compunctionis</span> <span class='ocrx_word' id='word_1_163' title='bbox 667 1937 702 1995; x_wconf 92' lang='lat' dir='ltr'>iu</span> <span class='ocrx_word' id='word_1_164' title='bbox 718 1951 776 1996; x_wconf 89' lang='lat' dir='ltr'>ore</span> <span class='ocrx_word' id='word_1_165' title='bbox 791 1935 889 1996; x_wconf 90' lang='lat' dir='ltr'>debet</span> <span class='ocrx_word' id='word_1_166' title='bbox 907 1951 1048 2008; x_wconf 78' lang='lat' dir='ltr'>sonare3</span> <span class='ocrx_word' id='word_1_167' title='bbox 1104 1941 1141 1999; x_wconf 82' lang='lat' dir='ltr'>tn</span> <span class='ocrx_word' id='word_1_168' title='bbox 1162 1942 1219 1998; x_wconf 86' lang='lat' dir='ltr'>tra</span> <span class='ocrx_word' id='word_1_169' title='bbox 1241 1938 1310 2007; x_wconf 81' lang='lat' dir='ltr'>tua,</span> <span class='ocrx_word' id='word_1_170' title='bbox 1334 1936 1419 1998; x_wconf 89' lang='lat' dir='ltr'>idest</span> <span class='ocrx_word' id='word_1_171' title='bbox 1448 1950 1569 1995; x_wconf 80' lang='lat' dir='ltr'>exerce</span> <span class='ocrx_word' id='word_1_172' title='bbox 1596 1934 1754 1994; x_wconf 89' lang='lat' dir='ltr'>ultionem</span> <span class='ocrx_word' id='word_1_173' title='bbox 1778 1935 1873 1993; x_wconf 83' lang='lat' dir='ltr'>contra</span> 
     </span>
     <span class='ocr_line' id='line_1_18' title="bbox 252 2028 1873 2110; baseline -0.004 -16"><span class='ocrx_word' id='word_1_174' title='bbox 252 2035 285 2095; x_wconf 93' lang='lat' dir='ltr'>et</span> <span class='ocrx_word' id='word_1_175' title='bbox 300 2049 374 2094; x_wconf 88' lang='lat' dir='ltr'>esse</span> <span class='ocrx_word' id='word_1_176' title='bbox 393 2049 571 2110; x_wconf 90' lang='lat' dir='ltr'>repansum</span> <span class='ocrx_word' id='word_1_177' title='bbox 584 2048 644 2109; x_wconf 91' lang='lat' dir='ltr'>per</span> <span class='ocrx_word' id='word_1_178' title='bbox 658 2032 886 2094; x_wconf 84' lang='lat' dir='ltr'>dilatationem</span> <span class='ocrx_word' id='word_1_179' title='bbox 899 2032 1050 2093; x_wconf 87' lang='lat' dir='ltr'>caritatis</span> <span class='ocrx_word' id='word_1_180' title='bbox 1104 2035 1259 2094; x_wconf 89' lang='lat' dir='ltr'>inimicos</span> <span class='ocrx_word' id='word_1_181' title='bbox 1276 2037 1359 2105; x_wconf 88' lang='lat' dir='ltr'>tuos,</span> <span class='ocrx_word' id='word_1_182' title='bbox 1377 2035 1410 2093; x_wconf 90' lang='lat' dir='ltr'>et</span> <span class='ocrx_word' id='word_1_183' title='bbox 1429 2032 1590 2110; x_wconf 82' lang='lat' dir='ltr'>exaltare,</span> <span class='ocrx_word' id='word_1_184' title='bbox 1609 2031 1696 2091; x_wconf 88' lang='lat' dir='ltr'>idest</span> <span class='ocrx_word' id='word_1_185' title='bbox 1715 2030 1796 2091; x_wconf 86' lang='lat' dir='ltr'>altus</span> <span class='ocrx_word' id='word_1_186' title='bbox 1816 2028 1873 2088; x_wconf 89' lang='lat' dir='ltr'>etti-</span> 
     </span>
     <span class='ocr_line' id='line_1_19' title="bbox 254 2125 1874 2206; baseline -0.004 -15"><span class='ocrx_word' id='word_1_187' title='bbox 254 2132 294 2192; x_wconf 91' lang='lat' dir='ltr'>ad</span> <span class='ocrx_word' id='word_1_188' title='bbox 311 2133 425 2203; x_wconf 91' lang='lat' dir='ltr'>Deum,</span> <span class='ocrx_word' id='word_1_189' title='bbox 443 2130 530 2192; x_wconf 91' lang='lat' dir='ltr'>etad</span> <span class='ocrx_word' id='word_1_190' title='bbox 552 2131 751 2206; x_wconf 81' lang='lat' dir='ltr'>proximum.</span> <span class='ocrx_word' id='word_1_191' title='bbox 770 2130 894 2190; x_wconf 89' lang='lat' dir='ltr'>Deinde</span> <span class='ocrx_word' id='word_1_192' title='bbox 909 2129 1002 2196; x_wconf 85' lang='lat' dir='ltr'>lavit,</span> <span class='ocrx_word' id='word_1_193' title='bbox 1019 2131 1051 2189; x_wconf 90' lang='lat' dir='ltr'>et</span> <span class='ocrx_word' id='word_1_194' title='bbox 1105 2147 1192 2205; x_wconf 91' lang='lat' dir='ltr'>cere,</span> <span class='ocrx_word' id='word_1_195' title='bbox 1209 2134 1241 2193; x_wconf 91' lang='lat' dir='ltr'>et</span> <span class='ocrx_word' id='word_1_196' title='bbox 1256 2130 1444 2205; x_wconf 89' lang='lat' dir='ltr'>incognitus</span> <span class='ocrx_word' id='word_1_197' title='bbox 1457 2128 1615 2195; x_wconf 86' lang='lat' dir='ltr'>inimicis,</span> <span class='ocrx_word' id='word_1_198' title='bbox 1628 2129 1664 2188; x_wconf 89' lang='lat' dir='ltr'>nt</span> <span class='ocrx_word' id='word_1_199' title='bbox 1678 2129 1711 2187; x_wconf 91' lang='lat' dir='ltr'>te</span> <span class='ocrx_word' id='word_1_200' title='bbox 1725 2143 1786 2187; x_wconf 92' lang='lat' dir='ltr'>uon</span> <span class='ocrx_word' id='word_1_201' title='bbox 1798 2125 1874 2186; x_wconf 89' lang='lat' dir='ltr'>intel·</span> 
     </span>
     <span class='ocr_line' id='line_1_20' title="bbox 253 2224 1872 2304; baseline -0.004 -16"><span class='ocrx_word' id='word_1_202' title='bbox 253 2227 353 2304; x_wconf 91' lang='lat' dir='ltr'>pedes</span> <span class='ocrx_word' id='word_1_203' title='bbox 369 2228 483 2298; x_wconf 92' lang='lat' dir='ltr'>linteo,</span> <span class='ocrx_word' id='word_1_204' title='bbox 505 2229 655 2303; x_wconf 85' lang='lat' dir='ltr'>quaerat</span> <span class='ocrx_word' id='word_1_205' title='bbox 674 2228 884 2303; x_wconf 69' lang='lat' dir='ltr'>praecinctus,</span> <span class='ocrx_word' id='word_1_206' title='bbox 899 2228 1048 2288; x_wconf 83' lang='lat' dir='ltr'>extersit.</span> <span class='ocrx_word' id='word_1_207' title='bbox 1104 2229 1221 2304; x_wconf 87' lang='lat' dir='ltr'>ligant.</span> <span class='ocrx_word' id='word_1_208' title='bbox 1250 2227 1401 2288; x_wconf 87' lang='lat' dir='ltr'>secunda</span> <span class='ocrx_word' id='word_1_209' title='bbox 1430 2228 1481 2286; x_wconf 91' lang='lat' dir='ltr'>est</span> <span class='ocrx_word' id='word_1_210' title='bbox 1505 2225 1568 2285; x_wconf 85' lang='lat' dir='ltr'>zeli</span> <span class='ocrx_word' id='word_1_211' title='bbox 1596 2224 1738 2296; x_wconf 88' lang='lat' dir='ltr'>ablatio;</span> <span class='ocrx_word' id='word_1_212' title='bbox 1762 2224 1798 2283; x_wconf 91' lang='lat' dir='ltr'>de</span> <span class='ocrx_word' id='word_1_213' title='bbox 1822 2238 1872 2299; x_wconf 84' lang='lat' dir='ltr'>qua</span> 
     </span>
     <span class='ocr_line' id='line_1_21' title="bbox 254 2320 1874 2403; baseline -0.006 -17"><span class='ocrx_word' id='word_1_214' title='bbox 254 2325 316 2386; x_wconf 88' lang='lat' dir='ltr'>Sed</span> <span class='ocrx_word' id='word_1_215' title='bbox 330 2324 408 2402; x_wconf 86' lang='lat' dir='ltr'>quid</span> <span class='ocrx_word' id='word_1_216' title='bbox 424 2325 484 2398; x_wconf 88' lang='lat' dir='ltr'>est,</span> <span class='ocrx_word' id='word_1_217' title='bbox 502 2323 587 2400; x_wconf 87' lang='lat' dir='ltr'>quod</span> <span class='ocrx_word' id='word_1_218' title='bbox 603 2327 688 2384; x_wconf 87' lang='lat' dir='ltr'>Deus</span> <span class='ocrx_word' id='word_1_219' title='bbox 701 2325 840 2386; x_wconf 79' lang='lat' dir='ltr'>extersit</span> <span class='ocrx_word' id='word_1_220' title='bbox 852 2324 964 2396; x_wconf 82' lang='lat' dir='ltr'>lintea,</span> <span class='ocrx_word' id='word_1_221' title='bbox 976 2340 1050 2384; x_wconf 92' lang='lat' dir='ltr'>cum</span> <span class='ocrx_word' id='word_1_222' title='bbox 1107 2325 1289 2387; x_wconf 80' lang='lat' dir='ltr'>Ezechielis</span> <span class='ocrx_word' id='word_1_223' title='bbox 1313 2324 1377 2403; x_wconf 84' lang='lat'>(16,</span> <span class='ocrx_word' id='word_1_224' title='bbox 1393 2325 1432 2384; x_wconf 81' lang='grc'>42</span> <span class='ocrx_word' id='word_1_225' title='bbox 1446 2325 1479 2384; x_wconf 92' lang='lat' dir='ltr'>et</span> <span class='ocrx_word' id='word_1_226' title='bbox 1493 2320 1546 2400; x_wconf 83' lang='grc'>43)</span> <span class='ocrx_word' id='word_1_227' title='bbox 1562 2344 1569 2381; x_wconf 87' lang='lat'>:</span> <span class='ocrx_word' id='word_1_228' title='bbox 1588 2339 1607 2380; x_wconf 74' lang='lat' dir='ltr'>c</span> <span class='ocrx_word' id='word_1_229' title='bbox 1623 2323 1812 2397; x_wconf 86' lang='lat' dir='ltr'>Requiescet</span> <span class='ocrx_word' id='word_1_230' title='bbox 1831 2321 1874 2378; x_wconf 91' lang='lat' dir='ltr'>in·</span> 
     </span>
     <span class='ocr_line' id='line_1_22' title="bbox 253 2418 1872 2499; baseline -0.006 -15"><span class='ocrx_word' id='word_1_231' title='bbox 253 2437 339 2499; x_wconf 84' lang='lat' dir='ltr'>aqua</span> <span class='ocrx_word' id='word_1_232' title='bbox 363 2422 478 2483; x_wconf 90' lang='lat' dir='ltr'>sordes</span> <span class='ocrx_word' id='word_1_233' title='bbox 502 2420 664 2482; x_wconf 71' lang='lat' dir='ltr'>abluerit?</span> <span class='ocrx_word' id='word_1_234' title='bbox 678 2421 754 2482; x_wconf 91' lang='lat' dir='ltr'>Ideo</span> <span class='ocrx_word' id='word_1_235' title='bbox 780 2422 858 2498; x_wconf 83' lang='lat' dir='ltr'>quia</span> <span class='ocrx_word' id='word_1_236' title='bbox 884 2421 1051 2482; x_wconf 85' lang='lat' dir='ltr'>inhaerent</span> <span class='ocrx_word' id='word_1_237' title='bbox 1106 2423 1254 2498; x_wconf 83' lang='lat' dir='ltr'>dignatio</span> <span class='ocrx_word' id='word_1_238' title='bbox 1270 2437 1344 2482; x_wconf 89' lang='lat' dir='ltr'>mea</span> <span class='ocrx_word' id='word_1_239' title='bbox 1357 2422 1391 2481; x_wconf 90' lang='lat' dir='ltr'>in</span> <span class='ocrx_word' id='word_1_240' title='bbox 1406 2424 1450 2492; x_wconf 90' lang='lat' dir='ltr'>te,</span> <span class='ocrx_word' id='word_1_241' title='bbox 1467 2422 1500 2480; x_wconf 90' lang='lat' dir='ltr'>et</span> <span class='ocrx_word' id='word_1_242' title='bbox 1514 2419 1685 2480; x_wconf 77' lang='lat' dir='ltr'>auferetur</span> <span class='ocrx_word' id='word_1_243' title='bbox 1700 2418 1785 2478; x_wconf 89' lang='lat' dir='ltr'>zelus</span> <span class='ocrx_word' id='word_1_244' title='bbox 1797 2430 1872 2476; x_wconf 88' lang='lat' dir='ltr'>meus</span> 
     </span>
     <span class='ocr_line' id='line_1_23' title="bbox 253 2514 1872 2597; baseline -0.005 -18"><span class='ocrx_word' id='word_1_245' title='bbox 253 2519 405 2597; x_wconf 85' lang='lat' dir='ltr'>quaedam</span> <span class='ocrx_word' id='word_1_246' title='bbox 434 2519 550 2579; x_wconf 89' lang='lat' dir='ltr'>sordes</span> <span class='ocrx_word' id='word_1_247' title='bbox 580 2518 731 2594; x_wconf 89' lang='lat' dir='ltr'>pedihus,</span> <span class='ocrx_word' id='word_1_248' title='bbox 762 2533 835 2594; x_wconf 87' lang='lat' dir='ltr'>quae</span> <span class='ocrx_word' id='word_1_249' title='bbox 871 2533 956 2595; x_wconf 83' lang='lat' dir='ltr'>aqna</span> <span class='ocrx_word' id='word_1_250' title='bbox 983 2534 1049 2579; x_wconf 93' lang='lat' dir='ltr'>non</span> <span class='ocrx_word' id='word_1_251' title='bbox 1106 2536 1124 2580; x_wconf 92' lang='lat' dir='ltr'>a</span> <span class='ocrx_word' id='word_1_252' title='bbox 1146 2522 1190 2590; x_wconf 89' lang='lat' dir='ltr'>te,</span> <span class='ocrx_word' id='word_1_253' title='bbox 1207 2521 1240 2579; x_wconf 91' lang='lat' dir='ltr'>et</span> <span class='ocrx_word' id='word_1_254' title='bbox 1253 2519 1432 2594; x_wconf 89' lang='lat' dir='ltr'>quiescam,</span> <span class='ocrx_word' id='word_1_255' title='bbox 1451 2531 1512 2577; x_wconf 87' lang='lat' dir='ltr'>nec</span> <span class='ocrx_word' id='word_1_256' title='bbox 1533 2516 1662 2575; x_wconf 87' lang='lat' dir='ltr'>irascar</span> <span class='ocrx_word' id='word_1_257' title='bbox 1677 2514 1808 2590; x_wconf 91' lang='lat' dir='ltr'>amplius</span> <span class='ocrx_word' id='word_1_258' title='bbox 1822 2526 1872 2571; x_wconf 92' lang='lat' dir='ltr'>:eo</span> 
     </span>
     <span class='ocr_line' id='line_1_24' title="bbox 252 2608 1872 2693; baseline -0.007 -15"><span class='ocrx_word' id='word_1_259' title='bbox 252 2617 435 2678; x_wconf 85' lang='lat' dir='ltr'>diluuntur.</span> <span class='ocrx_word' id='word_1_260' title='bbox 453 2615 508 2676; x_wconf 87' lang='lat' dir='ltr'>Sic</span> <span class='ocrx_word' id='word_1_261' title='bbox 523 2615 674 2691; x_wconf 83' lang='lat' dir='ltr'>quaedam</span> <span class='ocrx_word' id='word_1_262' title='bbox 694 2615 808 2676; x_wconf 89' lang='lat' dir='ltr'>sordes</span> <span class='ocrx_word' id='word_1_263' title='bbox 825 2614 1048 2686; x_wconf 88' lang='lat' dir='ltr'>diluebantur,</span> <span class='ocrx_word' id='word_1_264' title='bbox 1106 2616 1192 2693; x_wconf 89' lang='lat' dir='ltr'>quod</span> <span class='ocrx_word' id='word_1_265' title='bbox 1215 2632 1282 2677; x_wconf 89' lang='lat' dir='ltr'>non</span> <span class='ocrx_word' id='word_1_266' title='bbox 1306 2615 1410 2676; x_wconf 83' lang='lat' dir='ltr'>tueris</span> <span class='ocrx_word' id='word_1_267' title='bbox 1430 2613 1603 2674; x_wconf 87' lang='lat' dir='ltr'>recordata</span> <span class='ocrx_word' id='word_1_268' title='bbox 1623 2612 1751 2671; x_wconf 91' lang='lat' dir='ltr'>dierum</span> <span class='ocrx_word' id='word_1_269' title='bbox 1764 2608 1872 2670; x_wconf 90' lang='lat' dir='ltr'>adoles-</span> 
     </span>
     <span class='ocr_line' id='line_1_25' title="bbox 253 2705 1869 2789; baseline -0.007 -15"><span class='ocrx_word' id='word_1_270' title='bbox 253 2713 382 2776; x_wconf 89' lang='lat' dir='ltr'>scilicet</span> <span class='ocrx_word' id='word_1_271' title='bbox 395 2713 501 2789; x_wconf 88' lang='lat' dir='ltr'>culpae</span> <span class='ocrx_word' id='word_1_272' title='bbox 517 2727 576 2788; x_wconf 90' lang='lat' dir='ltr'>per</span> <span class='ocrx_word' id='word_1_273' title='bbox 592 2712 840 2788; x_wconf 80' lang='lat' dir='ltr'>poenitentiam:</span> <span class='ocrx_word' id='word_1_274' title='bbox 864 2713 921 2773; x_wconf 91' lang='lat' dir='ltr'>sed</span> <span class='ocrx_word' id='word_1_275' title='bbox 935 2711 1050 2773; x_wconf 88' lang='lat' dir='ltr'>sordes</span> <span class='ocrx_word' id='word_1_276' title='bbox 1106 2713 1224 2774; x_wconf 83' lang='lat' dir='ltr'>centiae</span> <span class='ocrx_word' id='word_1_277' title='bbox 1245 2714 1323 2784; x_wconf 71' lang='lat' dir='ltr'>tua,</span> <span class='ocrx_word' id='word_1_278' title='bbox 1344 2715 1378 2772; x_wconf 94' lang='lat' dir='ltr'>et</span> <span class='ocrx_word' id='word_1_279' title='bbox 1399 2709 1596 2787; x_wconf 83' lang='lat' dir='ltr'>provocasti</span> <span class='ocrx_word' id='word_1_280' title='bbox 1610 2723 1663 2768; x_wconf 89' lang='lat' dir='ltr'>me</span> <span class='ocrx_word' id='word_1_281' title='bbox 1688 2709 1723 2767; x_wconf 92' lang='lat' dir='ltr'>in</span> <span class='ocrx_word' id='word_1_282' title='bbox 1744 2705 1869 2766; x_wconf 84' lang='lat' dir='ltr'>omnibns</span> 
     </span>
     <span class='ocr_line' id='line_1_26' title="bbox 253 2801 1871 2888; baseline -0.007 -17"><span class='ocrx_word' id='word_1_283' title='bbox 253 2827 360 2888; x_wconf 88' lang='lat' dir='ltr'>poenae</span> <span class='ocrx_word' id='word_1_284' title='bbox 393 2825 460 2871; x_wconf 93' lang='lat' dir='ltr'>non</span> <span class='ocrx_word' id='word_1_285' title='bbox 489 2812 643 2885; x_wconf 90' lang='lat' dir='ltr'>poterant</span> <span class='ocrx_word' id='word_1_286' title='bbox 675 2810 807 2884; x_wconf 89' lang='lat' dir='ltr'>penitus</span> <span class='ocrx_word' id='word_1_287' title='bbox 834 2808 1051 2870; x_wconf 89' lang='lat' dir='ltr'>mundissime</span> <span class='ocrx_word' id='word_1_288' title='bbox 1106 2811 1296 2871; x_wconf 75' lang='lat' dir='ltr'>his.»Haec</span> <span class='ocrx_word' id='word_1_289' title='bbox 1309 2809 1360 2870; x_wconf 92' lang='lat' dir='ltr'>est</span> <span class='ocrx_word' id='word_1_290' title='bbox 1374 2822 1494 2883; x_wconf 86' lang='lat' dir='ltr'>magua</span> <span class='ocrx_word' id='word_1_291' title='bbox 1509 2805 1708 2881; x_wconf 87' lang='lat' dir='ltr'>indignatio,</span> <span class='ocrx_word' id='word_1_292' title='bbox 1725 2820 1791 2882; x_wconf 80' lang='lat' dir='ltr'>qna</span> <span class='ocrx_word' id='word_1_293' title='bbox 1803 2801 1871 2863; x_wconf 88' lang='lat' dir='ltr'>tollit</span> 
     </span>
     <span class='ocr_line' id='line_1_27' title="bbox 254 2897 1871 2984; baseline -0.006 -17"><span class='ocrx_word' id='word_1_294' title='bbox 254 2897 349 2979; x_wconf 89' lang='lat' dir='ltr'>dilul,</span> <span class='ocrx_word' id='word_1_295' title='bbox 366 2903 432 2965; x_wconf 88' lang='lat' dir='ltr'>nisi</span> <span class='ocrx_word' id='word_1_296' title='bbox 445 2906 557 2966; x_wconf 88' lang='lat' dir='ltr'>carnis</span> <span class='ocrx_word' id='word_1_297' title='bbox 580 2905 703 2966; x_wconf 86' lang='lat' dir='ltr'>Christi</span> <span class='ocrx_word' id='word_1_298' title='bbox 719 2906 874 2982; x_wconf 89' lang='lat' dir='ltr'>passione</span> <span class='ocrx_word' id='word_1_299' title='bbox 892 2910 1051 2982; x_wconf 88' lang='lat' dir='ltr'>tanquam</span> <span class='ocrx_word' id='word_1_300' title='bbox 1105 2908 1223 2979; x_wconf 86' lang='lat' dir='ltr'>zelum,</span> <span class='ocrx_word' id='word_1_301' title='bbox 1241 2922 1337 2984; x_wconf 88' lang='lat' dir='ltr'>quem</span> <span class='ocrx_word' id='word_1_302' title='bbox 1353 2905 1448 2966; x_wconf 89' lang='lat' dir='ltr'>debet</span> <span class='ocrx_word' id='word_1_303' title='bbox 1463 2903 1588 2964; x_wconf 89' lang='lat' dir='ltr'>habere</span> <span class='ocrx_word' id='word_1_304' title='bbox 1603 2903 1737 2979; x_wconf 64' lang='lat' dir='ltr'>gratiaer</span> <span class='ocrx_word' id='word_1_305' title='bbox 1748 2917 1801 2961; x_wconf 91' lang='lat' dir='ltr'>nos</span> <span class='ocrx_word' id='word_1_306' title='bbox 1811 2914 1871 2975; x_wconf 87' lang='lat' dir='ltr'>per·</span> 
     </span>
     <span class='ocr_line' id='line_1_28' title="bbox 255 2996 1870 3081; baseline -0.006 -16"><span class='ocrx_word' id='word_1_307' title='bbox 255 3005 360 3066; x_wconf 89' lang='lat' dir='ltr'>linteo</span> <span class='ocrx_word' id='word_1_308' title='bbox 380 3005 607 3078; x_wconf 89' lang='lat' dir='ltr'>tergerentur;</span> <span class='ocrx_word' id='word_1_309' title='bbox 633 3002 721 3063; x_wconf 93' lang='lat' dir='ltr'>unde</span> <span class='ocrx_word' id='word_1_310' title='bbox 739 3002 801 3064; x_wconf 85' lang='lat' dir='ltr'>Job</span> <span class='ocrx_word' id='word_1_311' title='bbox 817 3002 861 3081; x_wconf 84' lang='lat'>(6,</span> <span class='ocrx_word' id='word_1_312' title='bbox 877 3004 942 3063; x_wconf 88' lang='lat' dir='ltr'>2et</span> <span class='ocrx_word' id='word_1_313' title='bbox 955 3003 999 3081; x_wconf 90' lang='lat'>3),</span> <span class='ocrx_word' id='word_1_314' title='bbox 1016 3004 1051 3063; x_wconf 93' lang='lat' dir='ltr'>in</span> <span class='ocrx_word' id='word_1_315' title='bbox 1106 3006 1265 3067; x_wconf 91' lang='lat' dir='ltr'>mittendo</span> <span class='ocrx_word' id='word_1_316' title='bbox 1286 3003 1424 3078; x_wconf 88' lang='lat' dir='ltr'>implere</span> <span class='ocrx_word' id='word_1_317' title='bbox 1446 3000 1613 3062; x_wconf 89' lang='lat' dir='ltr'>desideria</span> <span class='ocrx_word' id='word_1_318' title='bbox 1637 2999 1746 3060; x_wconf 91' lang='lat' dir='ltr'>cordis</span> <span class='ocrx_word' id='word_1_319' title='bbox 1766 2996 1870 3068; x_wconf 71' lang='lat' dir='ltr'>nostri,</span> 
     </span>
     <span class='ocr_line' id='line_1_29' title="bbox 253 3096 1872 3180; baseline -0.005 -17"><span class='ocrx_word' id='word_1_320' title='bbox 253 3117 396 3180; x_wconf 85' lang='lat' dir='ltr'>persona</span> <span class='ocrx_word' id='word_1_321' title='bbox 413 3102 620 3172; x_wconf 88' lang='lat' dir='ltr'>Sanctorum,</span> <span class='ocrx_word' id='word_1_322' title='bbox 638 3101 907 3177; x_wconf 89' lang='lat' dir='ltr'>quitenebantur</span> <span class='ocrx_word' id='word_1_323' title='bbox 928 3103 1051 3178; x_wconf 87' lang='lat' dir='ltr'>captivi</span> <span class='ocrx_word' id='word_1_324' title='bbox 1106 3103 1194 3163; x_wconf 91' lang='lat' dir='ltr'>unde</span> <span class='ocrx_word' id='word_1_325' title='bbox 1214 3104 1283 3163; x_wconf 87' lang='lat' dir='ltr'>:Et</span> <span class='ocrx_word' id='word_1_326' title='bbox 1301 3105 1417 3163; x_wconf 75' lang='lat' dir='ltr'>dtrnist</span> <span class='ocrx_word' id='word_1_327' title='bbox 1439 3115 1496 3162; x_wconf 80' lang='lat' dir='ltr'>eos</span> <span class='ocrx_word' id='word_1_328' title='bbox 1516 3101 1706 3160; x_wconf 68' lang='lat' dir='ltr'>recaredum</span> <span class='ocrx_word' id='word_1_329' title='bbox 1728 3096 1872 3157; x_wconf 67' lang='lat' dir='ltr'>dnidnic</span> 
     </span>
     <span class='ocr_line' id='line_1_30' title="bbox 255 3193 1873 3274; baseline -0.006 -16"><span class='ocrx_word' id='word_1_330' title='bbox 255 3199 290 3260; x_wconf 92' lang='lat' dir='ltr'>in</span> <span class='ocrx_word' id='word_1_331' title='bbox 303 3198 405 3259; x_wconf 90' lang='lat' dir='ltr'>limbo</span> <span class='ocrx_word' id='word_1_332' title='bbox 419 3197 555 3269; x_wconf 82' lang='lat' dir='ltr'>interni,</span> <span class='ocrx_word' id='word_1_333' title='bbox 571 3197 657 3259; x_wconf 74' lang='lat' dir='ltr'>dixit</span> <span class='ocrx_word' id='word_1_334' title='bbox 674 3215 714 3259; x_wconf 80' lang='lat' dir='ltr'>z«</span> <span class='ocrx_word' id='word_1_335' title='bbox 731 3199 864 3259; x_wconf 91' lang='lat' dir='ltr'>Utinam</span> <span class='ocrx_word' id='word_1_336' title='bbox 889 3199 1052 3274; x_wconf 90' lang='lat' dir='ltr'>appende·</span> <span class='ocrx_word' id='word_1_337' title='bbox 1105 3204 1220 3262; x_wconf 83' lang='lat' dir='ltr'>cordis</span> <span class='ocrx_word' id='word_1_338' title='bbox 1245 3214 1383 3269; x_wconf 81' lang='lat' dir='ltr'>eorum,</span> <span class='ocrx_word' id='word_1_339' title='bbox 1413 3197 1508 3258; x_wconf 78' lang='lat' dir='ltr'>tbnrzt</span> <span class='ocrx_word' id='word_1_340' title='bbox 1533 3200 1572 3255; x_wconf 80' lang='lat' dir='ltr'>in</span> <span class='ocrx_word' id='word_1_341' title='bbox 1601 3193 1873 3255; x_wconf 78' lang='lat' dir='ltr'>adinventionibus</span> 
     </span>
     <span class='ocr_line' id='line_1_31' title="bbox 253 3291 1456 3374; baseline -0.005 -16"><span class='ocrx_word' id='word_1_342' title='bbox 253 3299 370 3358; x_wconf 91' lang='lat' dir='ltr'>rentur</span> <span class='ocrx_word' id='word_1_343' title='bbox 384 3296 520 3372; x_wconf 89' lang='lat' dir='ltr'>peccata</span> <span class='ocrx_word' id='word_1_344' title='bbox 538 3310 623 3366; x_wconf 90' lang='lat' dir='ltr'>mea,</span> <span class='ocrx_word' id='word_1_345' title='bbox 641 3294 761 3370; x_wconf 87' lang='lat' dir='ltr'>quibus</span> <span class='ocrx_word' id='word_1_346' title='bbox 776 3296 861 3355; x_wconf 89' lang='lat' dir='ltr'>iram</span> <span class='ocrx_word' id='word_1_347' title='bbox 884 3297 1002 3364; x_wconf 90' lang='lat' dir='ltr'>merui,</span> <span class='ocrx_word' id='word_1_348' title='bbox 1019 3299 1052 3357; x_wconf 91' lang='lat' dir='ltr'>et</span> <span class='ocrx_word' id='word_1_349' title='bbox 1105 3300 1189 3359; x_wconf 82' lang='lat' dir='ltr'>suis.</span> <span class='ocrx_word' id='word_1_350' title='bbox 1205 3295 1307 3374; x_wconf 92' lang='lat' dir='ltr'>(Psal.</span> <span class='ocrx_word' id='word_1_351' title='bbox 1323 3297 1373 3364; x_wconf 90' lang='lat'>80,</span> <span class='ocrx_word' id='word_1_352' title='bbox 1392 3291 1456 3371; x_wconf 85' lang='lat'><strong>13.)</strong></span> 
     </span>
    </p>

    <p class='ocr_par' dir='ltr' id='par_1_5' title="bbox 197 3382 1878 5118">
     <span class='ocr_line' id='line_1_32' title="bbox 254 3382 1874 3469; baseline -0.007 -16"><span class='ocrx_word' id='word_1_353' title='bbox 254 3393 438 3463; x_wconf 87' lang='lat' dir='ltr'>calamitas,</span> <span class='ocrx_word' id='word_1_354' title='bbox 469 3408 567 3469; x_wconf 88' lang='lat' dir='ltr'>quarn</span> <span class='ocrx_word' id='word_1_355' title='bbox 594 3392 714 3467; x_wconf 89' lang='lat' dir='ltr'>patior,</span> <span class='ocrx_word' id='word_1_356' title='bbox 737 3391 773 3451; x_wconf 92' lang='lat' dir='ltr'>in</span> <span class='ocrx_word' id='word_1_357' title='bbox 794 3393 929 3453; x_wconf 87' lang='lat' dir='ltr'>statera.</span> <span class='ocrx_word' id='word_1_358' title='bbox 950 3393 1051 3463; x_wconf 86' lang='lat' dir='ltr'>Quasi</span> <span class='ocrx_word' id='word_1_359' title='bbox 1146 3394 1257 3455; x_wconf 88' lang='lat' dir='ltr'>Tertia</span> <span class='ocrx_word' id='word_1_360' title='bbox 1271 3393 1352 3453; x_wconf 92' lang='lat' dir='ltr'>ultio</span> <span class='ocrx_word' id='word_1_361' title='bbox 1365 3394 1426 3460; x_wconf 90' lang='lat' dir='ltr'>est,</span> <span class='ocrx_word' id='word_1_362' title='bbox 1443 3389 1528 3467; x_wconf 88' lang='lat' dir='ltr'>quod</span> <span class='ocrx_word' id='word_1_363' title='bbox 1543 3382 1874 3464; x_wconf 87' lang='lat' dir='ltr'>peccatoremdimittit</span> 
     </span>
     <span class='ocr_line' id='line_1_33' title="bbox 256 3481 1874 3565; baseline -0.007 -15"><span class='ocrx_word' id='word_1_364' title='bbox 256 3505 360 3551; x_wconf 89' lang='lat' dir='ltr'>arena</span> <span class='ocrx_word' id='word_1_365' title='bbox 375 3490 478 3550; x_wconf 89' lang='lat' dir='ltr'>maris</span> <span class='ocrx_word' id='word_1_366' title='bbox 490 3489 561 3549; x_wconf 91' lang='lat' dir='ltr'>haec</span> <span class='ocrx_word' id='word_1_367' title='bbox 571 3489 708 3563; x_wconf 83' lang='lat' dir='ltr'>gravior</span> <span class='ocrx_word' id='word_1_368' title='bbox 720 3491 939 3565; x_wconf 81' lang='lat' dir='ltr'>appareret».</span> <span class='ocrx_word' id='word_1_369' title='bbox 957 3490 1051 3551; x_wconf 93' lang='lat' dir='ltr'>Unde</span> <span class='ocrx_word' id='word_1_370' title='bbox 1106 3492 1141 3551; x_wconf 91' lang='lat' dir='ltr'>in</span> <span class='ocrx_word' id='word_1_371' title='bbox 1165 3506 1266 3550; x_wconf 88' lang='lat' dir='ltr'>manu</span> <span class='ocrx_word' id='word_1_372' title='bbox 1289 3488 1430 3558; x_wconf 90' lang='lat' dir='ltr'>inimici,</span> <span class='ocrx_word' id='word_1_373' title='bbox 1457 3490 1494 3547; x_wconf 92' lang='lat' dir='ltr'>ut</span> <span class='ocrx_word' id='word_1_374' title='bbox 1515 3485 1620 3562; x_wconf 87' lang='lat' dir='ltr'>possit</span> <span class='ocrx_word' id='word_1_375' title='bbox 1642 3486 1678 3545; x_wconf 89' lang='lat' dir='ltr'>in</span> <span class='ocrx_word' id='word_1_376' title='bbox 1695 3500 1767 3545; x_wconf 90' lang='lat' dir='ltr'>eum</span> <span class='ocrx_word' id='word_1_377' title='bbox 1790 3481 1874 3541; x_wconf 86' lang='lat' dir='ltr'>libere</span> 
     </span>
     <span class='ocr_line' id='line_1_34' title="bbox 254 3574 1874 3664; baseline -0.009 -17"><span class='ocrx_word' id='word_1_378' title='bbox 254 3587 336 3651; x_wconf 85' lang='lat' dir='ltr'>dicit</span> <span class='ocrx_word' id='word_1_379' title='bbox 357 3587 538 3661; x_wconf 81' lang='lat' dir='ltr'>Gregorius</span> <span class='ocrx_word' id='word_1_380' title='bbox 554 3585 601 3664; x_wconf 90' lang='lat'>(1)</span> <span class='ocrx_word' id='word_1_381' title='bbox 618 3608 625 3645; x_wconf 91' lang='lat'><strong>:</strong></span> <span class='ocrx_word' id='word_1_382' title='bbox 643 3587 774 3647; x_wconf 79' lang='lat' dir='ltr'>statera</span> <span class='ocrx_word' id='word_1_383' title='bbox 795 3587 830 3647; x_wconf 93' lang='lat' dir='ltr'>in</span> <span class='ocrx_word' id='word_1_384' title='bbox 857 3603 957 3647; x_wconf 89' lang='lat' dir='ltr'>manu</span> <span class='ocrx_word' id='word_1_385' title='bbox 982 3590 1050 3647; x_wconf 90' lang='lat' dir='ltr'>Pa·</span> <span class='ocrx_word' id='word_1_386' title='bbox 1106 3585 1307 3663; x_wconf 86' lang='lat' dir='ltr'>degrassari.</span> <span class='ocrx_word' id='word_1_387' title='bbox 1331 3584 1424 3646; x_wconf 88' lang='lat' dir='ltr'>Unde</span> <span class='ocrx_word' id='word_1_388' title='bbox 1440 3582 1624 3643; x_wconf 82' lang='lat' dir='ltr'>Ezechielis</span> <span class='ocrx_word' id='word_1_389' title='bbox 1640 3580 1704 3660; x_wconf 81' lang='lat'>(21,</span> <span class='ocrx_word' id='word_1_390' title='bbox 1722 3582 1759 3641; x_wconf 84' lang='lat'>15</span> <span class='ocrx_word' id='word_1_391' title='bbox 1773 3581 1802 3639; x_wconf 90' lang='lat' dir='ltr'>et</span> <span class='ocrx_word' id='word_1_392' title='bbox 1814 3574 1874 3652; x_wconf 74' lang='lat' dir='ltr'>ill:</span> 
     </span>
     <span class='ocr_line' id='line_1_35' title="bbox 254 3674 1874 3762; baseline -0.009 -15"><span class='ocrx_word' id='word_1_393' title='bbox 254 3686 316 3753; x_wconf 83' lang='lat' dir='ltr'>tris</span> <span class='ocrx_word' id='word_1_394' title='bbox 331 3683 378 3762; x_wconf 83' lang='lat'>(2)</span> <span class='ocrx_word' id='word_1_395' title='bbox 395 3683 546 3744; x_wconf 84' lang='lat' dir='ltr'>Christus</span> <span class='ocrx_word' id='word_1_396' title='bbox 562 3682 688 3743; x_wconf 89' lang='lat' dir='ltr'>habeas</span> <span class='ocrx_word' id='word_1_397' title='bbox 708 3682 837 3745; x_wconf 87' lang='lat' dir='ltr'>lancem</span> <span class='ocrx_word' id='word_1_398' title='bbox 860 3684 1053 3745; x_wconf 86' lang='lat' dir='ltr'>misericor·</span> <span class='ocrx_word' id='word_1_399' title='bbox 1107 3688 1177 3745; x_wconf 76' lang='lat' dir='ltr'>«ln</span> <span class='ocrx_word' id='word_1_400' title='bbox 1197 3682 1350 3745; x_wconf 90' lang='lat' dir='ltr'>omnibus</span> <span class='ocrx_word' id='word_1_401' title='bbox 1365 3681 1470 3758; x_wconf 87' lang='lat' dir='ltr'>portis</span> <span class='ocrx_word' id='word_1_402' title='bbox 1485 3694 1601 3741; x_wconf 88' lang='lat' dir='ltr'>eorum</span> <span class='ocrx_word' id='word_1_403' title='bbox 1620 3678 1698 3739; x_wconf 89' lang='lat' dir='ltr'>dedi</span> <span class='ocrx_word' id='word_1_404' title='bbox 1718 3674 1874 3737; x_wconf 86' lang='lat' dir='ltr'>conturba·</span> 
     </span>
     <span class='ocr_line' id='line_1_36' title="bbox 255 3772 1873 3857; baseline -0.007 -16"><span class='ocrx_word' id='word_1_405' title='bbox 255 3781 331 3853; x_wconf 88' lang='lat' dir='ltr'>diae,</span> <span class='ocrx_word' id='word_1_406' title='bbox 345 3784 376 3842; x_wconf 90' lang='lat' dir='ltr'>et</span> <span class='ocrx_word' id='word_1_407' title='bbox 387 3781 529 3857; x_wconf 89' lang='lat' dir='ltr'>justitiae</span> <span class='ocrx_word' id='word_1_408' title='bbox 544 3802 551 3839; x_wconf 91' lang='lat'>:</span> <span class='ocrx_word' id='word_1_409' title='bbox 573 3779 824 3851; x_wconf 80' lang='lat' dir='ltr'>misericordiae,</span> <span class='ocrx_word' id='word_1_410' title='bbox 840 3781 918 3857; x_wconf 82' lang='lat' dir='ltr'>qnia</span> <span class='ocrx_word' id='word_1_411' title='bbox 932 3797 1053 3857; x_wconf 91' lang='lat' dir='ltr'>pecca·</span> <span class='ocrx_word' id='word_1_412' title='bbox 1106 3784 1230 3843; x_wconf 90' lang='lat' dir='ltr'>tionem</span> <span class='ocrx_word' id='word_1_413' title='bbox 1243 3779 1347 3855; x_wconf 87' lang='lat' dir='ltr'>gladii</span> <span class='ocrx_word' id='word_1_414' title='bbox 1362 3778 1507 3851; x_wconf 86' lang='lat' dir='ltr'>acuti,et</span> <span class='ocrx_word' id='word_1_415' title='bbox 1520 3776 1627 3836; x_wconf 90' lang='lat' dir='ltr'>limati</span> <span class='ocrx_word' id='word_1_416' title='bbox 1640 3775 1683 3836; x_wconf 92' lang='lat' dir='ltr'>ad</span> <span class='ocrx_word' id='word_1_417' title='bbox 1696 3772 1873 3849; x_wconf 79' lang='lat' dir='ltr'>fulgendum,</span> 
     </span>
     <span class='ocr_line' id='line_1_37' title="bbox 254 3867 1874 3952; baseline -0.007 -13"><span class='ocrx_word' id='word_1_418' title='bbox 254 3879 326 3939; x_wconf 88' lang='lat' dir='ltr'>turn</span> <span class='ocrx_word' id='word_1_419' title='bbox 348 3892 408 3952; x_wconf 90' lang='lat' dir='ltr'>per</span> <span class='ocrx_word' id='word_1_420' title='bbox 436 3876 701 3938; x_wconf 90' lang='lat' dir='ltr'>misericordiam</span> <span class='ocrx_word' id='word_1_421' title='bbox 722 3876 853 3951; x_wconf 81' lang='lat' dir='ltr'>laxans,</span> <span class='ocrx_word' id='word_1_422' title='bbox 883 3878 955 3939; x_wconf 87' lang='lat' dir='ltr'>leve</span> <span class='ocrx_word' id='word_1_423' title='bbox 978 3878 1052 3940; x_wconf 85' lang='lat' dir='ltr'>esse</span> <span class='ocrx_word' id='word_1_424' title='bbox 1107 3878 1220 3940; x_wconf 88' lang='lat' dir='ltr'>amicti</span> <span class='ocrx_word' id='word_1_425' title='bbox 1236 3877 1276 3938; x_wconf 91' lang='lat' dir='ltr'>ad</span> <span class='ocrx_word' id='word_1_426' title='bbox 1288 3877 1423 3937; x_wconf 88' lang='lat' dir='ltr'>caedem.</span> <span class='ocrx_word' id='word_1_427' title='bbox 1435 3875 1497 3935; x_wconf 89' lang='lat' dir='ltr'>Hic</span> <span class='ocrx_word' id='word_1_428' title='bbox 1512 3876 1564 3934; x_wconf 92' lang='lat' dir='ltr'>est</span> <span class='ocrx_word' id='word_1_429' title='bbox 1576 3873 1708 3949; x_wconf 89' lang='lat' dir='ltr'>gladius</span> <span class='ocrx_word' id='word_1_430' title='bbox 1723 3867 1874 3932; x_wconf 82' lang='lat' dir='ltr'>occisionis</span> 
     </span>
     <span class='ocr_line' id='line_1_38' title="bbox 259 3962 1875 4051; baseline -0.007 -16"><span class='ocrx_word' id='word_1_431' title='bbox 259 3973 423 4035; x_wconf 85' lang='lat' dir='ltr'>ostendit:</span> <span class='ocrx_word' id='word_1_432' title='bbox 436 3972 589 4049; x_wconf 75' lang='lat' dir='ltr'>Justitiae,</span> <span class='ocrx_word' id='word_1_433' title='bbox 615 3974 692 4049; x_wconf 88' lang='lat' dir='ltr'>quia</span> <span class='ocrx_word' id='word_1_434' title='bbox 723 3974 946 4035; x_wconf 87' lang='lat' dir='ltr'>calamitatem</span> <span class='ocrx_word' id='word_1_435' title='bbox 975 3992 1050 4036; x_wconf 91' lang='lat' dir='ltr'>mo·</span> <span class='ocrx_word' id='word_1_436' title='bbox 1107 3991 1247 4051; x_wconf 85' lang='lat' dir='ltr'>magnae,</span> <span class='ocrx_word' id='word_1_437' title='bbox 1278 3974 1335 4051; x_wconf 90' lang='lat' dir='ltr'>qui</span> <span class='ocrx_word' id='word_1_438' title='bbox 1359 3972 1592 4048; x_wconf 88' lang='lat' dir='ltr'>obstupescere</span> <span class='ocrx_word' id='word_1_439' title='bbox 1621 3969 1712 4041; x_wconf 83' lang='lat' dir='ltr'>facit,</span> <span class='ocrx_word' id='word_1_440' title='bbox 1741 3968 1773 4029; x_wconf 89' lang='lat' dir='ltr'>et</span> <span class='ocrx_word' id='word_1_441' title='bbox 1796 3962 1875 4026; x_wconf 87' lang='lat' dir='ltr'>corde</span> 
     </span>
     <span class='ocr_line' id='line_1_39' title="bbox 254 4062 1874 4147; baseline -0.005 -16"><span class='ocrx_word' id='word_1_442' title='bbox 254 4070 372 4132; x_wconf 90' lang='lat' dir='ltr'>riendo</span> <span class='ocrx_word' id='word_1_443' title='bbox 387 4068 499 4145; x_wconf 80' lang='lat' dir='ltr'>gravis</span> <span class='ocrx_word' id='word_1_444' title='bbox 520 4084 593 4130; x_wconf 90' lang='lat' dir='ltr'>esse</span> <span class='ocrx_word' id='word_1_445' title='bbox 610 4070 767 4147; x_wconf 89' lang='lat' dir='ltr'>ponderis</span> <span class='ocrx_word' id='word_1_446' title='bbox 787 4071 943 4133; x_wconf 86' lang='lat' dir='ltr'>ostendit.</span> <span class='ocrx_word' id='word_1_447' title='bbox 962 4074 1051 4134; x_wconf 84' lang='lat' dir='ltr'>Sau—</span> <span class='ocrx_word' id='word_1_448' title='bbox 1107 4073 1289 4145; x_wconf 87' lang='lat' dir='ltr'>tabescere,</span> <span class='ocrx_word' id='word_1_449' title='bbox 1317 4072 1351 4132; x_wconf 91' lang='lat' dir='ltr'>et</span> <span class='ocrx_word' id='word_1_450' title='bbox 1374 4068 1571 4144; x_wconf 90' lang='lat' dir='ltr'>multiplicat</span> <span class='ocrx_word' id='word_1_451' title='bbox 1594 4067 1722 4127; x_wconf 88' lang='lat' dir='ltr'>ruinas.</span> <span class='ocrx_word' id='word_1_452' title='bbox 1746 4082 1764 4124; x_wconf 68' lang='grc' dir='ltr'><strong><em>ι</em></strong></span> <span class='ocrx_word' id='word_1_453' title='bbox 1784 4062 1874 4124; x_wconf 78' lang='lat' dir='ltr'>nota:</span> 
     </span>
     <span class='ocr_line' id='line_1_40' title="bbox 256 4156 1875 4244; baseline -0.007 -15"><span class='ocrx_word' id='word_1_454' title='bbox 256 4168 312 4241; x_wconf 90' lang='lat' dir='ltr'>cti,</span> <span class='ocrx_word' id='word_1_455' title='bbox 329 4167 493 4244; x_wconf 82' lang='lat' dir='ltr'>quierant</span> <span class='ocrx_word' id='word_1_456' title='bbox 505 4166 540 4226; x_wconf 91' lang='lat' dir='ltr'>in</span> <span class='ocrx_word' id='word_1_457' title='bbox 553 4165 681 4238; x_wconf 78' lang='lat' dir='ltr'>himba,</span> <span class='ocrx_word' id='word_1_458' title='bbox 701 4167 817 4228; x_wconf 85' lang='lat' dir='ltr'>sordes</span> <span class='ocrx_word' id='word_1_459' title='bbox 826 4184 934 4244; x_wconf 81' lang='lat' dir='ltr'>poenae</span> <span class='ocrx_word' id='word_1_460' title='bbox 948 4168 1053 4230; x_wconf 86' lang='lat' dir='ltr'>babe-</span> <span class='ocrx_word' id='word_1_461' title='bbox 1107 4169 1219 4230; x_wconf 75' lang='lat' dir='ltr'>«Dedi</span> <span class='ocrx_word' id='word_1_462' title='bbox 1245 4165 1534 4229; x_wconf 85' lang='lat' dir='ltr'>conturbationem</span> <span class='ocrx_word' id='word_1_463' title='bbox 1560 4162 1663 4240; x_wconf 88' lang='lat' dir='ltr'>gladii</span> <span class='ocrx_word' id='word_1_464' title='bbox 1686 4162 1784 4231; x_wconf 85' lang='lat' dir='ltr'>acuti,</span> <span class='ocrx_word' id='word_1_465' title='bbox 1798 4158 1827 4220; x_wconf 91' lang='lat' dir='ltr'>et</span> <span class='ocrx_word' id='word_1_466' title='bbox 1840 4156 1875 4215; x_wconf 93' lang='lat' dir='ltr'>li·</span> 
     </span>
     <span class='ocr_line' id='line_1_41' title="bbox 255 4252 1876 4342; baseline -0.007 -17"><span class='ocrx_word' id='word_1_467' title='bbox 255 4263 347 4336; x_wconf 88' lang='lat' dir='ltr'>bant,</span> <span class='ocrx_word' id='word_1_468' title='bbox 378 4279 452 4340; x_wconf 86' lang='lat' dir='ltr'>quaa</span> <span class='ocrx_word' id='word_1_469' title='bbox 471 4278 538 4323; x_wconf 92' lang='lat' dir='ltr'>non</span> <span class='ocrx_word' id='word_1_470' title='bbox 563 4265 775 4337; x_wconf 83' lang='lat' dir='ltr'>tergerentur</span> <span class='ocrx_word' id='word_1_471' title='bbox 800 4265 867 4325; x_wconf 88' lang='lat' dir='ltr'>nisi</span> <span class='ocrx_word' id='word_1_472' title='bbox 895 4265 1053 4342; x_wconf 87' lang='lat' dir='ltr'>passione</span> <span class='ocrx_word' id='word_1_473' title='bbox 1107 4266 1187 4328; x_wconf 90' lang='lat' dir='ltr'>mati</span> <span class='ocrx_word' id='word_1_474' title='bbox 1200 4266 1241 4327; x_wconf 93' lang='lat' dir='ltr'>ad</span> <span class='ocrx_word' id='word_1_475' title='bbox 1257 4263 1464 4341; x_wconf 84' lang='lat' dir='ltr'>fulgendum,</span> <span class='ocrx_word' id='word_1_476' title='bbox 1476 4261 1591 4323; x_wconf 90' lang='lat' dir='ltr'>amicti</span> <span class='ocrx_word' id='word_1_477' title='bbox 1604 4259 1647 4321; x_wconf 87' lang='lat' dir='ltr'>ad</span> <span class='ocrx_word' id='word_1_478' title='bbox 1663 4252 1876 4320; x_wconf 61' lang='lat' dir='ltr'>cenomanie</span> 
     </span>
     <span class='ocr_line' id='line_1_42' title="bbox 256 4350 1876 4443; baseline -0.009 -20"><span class='ocrx_word' id='word_1_479' title='bbox 256 4360 391 4433; x_wconf 85' lang='lat' dir='ltr'>Christi,</span> <span class='ocrx_word' id='word_1_480' title='bbox 415 4359 472 4443; x_wconf 86' lang='lat' dir='ltr'>qui</span> <span class='ocrx_word' id='word_1_481' title='bbox 493 4360 585 4436; x_wconf 88' lang='lat' dir='ltr'>ipsos</span> <span class='ocrx_word' id='word_1_482' title='bbox 606 4359 762 4423; x_wconf 81' lang='lat' dir='ltr'>liberavit</span> <span class='ocrx_word' id='word_1_483' title='bbox 775 4360 817 4422; x_wconf 93' lang='lat' dir='ltr'>ab</span> <span class='ocrx_word' id='word_1_484' title='bbox 836 4364 1051 4439; x_wconf 87' lang='lat' dir='ltr'>omnipcena,</span> <span class='ocrx_word' id='word_1_485' title='bbox 1107 4366 1159 4425; x_wconf 91' lang='lat' dir='ltr'>est</span> <span class='ocrx_word' id='word_1_486' title='bbox 1181 4363 1313 4439; x_wconf 85' lang='lat' dir='ltr'>gladius</span> <span class='ocrx_word' id='word_1_487' title='bbox 1336 4360 1462 4423; x_wconf 92' lang='lat' dir='ltr'>diaboli</span> <span class='ocrx_word' id='word_1_488' title='bbox 1484 4359 1631 4428; x_wconf 90' lang='lat' dir='ltr'>limatus,</span> <span class='ocrx_word' id='word_1_489' title='bbox 1647 4356 1734 4417; x_wconf 88' lang='lat' dir='ltr'>idest</span> <span class='ocrx_word' id='word_1_490' title='bbox 1755 4350 1876 4428; x_wconf 70' lang='lat' dir='ltr'>fulgida</span> 
     </span>
     <span class='ocr_line' id='line_1_43' title="bbox 256 4447 1877 4537; baseline -0.004 -19"><span class='ocrx_word' id='word_1_491' title='bbox 256 4456 459 4518; x_wconf 84' lang='lat' dir='ltr'>conserendo</span> <span class='ocrx_word' id='word_1_492' title='bbox 483 4457 533 4516; x_wconf 85' lang='lat' dir='ltr'>eis</span> <span class='ocrx_word' id='word_1_493' title='bbox 550 4457 738 4519; x_wconf 88' lang='lat' dir='ltr'>claritatem</span> <span class='ocrx_word' id='word_1_494' title='bbox 753 4460 886 4520; x_wconf 84' lang='lat' dir='ltr'>aeternae</span> <span class='ocrx_word' id='word_1_495' title='bbox 898 4460 1051 4521; x_wconf 77' lang='lat' dir='ltr'>visionis.</span> <span class='ocrx_word' id='word_1_496' title='bbox 1107 4476 1167 4537; x_wconf 89' lang='lat' dir='ltr'>per</span> <span class='ocrx_word' id='word_1_497' title='bbox 1179 4458 1446 4526; x_wconf 89' lang='lat' dir='ltr'>delectationem,</span> <span class='ocrx_word' id='word_1_498' title='bbox 1465 4456 1521 4533; x_wconf 89' lang='lat' dir='ltr'>qui</span> <span class='ocrx_word' id='word_1_499' title='bbox 1536 4453 1651 4516; x_wconf 87' lang='lat' dir='ltr'>turbat</span> <span class='ocrx_word' id='word_1_500' title='bbox 1665 4454 1777 4529; x_wconf 86' lang='lat' dir='ltr'>portas</span> <span class='ocrx_word' id='word_1_501' title='bbox 1795 4447 1877 4525; x_wconf 81' lang='lat' dir='ltr'>quin·</span> 
     </span>
     <span class='ocr_line' id='line_1_44' title="bbox 258 4546 1876 4634; baseline -0.007 -19"><span class='ocrx_word' id='word_1_502' title='bbox 258 4553 352 4615; x_wconf 91' lang='lat' dir='ltr'>Unde</span> <span class='ocrx_word' id='word_1_503' title='bbox 377 4554 528 4630; x_wconf 88' lang='lat' dir='ltr'>sequitur</span> <span class='ocrx_word' id='word_1_504' title='bbox 547 4569 554 4613; x_wconf 93' lang='lat'>:</span> <span class='ocrx_word' id='word_1_505' title='bbox 574 4570 592 4613; x_wconf 72' lang='lat' dir='ltr'>a</span> <span class='ocrx_word' id='word_1_506' title='bbox 613 4556 741 4616; x_wconf 86' lang='lat' dir='ltr'>Etenim</span> <span class='ocrx_word' id='word_1_507' title='bbox 766 4555 912 4619; x_wconf 83' lang='lat' dir='ltr'>firmarit</span> <span class='ocrx_word' id='word_1_508' title='bbox 939 4555 1053 4617; x_wconf 87' lang='lat' dir='ltr'>orbern</span> <span class='ocrx_word' id='word_1_509' title='bbox 1108 4574 1172 4634; x_wconf 88' lang='lat' dir='ltr'>qne</span> <span class='ocrx_word' id='word_1_510' title='bbox 1187 4572 1344 4617; x_wconf 89' lang='lat' dir='ltr'>sensuum</span> <span class='ocrx_word' id='word_1_511' title='bbox 1359 4553 1520 4630; x_wconf 91' lang='lat' dir='ltr'>corporis.</span> <span class='ocrx_word' id='word_1_512' title='bbox 1534 4551 1685 4612; x_wconf 83' lang='lat' dir='ltr'>Amictus</span> <span class='ocrx_word' id='word_1_513' title='bbox 1699 4549 1740 4609; x_wconf 93' lang='lat' dir='ltr'>ad</span> <span class='ocrx_word' id='word_1_514' title='bbox 1756 4546 1876 4608; x_wconf 87' lang='lat' dir='ltr'>caedem:</span> 
     </span>
     <span class='ocr_line' id='line_1_45' title="bbox 197 4638 1878 4726; baseline -0.01 -13"><span class='ocrx_word' id='word_1_515' title='bbox 197 4666 201 4675; x_wconf 91' lang='lat'>·</span> <span class='ocrx_word' id='word_1_516' title='bbox 256 4653 369 4722; x_wconf 88' lang='lat' dir='ltr'>terrae,</span> <span class='ocrx_word' id='word_1_517' title='bbox 384 4650 441 4726; x_wconf 88' lang='lat' dir='ltr'>qui</span> <span class='ocrx_word' id='word_1_518' title='bbox 456 4666 523 4710; x_wconf 90' lang='lat' dir='ltr'>nou</span> <span class='ocrx_word' id='word_1_519' title='bbox 543 4652 844 4713; x_wconf 79' lang='lat' dir='ltr'>commovebitur».</span> <span class='ocrx_word' id='word_1_520' title='bbox 859 4653 906 4714; x_wconf 81' lang='lat' dir='ltr'>hd</span> <span class='ocrx_word' id='word_1_521' title='bbox 923 4654 1053 4715; x_wconf 89' lang='lat' dir='ltr'>hocla-</span> <span class='ocrx_word' id='word_1_522' title='bbox 1108 4654 1253 4716; x_wconf 90' lang='lat' dir='ltr'>occultat</span> <span class='ocrx_word' id='word_1_523' title='bbox 1285 4651 1374 4714; x_wconf 91' lang='lat' dir='ltr'>enim</span> <span class='ocrx_word' id='word_1_524' title='bbox 1411 4649 1623 4725; x_wconf 89' lang='lat' dir='ltr'>supplicium,</span> <span class='ocrx_word' id='word_1_525' title='bbox 1658 4650 1692 4708; x_wconf 89' lang='lat' dir='ltr'>et</span> <span class='ocrx_word' id='word_1_526' title='bbox 1727 4638 1878 4722; x_wconf 77' lang='lat' dir='ltr'>pretendit</span> 
     </span>
     <span class='ocr_line' id='line_1_46' title="bbox 258 4738 1878 4831; baseline -0.009 -22"><span class='ocrx_word' id='word_1_527' title='bbox 258 4749 307 4810; x_wconf 79' lang='lat' dir='ltr'>rit</span> <span class='ocrx_word' id='word_1_528' title='bbox 334 4749 367 4809; x_wconf 89' lang='lat' dir='ltr'>et</span> <span class='ocrx_word' id='word_1_529' title='bbox 392 4747 543 4819; x_wconf 85' lang='lat' dir='ltr'>extersit,</span> <span class='ocrx_word' id='word_1_530' title='bbox 570 4749 606 4810; x_wconf 87' lang='lat' dir='ltr'>ut</span> <span class='ocrx_word' id='word_1_531' title='bbox 629 4748 776 4810; x_wconf 83' lang='lat' dir='ltr'>firmaret</span> <span class='ocrx_word' id='word_1_532' title='bbox 799 4750 912 4831; x_wconf 84' lang='lat' dir='ltr'>orbem</span> <span class='ocrx_word' id='word_1_533' title='bbox 941 4754 1052 4824; x_wconf 85' lang='lat' dir='ltr'>terrae,</span> <span class='ocrx_word' id='word_1_534' title='bbox 1109 4752 1194 4829; x_wconf 88' lang='lat' dir='ltr'>quod</span> <span class='ocrx_word' id='word_1_535' title='bbox 1211 4750 1364 4810; x_wconf 89' lang='lat' dir='ltr'>delectat.</span> <span class='ocrx_word' id='word_1_536' title='bbox 1382 4746 1550 4823; x_wconf 85' lang='lat' dir='ltr'>Sequitur,</span> <span class='ocrx_word' id='word_1_537' title='bbox 1567 4745 1741 4819; x_wconf 86' lang='lat' dir='ltr'>alloquens</span> <span class='ocrx_word' id='word_1_538' title='bbox 1756 4738 1878 4817; x_wconf 87' lang='lat' dir='ltr'>gladium</span> 
     </span>
     <span class='ocr_line' id='line_1_47' title="bbox 257 4837 1878 4927; baseline -0.009 -21"><span class='ocrx_word' id='word_1_539' title='bbox 257 4845 344 4906; x_wconf 90' lang='lat' dir='ltr'>idest</span> <span class='ocrx_word' id='word_1_540' title='bbox 355 4859 489 4905; x_wconf 89' lang='lat' dir='ltr'>carnem</span> <span class='ocrx_word' id='word_1_541' title='bbox 501 4845 661 4914; x_wconf 86' lang='lat' dir='ltr'>nostram,</span> <span class='ocrx_word' id='word_1_542' title='bbox 679 4861 752 4921; x_wconf 81' lang='lat' dir='ltr'>quae</span> <span class='ocrx_word' id='word_1_543' title='bbox 766 4845 1001 4910; x_wconf 86' lang='lat' dir='ltr'>orbiculariter</span> <span class='ocrx_word' id='word_1_544' title='bbox 1014 4848 1055 4908; x_wconf 90' lang='lat' dir='ltr'>de</span> <span class='ocrx_word' id='word_1_545' title='bbox 1111 4848 1222 4927; x_wconf 85' lang='lat' dir='ltr'>(ibid,</span> <span class='ocrx_word' id='word_1_546' title='bbox 1238 4844 1354 4923; x_wconf 81' lang='lat'>21,16)</span> <span class='ocrx_word' id='word_1_547' title='bbox 1372 4866 1379 4905; x_wconf 90' lang='lat'>:</span> <span class='ocrx_word' id='word_1_548' title='bbox 1395 4862 1414 4903; x_wconf 73' lang='lat' dir='ltr'>c</span> <span class='ocrx_word' id='word_1_549' title='bbox 1428 4847 1610 4911; x_wconf 87' lang='lat' dir='ltr'>Exacnere,</span> <span class='ocrx_word' id='word_1_550' title='bbox 1627 4840 1711 4901; x_wconf 83' lang='lat' dir='ltr'>vade</span> <span class='ocrx_word' id='word_1_551' title='bbox 1723 4839 1764 4900; x_wconf 88' lang='lat' dir='ltr'>ad</span> <span class='ocrx_word' id='word_1_552' title='bbox 1780 4837 1878 4896; x_wconf 85' lang='lat' dir='ltr'>dexte·</span> 
     </span>
     <span class='ocr_line' id='line_1_48' title="bbox 257 4925 1878 5017; baseline -0.01 -14"><span class='ocrx_word' id='word_1_553' title='bbox 257 4944 349 5004; x_wconf 88' lang='lat' dir='ltr'>terra</span> <span class='ocrx_word' id='word_1_554' title='bbox 361 4941 403 5002; x_wconf 90' lang='lat' dir='ltr'>ad</span> <span class='ocrx_word' id='word_1_555' title='bbox 417 4942 541 5002; x_wconf 88' lang='lat' dir='ltr'>terram</span> <span class='ocrx_word' id='word_1_556' title='bbox 554 4940 696 5002; x_wconf 82' lang='lat' dir='ltr'>vertitur</span> <span class='ocrx_word' id='word_1_557' title='bbox 710 4941 883 5004; x_wconf 89' lang='lat' dir='ltr'>moriendo</span> <span class='ocrx_word' id='word_1_558' title='bbox 897 4945 1056 5005; x_wconf 86' lang='lat' dir='ltr'>:extersit</span> <span class='ocrx_word' id='word_1_559' title='bbox 1110 4960 1193 5017; x_wconf 88' lang='lat' dir='ltr'>ram,</span> <span class='ocrx_word' id='word_1_560' title='bbox 1211 4945 1282 5004; x_wconf 82' lang='lat' dir='ltr'>sive</span> <span class='ocrx_word' id='word_1_561' title='bbox 1302 4943 1342 5004; x_wconf 89' lang='lat' dir='ltr'>ad</span> <span class='ocrx_word' id='word_1_562' title='bbox 1364 4942 1547 5010; x_wconf 91' lang='lat' dir='ltr'>sinistram,</span> <span class='ocrx_word' id='word_1_563' title='bbox 1573 4950 1778 5015; x_wconf 86' lang='lat' dir='ltr'>quocumque</span> <span class='ocrx_word' id='word_1_564' title='bbox 1799 4925 1878 4992; x_wconf 82' lang='lat' dir='ltr'>lactei</span> 
     </span>
     <span class='ocr_line' id='line_1_49' title="bbox 258 5022 1875 5118; baseline -0.006 -17"><span class='ocrx_word' id='word_1_565' title='bbox 258 5039 412 5101; x_wconf 90' lang='lat' dir='ltr'>omnibus</span> <span class='ocrx_word' id='word_1_566' title='bbox 435 5038 641 5115; x_wconf 86' lang='lat' dir='ltr'>poenalitatis</span> <span class='ocrx_word' id='word_1_567' title='bbox 660 5038 825 5111; x_wconf 87' lang='lat' dir='ltr'>sordibus,</span> <span class='ocrx_word' id='word_1_568' title='bbox 846 5042 883 5102; x_wconf 90' lang='lat' dir='ltr'>ut</span> <span class='ocrx_word' id='word_1_569' title='bbox 897 5041 931 5102; x_wconf 91' lang='lat' dir='ltr'>in</span> <span class='ocrx_word' id='word_1_570' title='bbox 945 5042 1055 5103; x_wconf 84' lang='lat' dir='ltr'>futuro</span> <span class='ocrx_word' id='word_1_571' title='bbox 1110 5045 1176 5104; x_wconf 86' lang='lat' dir='ltr'>tuae</span> <span class='ocrx_word' id='word_1_572' title='bbox 1188 5042 1240 5103; x_wconf 93' lang='lat' dir='ltr'>est</span> <span class='ocrx_word' id='word_1_573' title='bbox 1255 5041 1433 5118; x_wconf 87' lang='lat' dir='ltr'>appetitus.</span> <span class='ocrx_word' id='word_1_574' title='bbox 1447 5039 1555 5098; x_wconf 79' lang='lat' dir='ltr'>»Haec</span> <span class='ocrx_word' id='word_1_575' title='bbox 1566 5037 1619 5096; x_wconf 90' lang='lat' dir='ltr'>est</span> <span class='ocrx_word' id='word_1_576' title='bbox 1633 5047 1752 5109; x_wconf 91' lang='lat' dir='ltr'>magna</span> <span class='ocrx_word' id='word_1_577' title='bbox 1766 5031 1811 5090; x_wconf 89' lang='lat' dir='ltr'>ira</span> <span class='ocrx_word' id='word_1_578' title='bbox 1821 5022 1875 5092; x_wconf 74' lang='lat' dir='ltr'>Dei,</span> 
     </span>
    </p>
   </div>
   <div class='ocr_carea' id='block_1_3' title="bbox 261 5200 1875 5703">
    <p class='ocr_par' dir='ltr' id='par_1_6' title="bbox 261 5200 1875 5703">
     <span class='ocr_line' id='line_1_50' title="bbox 296 5200 1874 5282; baseline -0.011 -15"><span class='ocrx_word' id='word_1_579' title='bbox 296 5209 323 5267; x_wconf 86' lang='lat' dir='ltr'>ll</span> <span class='ocrx_word' id='word_1_580' title='bbox 350 5205 463 5273; x_wconf 66' lang='lat' dir='ltr'>bloi-al„</span> <span class='ocrx_word' id='word_1_581' title='bbox 479 5206 498 5262; x_wconf 90' lang='lat' dir='ltr'>l.</span> <span class='ocrx_word' id='word_1_582' title='bbox 514 5206 578 5273; x_wconf 86' lang='lat' dir='ltr'>vn,</span> <span class='ocrx_word' id='word_1_583' title='bbox 595 5206 623 5261; x_wconf 93' lang='lat' dir='ltr'>in</span> <span class='ocrx_word' id='word_1_584' title='bbox 636 5220 700 5278; x_wconf 89' lang='lat' dir='ltr'>cap.</span> <span class='ocrx_word' id='word_1_585' title='bbox 713 5206 730 5263; x_wconf 86' lang='grc'>6</span> <span class='ocrx_word' id='word_1_586' title='bbox 743 5206 806 5276; x_wconf 89' lang='lat' dir='ltr'>lob,</span> <span class='ocrx_word' id='word_1_587' title='bbox 822 5224 851 5264; x_wconf 90' lang='lat' dir='ltr'>u.</span> <span class='ocrx_word' id='word_1_588' title='bbox 866 5208 892 5264; x_wconf 75' lang='lat'>2.</span> <span class='ocrx_word' id='word_1_589' title='bbox 1111 5209 1210 5282; x_wconf 85' lang='lat' dir='ltr'>culpas</span> <span class='ocrx_word' id='word_1_590' title='bbox 1222 5215 1334 5269; x_wconf 87' lang='lat' dir='ltr'>nostras</span> <span class='ocrx_word' id='word_1_591' title='bbox 1346 5204 1488 5279; x_wconf 89' lang='lat' dir='ltr'>parcendo</span> <span class='ocrx_word' id='word_1_592' title='bbox 1499 5201 1645 5260; x_wconf 63' lang='lat' dir='ltr'>lerinam.</span> <span class='ocrx_word' id='word_1_593' title='bbox 1658 5202 1690 5281; x_wconf 82' lang='lat' dir='ltr'>ln</span> <span class='ocrx_word' id='word_1_594' title='bbox 1705 5200 1874 5270; x_wconf 73' lang='lat' dir='ltr'>manueteoul</span> 
     </span>
     <span class='ocr_line' id='line_1_51' title="bbox 296 5244 1874 5352; baseline -0.003 -19"><span class='ocrx_word' id='word_1_595' title='bbox 296 5278 325 5347; x_wconf 74' lang='lat' dir='ltr'>lt</span> <span class='ocrx_word' id='word_1_596' title='bbox 354 5279 461 5333; x_wconf 85' lang='lat' dir='ltr'>Stetere</span> <span class='ocrx_word' id='word_1_597' title='bbox 479 5276 508 5331; x_wconf 91' lang='lat' dir='ltr'>in</span> <span class='ocrx_word' id='word_1_598' title='bbox 525 5290 611 5332; x_wconf 88' lang='lat' dir='ltr'>manu</span> <span class='ocrx_word' id='word_1_599' title='bbox 633 5278 725 5333; x_wconf 88' lang='lat' dir='ltr'>Patris</span> <span class='ocrx_word' id='word_1_600' title='bbox 741 5286 795 5334; x_wconf 88' lang='lat' dir='ltr'>ete.</span> <span class='ocrx_word' id='word_1_601' title='bbox 818 5281 850 5335; x_wconf 93' lang='lat' dir='ltr'>ln</span> <span class='ocrx_word' id='word_1_602' title='bbox 871 5278 938 5336; x_wconf 85' lang='lat' dir='ltr'>edit.</span> <span class='ocrx_word' id='word_1_603' title='bbox 964 5281 1055 5337; x_wconf 85' lang='lat' dir='ltr'>Maur.</span> <span class='ocrx_word' id='word_1_604' title='bbox 1112 5282 1212 5345; x_wconf 85' lang='lat' dir='ltr'>Patris,</span> <span class='ocrx_word' id='word_1_605' title='bbox 1234 5279 1315 5349; x_wconf 80' lang='lat' dir='ltr'>qnasi</span> <span class='ocrx_word' id='word_1_606' title='bbox 1339 5285 1443 5334; x_wconf 86' lang='lat' dir='ltr'>statera</span> <span class='ocrx_word' id='word_1_607' title='bbox 1465 5275 1529 5330; x_wconf 87' lang='lat' dir='ltr'>miri</span> <span class='ocrx_word' id='word_1_608' title='bbox 1549 5244 1707 5352; x_wconf 56' lang='lat' dir='ltr'>libraminis</span> <span class='ocrx_word' id='word_1_609' title='bbox 1721 5267 1811 5327; x_wconf 79' lang='lat' dir='ltr'>sacrus</span> <span class='ocrx_word' id='word_1_610' title='bbox 1824 5260 1874 5315; x_wconf 66' lang='lat' dir='ltr'>hffli</span> 
     </span>
     <span class='ocr_line' id='line_1_52' title="bbox 261 5342 1873 5431; baseline -0.004 -26"><span class='ocrx_word' id='word_1_611' title='bbox 261 5348 364 5415; x_wconf 81' lang='lat' dir='ltr'>Paris,</span> <span class='ocrx_word' id='word_1_612' title='bbox 381 5353 448 5402; x_wconf 87' lang='lat' dir='ltr'>tom.</span> <span class='ocrx_word' id='word_1_613' title='bbox 476 5349 498 5414; x_wconf 94' lang='lat' dir='ltr'>l,</span> <span class='ocrx_word' id='word_1_614' title='bbox 514 5346 568 5401; x_wconf 91' lang='lat' dir='ltr'>col.</span> <span class='ocrx_word' id='word_1_615' title='bbox 595 5347 658 5415; x_wconf 72' lang='lat' dir='ltr'>ila,</span> <span class='ocrx_word' id='word_1_616' title='bbox 681 5349 722 5404; x_wconf 87' lang='lat' dir='ltr'>sic</span> <span class='ocrx_word' id='word_1_617' title='bbox 738 5347 842 5431; x_wconf 80' lang='lat' dir='ltr'>legitur</span> <span class='ocrx_word' id='word_1_618' title='bbox 857 5365 863 5404; x_wconf 78' lang='grc' dir='ltr'><strong><em>ε</em></strong></span> <span class='ocrx_word' id='word_1_619' title='bbox 878 5371 889 5398; x_wconf 79' lang='grc' dir='ltr'>ι</span> <span class='ocrx_word' id='word_1_620' title='bbox 902 5351 970 5417; x_wconf 85' lang='lat' dir='ltr'>Quis</span> <span class='ocrx_word' id='word_1_621' title='bbox 985 5351 1057 5407; x_wconf 86' lang='lat' dir='ltr'>alius</span> <span class='ocrx_word' id='word_1_622' title='bbox 1112 5352 1139 5406; x_wconf 87' lang='lat' dir='ltr'>in</span> <span class='ocrx_word' id='word_1_623' title='bbox 1155 5365 1186 5406; x_wconf 89' lang='lat' dir='ltr'>se</span> <span class='ocrx_word' id='word_1_624' title='bbox 1196 5349 1387 5406; x_wconf 87' lang='lat' dir='ltr'>calamitatem</span> <span class='ocrx_word' id='word_1_625' title='bbox 1411 5352 1549 5409; x_wconf 86' lang='lat' dir='ltr'>nostram,</span> <span class='ocrx_word' id='word_1_626' title='bbox 1564 5351 1594 5399; x_wconf 88' lang='lat' dir='ltr'>et</span> <span class='ocrx_word' id='word_1_627' title='bbox 1613 5342 1690 5424; x_wconf 70' lang='lat' dir='ltr'>illinc</span> <span class='ocrx_word' id='word_1_628' title='bbox 1704 5342 1873 5412; x_wconf 57' lang='lat' dir='ltr'>monetans·</span> 
     </span>
     <span class='ocr_line' id='line_1_53' title="bbox 262 5396 1875 5503; baseline -0.007 -30"><span class='ocrx_word' id='word_1_629' title='bbox 262 5426 376 5473; x_wconf 76' lang='lat' dir='ltr'>statera</span> <span class='ocrx_word' id='word_1_630' title='bbox 389 5416 517 5483; x_wconf 90' lang='lat' dir='ltr'>nomine,</span> <span class='ocrx_word' id='word_1_631' title='bbox 531 5417 586 5472; x_wconf 90' lang='lat' dir='ltr'>nisi</span> <span class='ocrx_word' id='word_1_632' title='bbox 599 5419 650 5473; x_wconf 88' lang='lat' dir='ltr'>Dei</span> <span class='ocrx_word' id='word_1_633' title='bbox 663 5425 691 5474; x_wconf 87' lang='lat' dir='ltr'>et</span> <span class='ocrx_word' id='word_1_634' title='bbox 704 5417 850 5475; x_wconf 88' lang='lat' dir='ltr'>hommum</span> <span class='ocrx_word' id='word_1_635' title='bbox 865 5420 1002 5477; x_wconf 86' lang='lat' dir='ltr'>llediator</span> <span class='ocrx_word' id='word_1_636' title='bbox 1012 5436 1058 5477; x_wconf 83' lang='lat' dir='ltr'>ex·</span> <span class='ocrx_word' id='word_1_637' title='bbox 1112 5421 1217 5503; x_wconf 87' lang='lat' dir='ltr'>pendit.</span> <span class='ocrx_word' id='word_1_638' title='bbox 1234 5418 1289 5476; x_wconf 86' lang='lat' dir='ltr'>Sed</span> <span class='ocrx_word' id='word_1_639' title='bbox 1302 5419 1401 5490; x_wconf 86' lang='lat' dir='ltr'>gravis</span> <span class='ocrx_word' id='word_1_640' title='bbox 1408 5415 1741 5488; x_wconf 85' lang='lat' dir='ltr'>ponderiscalamitatem</span> <span class='ocrx_word' id='word_1_641' title='bbox 1755 5396 1875 5463; x_wconf 57' lang='lat' dir='ltr'>monem</span> 
     </span>
     <span class='ocr_line' id='line_1_54' title="bbox 263 5481 1873 5567; baseline -0.002 -26"><span class='ocrx_word' id='word_1_642' title='bbox 263 5486 413 5567; x_wconf 77' lang='lat' dir='ltr'>primitur?</span> <span class='ocrx_word' id='word_1_643' title='bbox 427 5488 473 5558; x_wconf 83' lang='lat' dir='ltr'>qui</span> <span class='ocrx_word' id='word_1_644' title='bbox 489 5485 524 5542; x_wconf 90' lang='lat' dir='ltr'>ad</span> <span class='ocrx_word' id='word_1_645' title='bbox 537 5486 714 5565; x_wconf 88' lang='lat' dir='ltr'>pensandum</span> <span class='ocrx_word' id='word_1_646' title='bbox 728 5489 793 5545; x_wconf 83' lang='lat' dir='ltr'>vitae</span> <span class='ocrx_word' id='word_1_647' title='bbox 808 5498 912 5546; x_wconf 76' lang='lat' dir='ltr'>nostrae</span> <span class='ocrx_word' id='word_1_648' title='bbox 925 5491 1056 5548; x_wconf 87' lang='lat' dir='ltr'>meritum</span> <span class='ocrx_word' id='word_1_649' title='bbox 1112 5492 1243 5557; x_wconf 84' lang='lat' dir='ltr'>innotuit,</span> <span class='ocrx_word' id='word_1_650' title='bbox 1258 5497 1287 5546; x_wconf 87' lang='lat' dir='ltr'>et</span> <span class='ocrx_word' id='word_1_651' title='bbox 1302 5489 1377 5562; x_wconf 86' lang='lat' dir='ltr'>apud</span> <span class='ocrx_word' id='word_1_652' title='bbox 1400 5483 1624 5543; x_wconf 87' lang='lat' dir='ltr'>misericordiam</span> <span class='ocrx_word' id='word_1_653' title='bbox 1645 5484 1709 5539; x_wconf 83' lang='lat' dir='ltr'>leve</span> <span class='ocrx_word' id='word_1_654' title='bbox 1722 5492 1781 5537; x_wconf 77' lang='lat' dir='ltr'>esee</span> <span class='ocrx_word' id='word_1_655' title='bbox 1794 5481 1873 5546; x_wconf 74' lang='lat' dir='ltr'>pecca·</span> 
     </span>
     <span class='ocr_line' id='line_1_55' title="bbox 264 5558 1526 5627; baseline 0 -17"><span class='ocrx_word' id='word_1_656' title='bbox 264 5565 351 5615; x_wconf 86' lang='lat' dir='ltr'>vemt.</span> <span class='ocrx_word' id='word_1_657' title='bbox 368 5571 401 5612; x_wconf 90' lang='lat' dir='ltr'>ac</span> <span class='ocrx_word' id='word_1_658' title='bbox 421 5570 520 5612; x_wconf 89' lang='lat' dir='ltr'>seeum</span> <span class='ocrx_word' id='word_1_659' title='bbox 537 5558 675 5627; x_wconf 69' lang='lat' dir='ltr'>justitiam</span> <span class='ocrx_word' id='word_1_660' title='bbox 691 5558 775 5614; x_wconf 87' lang='lat' dir='ltr'>simul</span> <span class='ocrx_word' id='word_1_661' title='bbox 789 5567 817 5615; x_wconf 90' lang='lat' dir='ltr'>et</span> <span class='ocrx_word' id='word_1_662' title='bbox 832 5560 1056 5617; x_wconf 87' lang='lat' dir='ltr'>misericordiam</span> <span class='ocrx_word' id='word_1_663' title='bbox 1112 5570 1170 5619; x_wconf 85' lang='lat' dir='ltr'>tuin</span> <span class='ocrx_word' id='word_1_664' title='bbox 1185 5560 1337 5617; x_wconf 85' lang='lat' dir='ltr'>relaxando</span> <span class='ocrx_word' id='word_1_665' title='bbox 1350 5558 1526 5615; x_wconf 79' lang='lat' dir='ltr'>monstrarit.</span> 
     </span>
     <span class='ocr_line' id='line_1_56' title="bbox 264 5624 1056 5703; baseline 0.011 -24"><span class='ocrx_word' id='word_1_666' title='bbox 264 5624 363 5681; x_wconf 84' lang='lat' dir='ltr'>detulit</span> <span class='ocrx_word' id='word_1_667' title='bbox 386 5643 392 5681; x_wconf 94' lang='lat'><strong>:</strong></span> <span class='ocrx_word' id='word_1_668' title='bbox 415 5625 466 5681; x_wconf 87' lang='lat' dir='ltr'>sed</span> <span class='ocrx_word' id='word_1_669' title='bbox 492 5627 692 5684; x_wconf 78' lang='lat' dir='ltr'>misericordia</span> <span class='ocrx_word' id='word_1_670' title='bbox 717 5629 799 5684; x_wconf 89' lang='lat' dir='ltr'>lance</span> <span class='ocrx_word' id='word_1_671' title='bbox 824 5631 1056 5703; x_wconf 68' lang='lat' dir='ltr'>praeponderans,</span> 
     </span>
    </p>
   </div>
   <div class='ocr_carea' id='block_1_4' title="bbox 0 0 1985 6196">
    <p class='ocr_par' dir='ltr' id='par_1_7' title="bbox 0 0 1985 6196">
     <span class='ocr_line' id='line_1_57' title="bbox 0 0 1985 6196; baseline 0 0"><span class='ocrx_word' id='word_1_672' title='bbox 0 0 1985 6196; x_wconf 95' lang='lat' dir='ltr'> </span> 
     </span>
    </p>
   </div>
  </div>
 </body>
</html>
