3950 6200
138 269 189 329 los
1723 265 1783 335 106

137 432 308 508 novajura
324 432 399 495 sint
421 434 567 507 condita,
596 433 630 494 in
658 433 827 510 publicum
853 450 934 512 pro·
990 433 1113 495 dicitnr
1135 448 1309 509 apparere.
1331 434 1400 494 Nos
1415 432 1518 508 igitur
1533 431 1651 494 vestris
1670 430 1782 508 preci·

141 528 244 598 deant,
257 544 337 589 cum
353 530 390 589 id
406 546 476 591 non
491 531 662 607 patiantur
675 532 822 608 antiqua.
989 530 1051 591 bus
1077 529 1240 601 inclinati,
1257 531 1544 591 renunciationem
1561 529 1679 605 ipsam.
1694 528 1781 589 sicut

174 626 300 697 «Quia
322 642 409 688 vero
436 644 504 689 non
530 630 581 689 est
598 628 790 689 abbreviata
818 643 935 690 manus
990 627 1126 703 provide
1154 626 1240 687 facta
1276 629 1337 697 est,
1368 628 1568 699 auctoritate
1591 625 1783 702 Apostolica

139 723 278 793 Domini,
294 726 418 785 utnon
438 726 544 801 possit
560 725 795 789 sublimitatem
817 726 934 786 incur·
991 725 1234 795 confirmamus,
1246 725 1458 800 etpraesentis
1470 725 1584 800 scripti
1597 722 1782 800 patrocinio

139 835 213 881 vare
240 820 433 908 bominum,
464 825 498 883 et
524 822 733 884 altitudinem
757 822 935 882 humiliare
991 820 1438 892 communimus,·districtius
1451 820 1651 891 inhibentes,
1661 836 1704 880 ne
1719 819 1783 896 ipsi
1851 898 1853 900 Ψ

66 912 68 916 ‘
140 917 296 990 virorum,
314 935 409 979 nunc
424 935 500 979 cum
515 919 659 980 felicium
675 920 743 981 tuis
757 919 843 981 votis
859 934 937 981 suc·
991 918 1141 979 homines
1156 934 1215 983 vos
1225 914 1287 979 ‘aut
1303 918 1479 979 ecclesiam
1503 920 1648 979 vestram
1668 919 1784 978 contra

141 1016 461 1091 cessuumsplendor
475 1015 637 1087 illuxerit,
645 1017 680 1077 in
696 1032 815 1077 sereno
830 1016 946 1077 humi·
989 1014 1277 1074 renunciationem
1291 1014 1442 1074 eamdem
1453 1015 1656 1089 praesumant
1668 1012 1707 1073 de
1718 1029 1785 1073 cae-

139 1111 262 1174 titatem
287 1128 359 1174 non
381 1112 532 1184 deseras,
552 1128 650 1189 quam
665 1114 700 1174 in
714 1113 828 1175 nubilo
843 1128 935 1189 prae·
990 1112 1062 1172 tero
1074 1110 1263 1172 molestare.
1279 1111 1371 1172 Nulli
1390 1126 1480 1185 ergo,
1498 1112 1573 1183 etc,
1588 1110 1674 1170 banc
1689 1108 1785 1185 pagi·

139 1208 319 1273 tendebas..
339 1212 519 1286 Speremus
540 1209 652 1287 itaque
681 1211 766 1287 qnod
787 1211 935 1272 vinitam
991 1224 1067 1269 nam
1096 1210 1219 1269 nostrae
1249 1208 1512 1269 confirmationis
1544 1208 1577 1269 et
1609 1206 1785 1268 inhibitio·

141 1305 274 1369 discreti
283 1307 495 1375 memoriam,
508 1322 675 1383 nunquam
690 1308 739 1368 sic
754 1308 794 1368 ad
812 1308 936 1369 exami-
991 1306 1054 1378 nis,
1083 1309 1145 1368 eto.
1178 1307 1212 1367 Si
1230 1307 1303 1383 quis
1324 1307 1446 1376 autem,
1466 1305 1528 1366 etc.
1551 1305 1668 1366 Datum
1684 1304 1784 1366 Late-

140 1404 309 1465 nationem
325 1402 467 1465 deducet
487 1402 621 1475 oblivis,
637 1404 673 1464 ut
687 1407 821 1465 omnino
836 1404 872 1465 in
883 1405 936 1465 vi·
990 1405 1076 1475 rani,
1091 1407 1120 1465 11
1136 1420 1243 1465 nonas
1262 1404 1363 1481 junii,
1381 1418 1469 1464 anno
1484 1402 1625 1463 decimo.

140 1500 218 1561 tium
232 1499 489 1575 ingratitudinis
505 1500 641 1568 incidat,
651 1499 737 1577 quod
757 1501 936 1576 reprehen·
1535 1490 1537 1492 ’

141 1597 186 1659 dit
206 1597 244 1657 in
271 1597 411 1666 aemulo,
439 1598 473 1659 et
500 1598 649 1675 culpam,
677 1613 776 1674 quam
801 1598 935 1660 damnat

770 272 998 335 EPISTOLAE.
1022 274 1100 334 LIB.
1123 274 1163 337 X.

138 1694 172 1755 in
192 1694 301 1766 hoste,
331 1695 525 1757 committat.
555 1697 630 1757 Non
666 1710 745 1772 ergo
774 1694 935 1758 seducant

140 1792 170 1853 te
194 1807 371 1869 prospera,
401 1808 499 1869 quem
524 1793 724 1857 instruxisse
750 1792 936 1855 debuerunt

141 1890 418 1966 adversa-quum
443 1889 544 1952 suerit
569 1891 756 1952 Pharaonis
775 1892 934 1968 pincerna

140 1982 282 2056 notatus,
305 2000 345 2046 eo
373 1985 460 2061 quod
486 1984 739 2048 succedentibus
765 1985 934 2062 prosperis

142 2081 190 2140 sni
204 2081 257 2142 est
270 2080 393 2142 oblitus
406 2082 611 2158 interpretis3
630 2084 663 2144 et
677 2084 734 2145 lex
748 2082 934 2144 nobilitatis

142 2177 174 2238 id
186 2177 322 2249 babeat,
347 2180 384 2240 ut
401 2177 563 2239 nobilium
578 2181 705 2243 mentes
718 2181 853 2243 excelsa
868 2194 935 2239 non

142 2274 280 2346 elevent,
297 2276 332 2336 et
345 2274 461 2337 intima
472 2291 539 2337 non
554 2275 738 2343 demittant.
756 2279 931 2353 Quaprop-

141 2372 200 2443 ter,
210 2372 260 2433 nli
274 2372 460 2445 carissime,
473 2373 620 2449 probatis
631 2373 934 2450 apostolicaesedis

142 2469 326 2541 affectibus,
353 2469 479 2530 nullius
512 2470 680 2547 suggestio
708 2473 741 2532 te
761 2471 933 2545 subducat,

142 2582 210 2643 quae
239 2566 307 2628 nisi
332 2567 540 2630 obstaculum
574 2568 685 2629 nimiae
707 2568 935 2631 indevotionis

1309 1643 1469 1734 emin

1019 1824 1035 1853 ο
1102 1797 1153 1855 Ad
1171 1797 1363 1871 sigfridum
1382 1795 1678 1869 orcbteptscopcm

1258 1892 1513 1967 bregentinum.

1289 2019 1389 2093 djtlllii
1406 2019 1484 2076 lito.

1121 2126 1301 2191 [Wurdtweim
1313 2127 1384 2177 Nova
1398 2126 1522 2183 subsidia.
1538 2128 1581 2183 tv,
1598 2126 1664 2190 len]

990 2250 1023 2309 lbi
1052 2251 1168 2310 mandat
1190 2259 1221 2309 ut
1246 2252 1274 2309 in
1297 2252 1483 2309 ecclesiarum
1505 2252 1646 2324 praelatos,
1663 2249 1782 2306 canoni·
1867 2317 1871 2335 ἢ

1025 2353 1085 2408 cos,
1114 2346 1182 2408 etc,
1205 2339 1337 2397 dioecesis
1361 2339 1585 2397 warmaciensis
1610 2339 1781 2396 metentium

1024 2428 1330 2489 excommunicationis
1338 2441 1427 2499 usque
1438 2426 1473 2484 ad
1482 2424 1705 2484 satisfactionem
1716 2441 1782 2483 con·

1025 2516 1143 2587 dignam
1156 2515 1241 2573 iaciat
1251 2516 1450 2572 inviolabililer
1465 2514 1622 2572 observari.

143 2663 383 2739 impediamus
402 2664 575 2727 dexteram
602 2664 838 2726 beneficiorum
866 2678 934 2725 non
1030 2652 1208 2724 Honorius,
1221 2654 1296 2724 otc„
1309 2651 1494 2713 venerabili
1507 2650 1781 2713 [latrinarchie-

144 2759 322 2832 subtrahet,
340 2762 374 2822 et
387 2761 572 2825 dulcedinis
589 2762 692 2823 ubera
705 2778 772 2823 non
787 2762 933 2823 abscon·
989 2758 1125 2835 piscopo
1140 2758 1347 2833 Maguntino,
1362 2759 1515 2829 salutem,
1532 2759 1594 2818 etc.

145 2856 206 2927 det,
219 2874 292 2919 cnm
303 2858 425 2919 nonsit
438 2859 630 2931 verisimile,
644 2859 730 2937 quod
745 2859 849 2920 animi
863 2858 933 2919 ier·
1029 2858 1079 2915 Ex
1094 2856 1187 2932 parte
1201 2859 1258 2917 tna
1269 2855 1333 2917 suit
1346 2870 1458 2916 coram
1473 2854 1568 2915 nobis
1581 2853 1784 2930 expositum,

144 2955 246 3016 ventis
261 2954 418 3017 affectum
438 2955 552 3017 abillo
568 2957 608 3017 de
631 2955 724 3017 sacili
738 2955 820 3018 velit
833 2971 935 3019 aver·
989 2952 1076 3029 quod
1096 2956 1143 3023 tu,
1160 2953 1246 3014 sicin
1260 2968 1280 3012 a
1299 2951 1395 3013 nobis
1409 2953 1445 3012 in
1460 2951 1625 3012 mandatis
1641 2966 1784 3026 accepe-

146 3051 220 3120 iere,
238 3067 335 3129 quem
359 3053 464 3115 multo
482 3052 595 3115 labore
612 3052 696 3116 fovit
715 3051 933 3130 impuberem,
989 3066 1057 3118 ras,
1074 3050 1115 3111 ad
1131 3051 1414 3111 warmaciensem
1433 3049 1594 3111 accedens
1609 3049 1785 3111 ecclesiam

147 3147 308 3226 multaque
333 3149 560 3211 sollicitudine
582 3150 747 3228 promovit
771 3150 931 3212 adultum.
990 3147 1208 3208 ecclesiarum
1235 3148 1401 3225 praelatos,
1437 3148 1615 3208 canonicos
1641 3149 1675 3208 et
1700 3146 1785 3207 alios

148 3245 255 3307 Datum
268 3246 438 3310 Laterani.

469 3486 606 3573 GWH

176 3637 223 3696 Ad
235 3636 392 3697 abbatem
405 3637 440 3698 et
452 3636 658 3700 conventum
674 3638 709 3698 S·
726 3637 907 3711 (renovasse

421 3736 649 3796 parisiensis.

438 3861 456 3918 l
464 3862 538 3935 junii
554 3861 631 3920 rme.

171 3983 288 4048 meges,
298 3983 345 4033 m.
357 3984 390 4043 x,
402 3984 477 4048 epist.
487 3985 542 4034 mr.
558 3985 615 4034 uss.
626 3986 662 4036 na
672 3986 748 4036 rore
759 3985 794 4036 au
807 3952 900 4051 rann]

143 4106 390 4166 denunciationem
405 4108 612 4166 abdominibus
621 4109 931 4182 denoooioquesnont

173 4211 256 4268 super
275 4212 364 4253 manu
388 4204 499 4254 mortua
519 4197 634 4266 iactam,
656 4199 823 4256 anctoritate
837 4200 928 4272 Apos-

174 4285 256 4342 tolica
268 4285 430 4342 confirmat.

174 4413 279 4473 iustis
309 4412 504 4488 petentium,
525 4414 600 4484 etc,
625 4428 732 4486 usque
752 4413 928 4489 complere.

140 4510 222 4569 Sane
235 4509 350 4586 petitio
365 4510 477 4570 vestra
501 4508 596 4570 nobis
611 4509 760 4571 exhibita
774 4511 928 4571 contine-

137 4602 299 4682 bat‚qu0d
322 4623 399 4667 cnm
428 4606 581 4667 homines
604 4607 645 4669 de
665 4607 805 4678 Roonio,
827 4606 928 4667 Pari-

138 4701 255 4764 siensis
277 4703 444 4775 dioecesis,
473 4704 690 4780 quaestionem
714 4719 815 4780 super
828 4720 929 4764 manu

138 4803 264 4862 mortua
289 4800 380 4862 inter
407 4816 478 4872 vos,
507 4803 540 4862 et
567 4802 700 4862 eosdem
716 4802 814 4877 longe
837 4803 928 4863 retro

137 4896 338 4974 temporibus
348 4897 508 4973 agitatam
521 4914 561 4959 ac
575 4899 676 4959 clarae
690 4899 860 4960 memoriae
866 4901 929 4959 Lu·

138 4992 925 5074 dovici,ethilippi,dliiejus,regumFranciae,

138 5087 333 5153 diffinitione
366 5091 508 5168 sopitam
535 5095 660 5154 temere
696 5093 925 5164 suscitassent,

138 5187 265 5250 tandem
280 5188 324 5249 ad
344 5189 493 5250 animum
510 5189 687 5251 redeuntes
706 5191 925 5252 renuntiave-

138 5287 211 5347 runt
224 5286 361 5347 omnino
371 5285 562 5362 hujusmodi
577 5287 766 5363 quaestioni,
782 5287 815 5348 et
830 5287 925 5348 litte-

139 5381 183 5442 ris
196 5383 381 5460 impetratis
395 5398 415 5443 a
431 5384 515 5444 Sede
529 5383 720 5461 Apostolica
742 5399 842 5461 super
853 5384 923 5455 illa,

989 3245 1128 3306 clericos
1144 3245 1290 3306 civitatis
1305 3247 1338 3305 et
1353 3245 1506 3306 dioecesis
1520 3244 1784 3305 warmaciensis

989 3358 1051 3404 neo
1077 3359 1144 3404 non
1164 3343 1264 3415 cives,
1294 3343 1458 3405 vassallos
1483 3347 1516 3403 et
1529 3342 1663 3404 ludaeos
1682 3344 1786 3414 etiam

989 3441 1158 3502 monueris
1185 3441 1375 3515 diligenter,
1405 3442 1570 3516 utusque
1597 3439 1639 3500 ad
1663 3441 1784 3501 festum

989 3538 1255 3599 Resurrectionis
1273 3538 1453 3598 Dominicae
1468 3538 1619 3613 proxime
1632 3539 1786 3613 praeteri-

986 3636 1057 3697 tum
1071 3635 1105 3695 in
1118 3635 1209 3695 mille
1224 3635 1392 3696 sexcentis
1403 3636 1445 3698 et
1451 3634 1570 3708 viginti
1579 3635 1700 3695 marcis
1713 3635 1786 3695 col-

986 3732 1130 3808 ligendis
1152 3748 1171 3793 a
1193 3735 1226 3794 te
1241 3732 1450 3807 computatis,
1469 3731 1504 3791 in
1527 3732 1612 3809 ipsis
1634 3732 1784 3808 quadra·

986 3830 1089 3905 gintis
1100 3830 1133 3891 et
1142 3829 1280 3905 triginta
1291 3831 1414 3892 marcis
1419 3830 1657 3907 jamcollectis‚
1674 3829 1782 3890 eidem

986 3928 1138 3989 ecclesiae
1158 3926 1373 3988 subvenirent
1387 3941 1447 4004 pro
1466 3927 1632 3988 solutione
1652 3926 1782 3988 debito-

986 4039 1071 4095 rum,
1094 4024 1213 4100 quibus
1228 4027 1279 4084 est
1298 4023 1475 4099 plurimum
1490 4027 1682 4100 aggravata,
1703 4025 1780 4101 ipsi,

985 4120 1049 4181 hoo
1065 4119 1175 4182 iacere
1189 4121 1450 4192 contemnentes,
1464 4121 1496 4181 in
1512 4137 1626 4182 vocem
1637 4121 1782 4196 appella·

985 4218 1086 4279 tionis
1102 4217 1294 4279 frustatorie
1310 4218 1544 4295 proruperunt,
1562 4235 1660 4294 quam
1674 4222 1710 4279 tu
1725 4234 1782 4279 re-

985 4316 1106 4390 putans
1121 4315 1274 4376 frivolam
1303 4318 1337 4377 et
1358 4316 1491 4375 inanem
1513 4315 1549 4375 in
1571 4331 1629 4376 eos
1645 4331 1783 4377 excom-

985 4412 1220 4473 municationis
1247 4412 1444 4473 sententiam
1460 4414 1687 4490 promulgasti.
1715 4413 1778 4474 Sed

983 4509 1134 4584 praedicti
1160 4510 1290 4585 praelati
1314 4510 1347 4571 et
1372 4493 1485 4571 clerici
1511 4511 1712 4574 sententiam
1727 4512 1780 4588 ip-

984 4622 1054 4667 sam
1077 4606 1295 4682 pertinaciter¹
1310 4609 1569 4681 contemnentes
1586 4625 1780 4670 excommn-

983 4697 1085 4763 nicati
1104 4705 1399 4766 excommunicatis
1430 4710 1634 4781 praesumant
1664 4707 1776 4767 divina

983 4800 1094 4862 officia
1113 4801 1293 4873 celebrare,
1308 4803 1342 4862 in
1355 4802 1543 4864 animarum
1560 4819 1695 4864 suarum
1711 4819 1773 4879 pe-

982 4899 1124 4958 riculum
1139 4899 1172 4959 et
1195 4899 1388 4960 scandalum
1404 4900 1633 4976 plurimorum.
1647 4902 1697 4961 Ne
1709 4901 1777 4976 igi·
1806 4968 1808 4971 Α

980 4997 1036 5057 tur
1047 4995 1096 5055 illi
1112 4995 1152 5055 de
1163 5010 1223 5056 sua
1238 4996 1372 5058 valeant
1395 4998 1603 5059 contumacia
1622 4997 1773 5072 gloriari,

982 5092 1183 5154 fraternitati
1221 5093 1287 5154 tuae
1326 5110 1386 5170 per
1422 5094 1611 5170 Apostolica
1649 5095 1774 5171 scripta

981 5191 1188 5262 mandamus,
1212 5191 1374 5266 quatenns
1397 5191 1518 5252 dictam
1542 5193 1774 5256 excommuni-

980 5288 1126 5357 cationis
1137 5288 1346 5359 sententiam,
1366 5288 1452 5348 sicut
1466 5287 1711 5350 rationabiliter
1723 5291 1774 5355 est

980 5383 1548 5462 prolata,laciasadsatisfactionem
1560 5386 1769 5464 condignam,

138 5479 188 5539 vel
201 5480 301 5541 etiam
321 5479 498 5542 decaetero
521 5481 749 5557 impetrandis,
767 5481 853 5543 sicut
866 5497 926 5558 per
980 5481 1176 5542 auctoritate
1189 5481 1313 5547 nostra,
1331 5478 1460 5542 sublato
1474 5481 1706 5557 appellationis
1717 5484 1772 5545 ob-

143 5577 326 5640 autbentica
342 5577 465 5655 scripta
486 5593 587 5656 super
606 5577 669 5640 hoc
691 5577 778 5641 sacta
793 5579 924 5657 plenius
979 5578 1118 5650 staculo,
1133 5576 1372 5639 inviolabiliter
1393 5577 1575 5653 observari,
1590 5584 1625 5643 et
1644 5580 1671 5642 si
1686 5580 1770 5646 sorte
