3950 6200
242 282 302 342 147
682 281 738 340 nh
758 280 897 341 OPERA
919 280 951 340 S.
975 278 1196 341 thNcrsul
1217 282 1444 344 assistatis
1813 283 1860 347 lla

238 454 342 502 nuum
364 454 405 501 ae
427 437 561 516 pedum,
580 452 768 514 quanquam
782 452 913 507 ,manus
934 437 1031 515 quasi
1086 440 1181 528 cujus
1208 438 1365 501 intuitum
1390 456 1508 501 omnes
1537 440 1737 516 pugnatores
1769 440 1861 504 dirlnl

129 602 136 609 ,
238 551 372 614 semper
399 536 546 612 portaret
571 533 799 606 coniecisset
826 533 964 611 pedibus
989 549 1032 595 ex
1087 536 1254 597 exercitus
1275 538 1474 598 animentur.
1499 538 1564 598 Fer
1585 537 1799 599 nihilominus
1820 540 1862 600 si·

238 633 497 696 tuncincederet
508 632 675 693 calceatis.
695 631 868 703 Viderunt,
880 632 958 692 dum
974 632 1030 692 vi·
1086 632 1203 708 gillum
1223 633 1342 693 summi
1363 633 1534 695 Pontificis
1550 633 1684 705 Christi,
1699 651 1762 711 quo
1775 636 1861 697 verba

238 732 342 801 reret,
354 730 474 792 iratres
489 729 635 805 plurimi,
651 729 707 806 qui
722 728 919 790 licetessent
931 743 1033 806 prop-
1086 730 1118 790 et
1143 728 1231 791 iacta
1250 745 1321 800 sua,
1344 731 1500 807 tanquam
1525 730 1863 808 irreprehensibiliaet

238 830 290 890 ter
305 827 512 888 sanctitatem
537 825 739 903 praecipuam
760 826 825 887 viri
845 825 1031 903 peremnia
1086 827 1290 898 authentica,
1305 828 1423 888 merito
1438 826 1641 889 abomnibus
1654 830 1860 904 acceptentur.

239 924 304 986 tide
318 924 423 1000 digni,
440 925 552 984 tamen
565 922 605 983 ad
617 938 714 985 omns
730 922 866 983 dubium
878 938 1033 984 amoven·
1085 924 1159 984 Jam
1186 923 1275 984 enim
1301 925 1437 1000 propter
1462 925 1617 1001 stigmata
1634 925 1765 986 Domini
1783 927 1861 997 lesu,

241 1022 318 1083 dum
345 1022 393 1082 sic
417 1036 501 1093 esse,
529 1035 569 1081 ac
592 1036 628 1081 se
650 1019 786 1092 vidisse,
802 1020 899 1082 metis
922 1034 1033 1080 sacro·
1087 1034 1161 1096 quae
1176 1020 1364 1097 incorpore
1378 1023 1436 1082 tuo
1459 1023 1581 1098 portas,
1597 1036 1696 1082 nemo
1710 1020 1768 1081 tibi
1782 1021 1863 1082 debet

237 1118 377 1189 sanctis,
415 1116 604 1194 iuramento
647 1116 832 1178 firmarunt.
869 1117 1034 1178 Viderunt
1087 1131 1161 1178 esse
1179 1117 1356 1191 molestus3
1372 1118 1452 1194 quin
1472 1118 1582 1194 potius
1603 1117 1743 1195 quilibet
1758 1118 1863 1180 Chrisd

238 1216 340 1277 etiam
348 1231 392 1276 ex
401 1213 639 1284 familiaritate,
647 1228 746 1290 quam
755 1212 908 1274 cumviro
916 1215 1031 1274 sancto
1087 1228 1203 1275 servus
1219 1214 1309 1276 omni
1319 1215 1718 1276 teneturesseatrectione
1730 1215 1860 1276 devotus.

238 1311 406 1374 habehant
427 1310 532 1387 aliqui
555 1310 753 1382 cardinales,
775 1309 892 1371 laudes
912 1325 1031 1372 sacro·
1085 1312 1159 1373 lam
1178 1326 1237 1387 per
1250 1310 1323 1372 haec
1342 1311 1439 1386 signa
1459 1312 1658 1384 certissima,
1672 1327 1739 1372 non
1751 1310 1862 1372 duobus

240 1425 314 1471 rum
334 1409 526 1484 stigmatum
549 1408 668 1484 prosis,
686 1408 719 1469 et
735 1406 878 1484 hymnis,
895 1408 928 1468 et
944 1408 1033 1469 anti·
1086 1408 1144 1469 aut
1169 1407 1276 1468 tribus
1308 1408 1449 1470 testibus
1476 1409 1517 1468 ad
1544 1408 1788 1477 sufficientiam,
1813 1408 1859 1468 sed

241 1505 373 1585 phonis,
386 1520 468 1583 quas
482 1505 523 1566 ad
546 1505 651 1580 ipsius
670 1504 844 1566 ediderunt
858 1505 1029 1577 honorem,
1087 1504 1339 1583 quamplurimis
1365 1505 1406 1566 ad
1430 1505 1766 1582 superabundantiam
1787 1520 1863 1565 eom·

242 1603 409 1666 veraciter
430 1602 628 1674 inserentes,
651 1602 707 1678 qui
728 1602 796 1663 tam
810 1601 912 1663 verbo
933 1617 1032 1678 quam
1088 1599 1223 1677 probata
1245 1602 1435 1663 testimonia
1450 1602 1510 1663 Dei
1530 1603 1564 1663 in
1580 1605 1622 1674 te,
1637 1602 1672 1663 et
1685 1617 1745 1679 per
1757 1602 1788 1662 te
1801 1616 1862 1661 cre-

150 1686 154 1711 *
243 1700 368 1777 scripto
392 1698 631 1776 perhibuerunt
643 1699 870 1760 testimonium
884 1699 1029 1761 veritati.
1086 1697 1202 1760 dibilia
1218 1698 1304 1760 sacta
1319 1699 1430 1771 nimis,
1445 1715 1542 1760 omne
1555 1699 1677 1762 tollunt
1691 1697 1861 1758 infidelibus

243 1800 398 1859 Summus
415 1796 514 1859 etiam
536 1794 693 1858 Pontifex
710 1795 863 1857 dominus
883 1795 1033 1856 Alexan·
1086 1796 1239 1857 velamen
1268 1797 1506 1868 excusationis,
1531 1797 1608 1857 dum
1638 1796 1806 1857 credentes
1834 1795 1861 1854 in

241 1894 300 1956 der
308 1897 362 1966 lV,
371 1909 445 1955 oum
458 1893 784 1970 popuiopraedicaret
794 1907 905 1956 coram
919 1893 1033 1954 multis
1087 1893 1151 1954 tide
1163 1892 1348 1965 stabiliunt,
1366 1894 1437 1970 spei
1449 1893 1604 1954 fiduciam
1618 1909 1751 1955 sursum
1761 1894 1859 1968 agunt,

241 1991 413 2063 fratribus,
443 1993 477 2052 et
503 1990 641 2067 meipso,
664 1990 844 2052 affirmavit
879 2005 926 2062 se,
954 1990 1033 2051 dum
1087 1993 1120 2052 ot
1141 1988 1218 2066 igne
1238 1991 1388 2052 caritatis
1411 1991 1606 2053 accendunt
1621 1993 1695 2053 Jam
1710 2004 1785 2052 vers
1805 1992 1861 2050 in·

242 2089 377 2151 sanctus
402 2089 541 2159 viveret,
568 2088 723 2163 stigmata
749 2087 809 2148 illa
836 2103 933 2149 sacra
961 2087 1031 2148 suis
1087 2086 1175 2165 plata
1189 2089 1240 2149 est
1250 2087 1465 2164 primavisio,
1479 2103 1577 2164 quam
1587 2088 1713 2159 vidisti,
1725 2086 1862 2148 videlicet

241 2187 346 2249 oculis
362 2185 589 2261 conspexisse.
602 2184 765 2247 Viderunt
774 2186 810 2245 in
819 2187 925 2246 morte
936 2185 1029 2261 plus-
1088 2164 1180 2260 quod
1197 2183 1266 2243 dux
1291 2183 1326 2245 in
1349 2182 1469 2245 militia
1482 2182 1606 2244 Christi
1622 2183 1762 2254 iuturus,
1776 2182 1862 2242 armis

240 2296 339 2357 quam
355 2279 596 2357 quinquaginta
624 2278 755 2351 tratres,
776 2279 938 2356 virgoque
962 2282 1030 2341 Deo
1088 2280 1226 2342 deberes
1241 2279 1432 2342 coelestibus
1442 2281 1604 2357 signoque
1618 2280 1729 2342 crucis
1743 2278 1862 2354 insigni·

241 2376 456 2440 devotissima
478 2376 586 2445 Clara,
607 2390 683 2439 cum
704 2375 836 2438 caeteris
860 2376 1033 2438 sororibus
1087 2377 1150 2439 bus
1164 2377 1459 2440 decorari.Jamiu
1472 2378 1636 2455 principio
1658 2380 1725 2440 tuae
1739 2390 1861 2438 conver·
1915 2359 1918 2386 '

242 2476 324 2546 suis,
351 2479 384 2536 et
411 2474 591 2535 saeculares
621 2474 801 2545 innumeri,
830 2473 1032 2550 exquibus,
1089 2476 1205 2547 sionis,
1229 2475 1388 2536 crucifixi
1418 2476 1504 2538 visio
1531 2476 1733 2552 compassivi
1757 2472 1863 2535 doloris

241 2571 518 2650 quemadmodum
536 2586 597 2631 suo
616 2570 690 2631 loco
704 2570 842 2646 dicetur,
852 2570 989 2647 plurimi
1002 2572 1036 2632 et
1088 2572 1201 2650 gladio
1214 2573 1404 2634 mentaliter
1417 2575 1450 2634 te
1470 2574 1684 2650 transfigens,
1702 2572 1758 2633 sed
1771 2573 1802 2632 et
1814 2584 1863 2630 au·

240 2668 383 2730 osculati
402 2670 480 2728 sunt
493 2682 537 2729 cx
551 2667 738 2729 devotionis
760 2665 894 2738 affectu,
906 2669 939 2728 et
953 2683 1035 2728 con·
1089 2670 1177 2732 ditus
1205 2670 1297 2731 vocis
1323 2658 1364 2731 de
1388 2686 1497 2739 cruce,
1515 2672 1675 2748 tanquam
1700 2671 1739 2731 de
1759 2669 1862 2731 throno

240 2766 467 2828 trectaverunt
495 2763 648 2826 manibus
668 2764 710 2825 ad
729 2764 913 2827 testimonii
928 2764 1036 2827 tirmi-
1090 2767 1212 2829 Christi
1246 2767 1399 2838 sublimi,
1425 2770 1460 2829 et
1489 2771 1616 2831 secreto
1650 2764 1863 2845 propitiatorio

239 2865 351 2926 tatem.
373 2862 502 2922 Vulnus
526 2863 638 2923 autem
659 2861 775 2924 lateris
799 2863 867 2924 tam
893 2861 1035 2923 sollicite
1089 2864 1310 2942 procedentis,
1327 2867 1424 2941 juxta
1439 2865 1524 2942 quod
1549 2866 1606 2927 tuo
1621 2881 1720 2927 sacro
1742 2859 1862 2924 firmasti

241 2959 431 3032 occultavit,
448 2958 579 3020 utillud
595 2974 692 3020 nemo
706 2959 829 3036 posset,
841 2959 907 3020 nisi
920 2958 1035 3021 furtim
1089 2961 1233 3038 eloquio,
1246 2976 1326 3023 vera
1339 2961 1442 3023 luisse
1453 2962 1682 3025 indubitanter
1690 2961 1859 3024 creduntur.

241 3057 404 3129 contueri,
415 3057 494 3118 dum
506 3056 743 3135 viveret.Unus
753 3057 842 3118 enim
855 3055 969 3129 irater,
978 3056 1036 3134 qui
1089 3060 1108 3121 J
1110 3074 1163 3120 am
1176 3059 1211 3119 in
1225 3060 1292 3122 tuae
1307 3059 1537 3122 conversionis
1551 3075 1741 3137 progressu,
1755 3059 1786 3120 et
1798 3070 1863 3118 cru·

240 3156 273 3217 ei
287 3155 401 3220 sedule
426 3156 618 3217 ministrare
639 3155 758 3217 solitus
773 3158 856 3226 erat,
883 3171 958 3215 cum
980 3156 1036 3232 pia
1090 3171 1162 3218 cem
1176 3172 1274 3233 quam
1293 3156 1377 3218 vidit
1400 3155 1503 3219 irater
1524 3157 1686 3222 Silvester
1699 3153 1863 3219 exoretur

242 3267 318 3315 eum
331 3252 473 3325 cautela,
488 3255 524 3314 ut
534 3252 581 3336 >ad
595 3252 830 3314 excutiendum
843 3252 1037 3314 extraheret
1090 3252 1291 3316 mirabiliter
1304 3254 1548 3331 procedentem,
1565 3256 1598 3316 et
1607 3256 1737 3332 gladios
1754 3254 1788 3313 in
1801 3265 1865 3312 cru·

242 3351 403 3423 tunicam,
422 3351 623 3422 induxisset,
645 3350 770 3411 attente
783 3349 966 3427 respiciens
981 3350 1036 3410 vi·
1091 3351 1139 3413 eis
1161 3350 1291 3412 modum
1311 3354 1368 3413 tua
1387 3352 1518 3413 viscera
1536 3353 1779 3428 transfigentes,
1797 3361 1863 3424 quos

239 3449 287 3511 dit
306 3450 450 3526 plagam,
468 3448 524 3509 cui
545 3448 645 3510 etiam
665 3448 733 3509 tres
759 3447 866 3509 veloci
881 3448 1038 3508 contactu
1091 3447 1196 3510 irater
1207 3448 1290 3510 vidit
1306 3448 1480 3522 Pacificas,
1495 3450 1593 3526 teque
1608 3449 1786 3511 secundum
1798 3459 1864 3506 cru·

240 3547 361 3623 digitos
372 3546 556 3624 applicans,
570 3547 638 3607 tam
653 3546 731 3607 visu
743 3561 842 3622 quam
856 3545 947 3606 tactu
959 3544 1036 3606 vul·
1092 3544 1140 3606 eis
1168 3544 1308 3620 liguram
1334 3545 1371 3605 in
1397 3560 1475 3606 aere
1501 3544 1720 3618 sublevatum,
1746 3557 1813 3604 cum
1830 3537 1864 3597 do

242 3644 334 3706 neris
349 3643 567 3722 quantitatem
580 3643 726 3719 agnovit.
1092 3642 1202 3702 crucis
1214 3641 1312 3703 titulo
1327 3643 1463 3703 sanctus
1483 3642 1687 3719 praedicabat
1708 3637 1863 3704 Anmnius,

281 3740 452 3802 Consimili
472 3739 603 3801 cautela
616 3739 700 3800 vidit
723 3739 823 3800 etiam
845 3736 950 3800 irater
965 3738 1036 3808 ille,
1088 3738 1186 3816 juxta
1202 3737 1288 3815 quod
1304 3739 1474 3814 prospexit
1493 3739 1666 3815 angelicus
1681 3739 1732 3800 vir
1752 3729 1865 3797 Monal-

245 3838 302 3915 qui
347 3839 427 3899 tunc
458 3836 618 3912 temporis
653 3837 727 3897 erat
772 3835 919 3897 vicarius
951 3837 1035 3912 ejus.
1091 3834 1165 3907 dus,
1191 3851 1258 3896 non
1281 3835 1491 3910 phantastica
1510 3836 1652 3908 visione,
1674 3835 1731 3896 sed
1751 3828 1865 3894 revela·

243 3933 362 3996 Frater
380 3948 461 3994 vero
490 3933 602 3993 socius
625 3932 788 3994 miranda
813 3932 1038 4009 simplicitatis
1092 3932 1183 3993 tione
1207 3931 1310 3992 tuisse
1333 3932 1450 3994 coelica
1472 3935 1660 4009 conspecta,
1676 3948 1754 3994 vere
1771 3924 1865 3991 credi·

243 4031 321 4092 dum
335 4030 542 4091 infirmitatis
555 4044 656 4090 causa
669 4029 868 4105 languentes
882 4029 1037 4106 scapulas
1092 4031 1148 4090 tur
1169 4029 1202 4090 et
1223 4028 1385 4090 firmatur.
1400 4031 1475 4092 lam
1500 4029 1642 4107 denique
1660 4032 1749 4092 circa
1771 4027 1864 4088 linem,

244 4127 476 4198 contrectaret,
492 4142 593 4187 manu
608 4142 668 4204 per
686 4127 854 4204 caputium
873 4127 987 4198 missa,
1004 4127 1038 4189 et
1094 4126 1179 4202 quod
1195 4124 1294 4185 simul
1318 4125 1379 4186 tibi
1401 4127 1597 4199 ostenditur,
1614 4128 1651 4189 et
1670 4119 1813 4188 sublimis
1825 4117 1864 4177 si·

243 4226 423 4288 casualiter
436 4224 570 4286 vulneri
581 4239 677 4285 sacro
689 4224 821 4301 illapsa,
834 4239 991 4300 magnum
1006 4224 1038 4285 ei
1093 4221 1246 4283 militudo
1262 4221 1401 4298 seraph,
1421 4223 1454 4283 et
1475 4221 1613 4284 humilis
1626 4223 1753 4300 effigies
1765 4212 1864 4281 Cruci·

244 4324 392 4385 dolorem
412 4322 548 4384 inflixit.
573 4321 717 4383 Proinde
739 4321 891 4399 portabat
902 4338 945 4384 ex
958 4324 1038 4383 tunc
1094 4319 1153 4379 lixi
1180 4318 1324 4380 interius
1346 4321 1378 4380 te
1400 4319 1594 4393 incendens,
1618 4322 1650 4382 et
1678 4311 1862 4382 exteriuste

242 4418 417 4479 femoralia
429 4416 583 4488 itasacta,
595 4417 630 4477 ut
642 4416 798 4492 usquead
812 4415 953 4478 ascellas
966 4432 1040 4492 per·
1094 4416 1306 4491 consignans,
1321 4418 1480 4492 tanquam
1495 4418 1637 4479 alterum
1652 4417 1800 4494 angelum
1810 4423 1865 4473 as·

244 4514 423 4590 tingerent,
439 4514 480 4574 ad
502 4514 624 4575 vulnus
645 4513 759 4575 lateris
784 4512 1037 4589 contegendum.
1094 4513 1289 4575 candentem
1302 4512 1344 4574 ab
1354 4517 1430 4575 ortu
1443 4515 1536 4582 solis,
1551 4517 1608 4592 qui
1619 4508 1866 4592 signumhabeas

244 4613 380 4673 Fratrm
400 4626 529 4687 quoque
548 4612 605 4688 qui
620 4611 680 4672 illa
698 4610 866 4681 lavabant,
882 4610 935 4672 vel
949 4608 1041 4671 tuni·
1094 4610 1128 4671 in
1147 4612 1180 4673 te
1203 4610 1263 4671 Dei
1280 4610 1361 4682 vivi,
1380 4611 1414 4672 et
1432 4611 1600 4689 praedictis
1622 4613 1679 4675 dat
1698 4606 1865 4672 firmitatem

245 4724 318 4769 cam
340 4707 553 4769 excutiebant
577 4723 637 4784 pro
657 4711 816 4784 tempore,
840 4707 919 4784 quia
941 4706 1040 4768 inve·
1095 4707 1182 4779 fidei,
1202 4708 1235 4769 et
1254 4707 1295 4767 ab
1315 4707 1365 4768 eis
1379 4709 1502 4785 accipit
1518 4710 1742 4771 testimonium
1760 4701 1866 4768 verita·

245 4806 432 4867 niebantea
448 4805 610 4880 sanguine
621 4804 802 4874 rubricata,
813 4803 1041 4864 indubitanter
1095 4806 1148 4867 tis.
1161 4808 1247 4865 Ecce
1257 4807 1327 4880 jam
1348 4806 1471 4883 septem
1492 4807 1754 4883 apparitionibus
1774 4795 1866 4863 crucis

244 4920 304 4982 per
328 4902 465 4966 evidens
491 4903 623 4977 signum
645 4902 680 4962 in
704 4900 927 4976 cognitionem
952 4900 1041 4962 sacri
1095 4901 1230 4973 Christi,
1247 4901 1325 4962 inte
1340 4902 1475 4963 etcirca
1495 4906 1528 4965 te
1543 4905 1724 4965 secundum
1737 4898 1865 4962 ordinem

243 5001 392 5064 vulneris
411 4999 647 5076 pervenerunt,
664 4997 750 5073 quod
771 4996 978 5073 postmodum
1005 4998 1041 5057 in
1094 4999 1279 5075 temporum
1294 4998 1494 5062 mirabiliter
1508 5001 1667 5063 exhibitis
1680 5002 1713 5064 et
1729 4995 1867 5059 monstra·

244 5101 362 5169 morte,
383 5096 530 5158 revelata
549 5094 646 5165 facie,
659 5096 692 5155 et
705 5093 769 5169 ipsi
782 5109 857 5154 cum
869 5092 946 5154 aliis
961 5093 1041 5168 plu·
1098 5096 1149 5167 tis,
1158 5095 1254 5173 quasi
1265 5111 1325 5156 sex
1332 5097 1490 5172 gradibus
1499 5099 1540 5159 ad
1551 5098 1649 5160 istam
1663 5087 1866 5176 septimam,in

245 5195 339 5256 rimis
354 5191 567 5269 contemplati
582 5190 681 5251 simul
697 5192 730 5251 et
743 5190 892 5251 venerati
910 5191 999 5251 sunt.
1097 5208 1162 5270 qua
1181 5192 1327 5253 finaliter
1344 5194 1539 5271 requiescis,
1561 5180 1867 5276 pervenistiuhristi

286 5293 347 5352 Eia
361 5289 703 5358 nuncsstrenuissime
721 5287 817 5347 miles
832 5286 968 5358 Christi,
984 5286 1041 5364 ip·
1097 5304 1239 5365 namque
1260 5305 1343 5350 crux
1358 5290 1393 5350 in
1413 5292 1479 5354 tuae
1497 5292 1726 5355 conversionis
1745 5286 1867 5366 primol-

247 5389 318 5449 sius
330 5387 380 5448 ier
389 5403 482 5448 arma
495 5385 708 5447 invictissimi
720 5384 831 5454 Ducis,
845 5382 963 5459 quibus
974 5400 1043 5444 mu·
1097 5386 1153 5447 dio
1164 5390 1231 5447 tam
1247 5387 1415 5463 proposita
1427 5405 1525 5466 quam
1536 5393 1716 5467 assumpta,
1728 5379 1867 5448 etdehinc

247 5485 337 5545 nitus
352 5486 386 5545 et
397 5483 587 5559 insignitus,
609 5498 723 5544 omnes
745 5480 956 5544 adversarios
980 5497 1042 5541 su·
1096 5484 1132 5544 in
1148 5485 1413 5546 conversationis
1428 5503 1607 5564 progressu
1621 5487 1789 5566 pervitam
1804 5489 1867 5556 pro·

247 5580 392 5658 perahis.
415 5582 481 5642 lter
504 5579 665 5641 vexillum
685 5577 786 5655 Regis
812 5577 977 5651 altissimi,
1000 5578 1041 5640 ad
1097 5578 1303 5643 batissimam
1325 5582 1487 5661 balulata,
1509 5584 1544 5646 in
1565 5587 1598 5647 te
1627 5585 1699 5664 ipso
1722 5577 1866 5646 mutinae,
