3950 6200
196 254 237 316 83
811 252 997 323 HONORII'
1009 252 1055 317 111
1076 254 1223 320 OPERA.
1793 264 1835 327 84

194 412 308 491 guent,
336 427 472 475 moneas
494 412 675 476 efficaciter
698 413 732 475 et
753 412 904 487 inducas,
926 428 985 477 eos

132 546 138 554 ·
193 511 237 572 ad
249 511 295 583 id,
307 511 335 571 si
344 511 478 573 monitis
487 512 772 588 acquiescerenou
781 513 983 583 curaverint,

193 622 442 685 percensuram
464 609 734 680 ecclesiasticam,
761 609 986 686 appellatione

193 708 333 777 remota,
350 706 481 781 cognita
497 706 648 776 veritate,
673 707 886 782 compellens.
915 709 984 768 Da·

193 801 264 864 tum
296 803 462 870 Laterani,
485 805 515 863 ΙΙ
548 803 623 864 idus
658 803 749 875 maii,
775 804 985 881 pontificatus

195 901 302 961 nostri
317 916 404 961 anno
419 899 557 963 decime.

522 1114 659 1200 cxnss

193 1248 245 1307 Ad
256 1249 434 1318 1100011001,
457 1249 737 1308 archidiaconum
751 1248 785 1308 ei
804 1247 985 1322 officiatem

471 1346 700 1406 daroncnaes.

486 1474 521 1533 li
534 1474 603 1533 maii
612 1474 691 1532 liae.

222 1595 330 1660 [1105011.
345 1594 390 1646 lib.
403 1597 436 1655 11,
447 1596 520 1660 epist.
540 1596 595 1648 2d7.
609 1598 667 1647 liss.
681 1596 716 1647 Ia
725 1597 800 1646 Porto
810 1594 845 1646 du
859 1594 952 1660 111111]

191 1719 308 1801 blandai
331 1722 373 1778 eis
394 1729 424 1778 ut
444 1729 589 1790 statutum,
617 1736 673 1793 quo
692 1722 785 1779 nullus
810 1721 839 1777 111
862 1720 982 1777 ecclesia

227 1808 435 1867 Cenomanensi
453 1810 609 1866 canonicus
625 1808 730 1865 fructus
748 1823 806 1866 suae
824 1806 983 1880 praebendae

226 1911 278 1968 per
299 1911 375 1953 enno
395 1913 451 1970 quo
471 1888 654 1954 residentiam
676 1904 741 1953 0010
762 1897 904 1952 mensium
925 1910 983 1952 non

200 1998 206 2005 ·
226 1982 349 2055 iecisset,
366 1986 512 2059 percipere
529 1993 638 2059 poteret
660 1985 859 2043 inviolabiliter
878 1980 984 2041 iaciant

225 2071 381 2131 observari.

228 2201 406 2274 Honorius,
430 2202 505 2274 010,
523 2200 652 2262 dilectis
676 2200 791 2260 liliis..
817 2199 980 2260 decano...

188 2298 436 2373 archidiacono,
461 2299 530 2360 et...
557 2297 694 2359 officiali
719 2297 981 2365 Turonensibus,

190 2394 334 2455 salutem
347 2395 379 2457 et
391 2396 614 2473 Apostolicam
626 2394 900 2456 benedictionem.

230 2492 348 2554 Dilectl
364 2493 462 2553 illil...
484 2494 611 2561 cantor,
629 2493 697 2553 et...
718 2491 878 2567 magister
906 2506 981 2551 sco-

189 2586 309 2660 larum,
326 2591 359 2651 et
374 2591 507 2667 quidam
522 2590 582 2650 alii
592 2588 743 2649 canonici
755 2591 984 2649 Cenomanen-

189 2699 245 2745 ses
260 2702 320 2746 sua
339 2686 432 2747 nobis
448 2687 607 2764 petitione
632 2686 870 2753 monstrarunt,
896 2684 981 2760 quod

190 2797 265 2843 cum
288 2782 329 2844 ab
355 2784 434 2844 olim
450 2785 608 2845 statutum
628 2783 672 2844 sit
692 2782 727 2843 in
742 2781 982 2843 cenomanensi

190 2879 345 2953 ecclesia,
360 2882 393 2942 01
406 2880 597 2942 roboratum
619 2880 719 2941 etiam
727 2880 927 2957 juramenta,
943 2894 982 2939 ac

188 2992 208 3036 a
234 2976 318 3038 Sede
341 2978 529 3055 apostolica
545 2977 785 3047 confirmatum,
809 2978 845 3037 ut
870 2975 982 3035 nullus

188 3075 370 3137 canonicus
379 3075 486 3152 ipsius
499 3075 648 3136 ecclesiae
659 3074 785 3135 fructus
796 3072 981 3151 praebendae

190 3187 260 3233 suae
274 3173 437 3249 percipiat
448 3190 487 3234 eo
501 3189 588 3234 anno
602 3188 666 3249 quo
678 3172 892 3233 residentiam
908 3171 980 3232 0010

190 3271 354 3330 mensium
370 3287 436 3331 non
452 3270 568 3333 iecerit
580 3270 616 3330 iu
632 3268 783 3331 eadem...
796 3269 933 3340 decano,
950 3271 982 3329 et

188 3361 384 3444 quibusdam
398 3367 474 3428 aliis
489 3368 660 3430 canonicis
671 3367 820 3443 eiusdem
829 3365 981 3427 ecclesiae

188 3462 379 3541 hujusmodi
405 3463 564 3528 statutum
596 3463 778 3540 intringere
812 3463 981 3525 attentan-

187 3559 314 3622 tibus..'.
329 3564 445 3624 cantor
455 3565 488 3625 et
502 3563 560 3624 alii
576 3561 759 3638 supradicti
775 3560 981 3622 attendentes

188 3660 275 3735 quod
303 3676 347 3722 ex
379 3660 441 3722 1100
474 3661 614 3737 perjurii
646 3661 775 3720 reatum
807 3659 981 3720 incurrere

186 3755 394 3827 videbantur,
412 3759 444 3819 et
459 3758 544 3833 quod
558 3757 592 3816 in
603 3758 708 3832 ipsius
724 3755 873 3816 ecclesiae
894 3770 982 3831 prae·

182 3853 346 3929 judicium
373 3852 589 3920 redundabat,
615 3869 658 3912 ne
684 3853 843 3913 statutum
872 3852 981 3927 ipsum

71 4013 73 4016 ,
187 3950 419 4025 infringerent,
437 3931 585 4010 nostram
606 3948 810 4009 audientiam
825 3948 979 4024 appella-

187 4047 276 4106 runt.
295 4046 457 4117 Quocirca
483 4046 678 4107 mandamus
692 4046 856 4121 quatenus
870 4045 980 4105 statu-

188 4143 258 4204 tum
267 4143 388 4220 ipsum,
397 4143 484 4204 sicut
496 4142 763 4220 provideiacrum
772 4143 831 4215 est,
843 4143 983 4218 0101100-

187 4240 297 4301 tolicae
319 4241 414 4302 Sedis
429 4240 611 4301 munimine
637 4239 840 4312 roboratum,
866 4240 982 4300 aucto-

187 4337 543 4400 ritatenostraiaciatls
551 4337 789 4400 inuiolabiliter
797 4336 978 4398 observari.

189 4434 330 4506 Quodsi
353 4451 419 4495 non
439 4451 563 4506 omnes,
591 4436 653 4496 elo.
671 4437 788 4497 Datum
810 4434 978 4504 Laterani,

188 4532 221 4591 ΙΙ
230 4531 305 4592 idus
318 4533 408 4603 maii,
425 4548 514 4594 anno
529 4533 668 4594 decimo.

503 4772 664 4858 CXLHI

307 4916 359 4975 Ad
378 4916 571 4975 Hearicum
585 4928 704 4989 repom
718 4914 860 4987 Ariolica.

481 5035 515 5091 15
528 5035 596 5091 maii
610 5035 689 5092 1116.

389 5148 504 5214 [llymer,
515 5148 630 5206 Fredera,
648 5148 668 5206 l,
685 5161 704 5206 1,
715 5147 781 5210 toa]

188 5263 267 5323 Bulla
281 5262 316 5322 de
335 5278 394 5321 non
409 5262 578 5336 proferendo
591 5263 764 5321 sententiam
778 5262 921 5320 interdicti
935 5267 983 5318 aut

216 5353 530 5420 ,excommunicationis
554 5352 582 5408 in
606 5365 759 5424 personam
775 5352 854 5424 regis
868 5358 916 5408 0111
933 5350 980 5408 Ri-

224 5439 324 5498 cbardi
339 5438 434 5497 fratris
447 5442 502 5499 sui.

230 5565 901 5643 Honoriusepiscopus,servasserrorum
910 5566 980 5638 Dei,

1042 416 1215 479 carissimo
1242 417 1277 478 in
1299 417 1428 481 Christo
1450 420 1519 482 illio
1537 421 1692 493 Henrico,
1708 421 1833 483 illustri

1040 516 1112 590 regi
1128 516 1269 590 Angliae,
1284 517 1472 580 salutemet
1487 519 1710 595 apostolicam
1723 519 1833 582 bene-

1041 610 1231 674 dictionem.

1080 709 1246 780 volentes,
1259 711 1293 771 in
1309 711 1427 786 quibus
1442 712 1622 773 secuudum
1638 717 1738 774 Deum
1750 729 1832 795 pos-

1040 820 1166 877 sumus,
1183 808 1248 868 tuae
1273 807 1468 871 sublimitati
1494 809 1633 881 deterre,
1656 811 1832 870 mandavi-

1040 918 1114 963 mus
1142 904 1262 966 dilecto
1290 905 1359 966 tilio
1385 909 1498 968 nostro
1526 909 1685 989 Romano,
1717 907 1832 967 Sancti

1040 1001 1158 1075 angeli
1173 1001 1313 1062 diacono
1333 1002 1505 1074 cardinali,
1520 1004 1720 1080 Apostolicaa
1735 1002 1832 1063 Sedis

1039 1096 1160 1172 legato,
1176 1100 1222 1168 ut,
1239 1100 1353 1165 contra
1367 1102 1472 1172 tuam,
1489 1100 1542 1160 vel
1557 1099 1678 1160 nobilis
1690 1099 1756 1160 riri
1770 1100 1831 1160 Ri-

1040 1194 1132 1255 cardi
1154 1197 1284 1258 comitis
1300 1196 1468 1267 Pictariae,
1486 1196 1599 1258 fratris
1626 1196 1686 1268 tui,
1713 1211 1832 1273 perso·

1040 1306 1129 1362 nam,
1152 1292 1196 1353 ad
1218 1293 1517 1366 denunciationem,
1539 1309 1597 1354 seu
1610 1294 1829 1369 prolationem

1039 1390 1206 1463 generalis
1229 1392 1286 1452 aut
1308 1390 1462 1467 specialis
1493 1392 1666 1452 sententiae
1693 1406 1831 1451 excom·

1038 1486 1285 1559 manicationis,
1296 1503 1413 1565 perse,
1424 1487 1477 1550 vel
1486 1503 1545 1564 per
1559 1487 1662 1547 alium
1672 1502 1738 1548 non
1748 1500 1829 1562 pro-

1039 1584 1144 1655 001101,
1165 1584 1232 1645 nisi
1257 1600 1357 1661 super
1384 1584 1448 1646 1100
1471 1584 1662 1645 mandatum
1684 1599 1706 1643 a
1731 1582 1829 1643 nobis

1038 1680 1202 1756 reciperet
1215 1681 1370 1758 speciale.
1396 1685 1445 1743 Tu
1467 1697 1546 1756 ergo
1561 1680 1736 1758 provideas
1750 1694 1792 1739 ne
1806 1694 1829 1740 a

1038 1778 1081 1849 te,
1097 1778 1151 1839 rel
1174 1777 1216 1839 ab
1231 1780 1303 1855 ipso
1315 1778 1417 1842 fratre
1432 1780 1488 1840 tno
1501 1778 1625 1854 aliquid
1641 1778 1829 1839 attentare-

1037 1874 1102 1945 tur,
1117 1876 1345 1952 propterquod
1358 1892 1419 1937 nos
1433 1876 1562 1952 oportet
1572 1873 1743 1951 superhoc
1757 1888 1830 1949 spe·

1039 1971 1123 2033 ciale
1149 1972 1341 2034 mandatum
1357 1973 1464 2033 eidem
1488 1972 1633 2046 dirigere
1652 1969 1826 2031 cardinali.

1038 2070 1155 2129 Datum
1183 2070 1352 2141 Laterani,
1368 2069 1479 2131 idibus
1502 2068 1593 2141 maii,
1619 2068 1831 2145 pontificatus

1038 2166 1144 2227 nostri
1159 2181 1247 2228 anno
1257 2167 1396 2227 decimo.

1360 2425 1513 2511 cinni

1037 2576 1089 2635 Ad
1106 2578 1310 2647 Remedium,
1327 2575 1445 2635 Soracte·
1469 2577 1589 2651 Anpeii
1604 2574 1830 2645 cardinalem,

1226 2707 1229 2711 -
1294 2676 1333 2734 Α.
1350 2674 1385 2733 S.
1401 2673 1561 2747 1011011011.

1320 2802 1353 2858 15
1378 2802 1446 2858 maii
1466 2802 1547 2859 laad.

1173 2924 1312 2990 [bouquet.
1323 2926 1383 2975 1100.
1395 2925 1439 2974 des
1449 2925 1524 2983 Risi..
1535 2925 1602 2982 xix,
1615 2923 1683 2989 771]

1036 3049 1170 3110 Prohibet
1184 3050 1327 3108 Honorius
1342 3050 1409 3123 quin
1423 3065 1472 3108 rex
1486 3050 1600 3122 Augila
1619 3056 1647 3107 01
1666 3047 1753 3107 irater
1765 3048 1832 3121 eius

1070 3139 1212 3196 interdicti
1226 3147 1255 3196 et
1271 3140 1576 3196 excommunicationis
1594 3133 1723 3196 censuris
1738 3137 1829 3211 subji-

1070 3228 1182 3286 ciantur
1192 3227 1300 3300 absque
1314 3228 1431 3300 speciali
1445 3226 1589 3284 mandato.

1076 3363 1243 3424 Honorius
1268 3363 1443 3440 episcopus
1447 3406 1508 3422 .....
1536 3361 1656 3422 dilecte
1679 3361 1712 3421 01
1740 3359 1833 3421 ildeli

1036 3462 1198 3531 Romano,
1221 3462 1333 3521 Sancti
1357 3459 1476 3535 angeli
1498 3458 1638 3519 diacono
1654 3456 1830 3527 cardinali,

1036 3560 1074 3619 A.
1090 3559 1122 3616 S.
1137 3557 1259 3632 legato,
1275 3557 1426 3628 salutem,
1440 3550 1502 3617 010.

1077 3654 1256 3716 Dicretioni
1291 3656 1357 3715 tuae
1392 3653 1589 3715 auctoritate
1616 3652 1832 3729 praesentium

1036 3753 1243 3818 mandamns.
1275 3752 1437 3828 quatenus
1464 3753 1578 3810 contra
1607 3749 1772 3810 carissimi
1795 3749 1832 3808 in

1037 3850 1168 3911 Christo
1195 3848 1256 3908 illii
1278 3849 1386 3909 nostri
1414 3847 1553 3907 illustris
1577 3848 1666 3922 regis
1688 3845 1830 3921 Angliae,

1036 3947 1088 4007 rel
1114 3945 1234 4006 nobilis
1258 3945 1323 4006 riri
1353 3944 1487 4006 Ricardi
1516 3945 1646 4005 comitis
1670 3943 1833 4004 Pictarlae

1037 4044 1149 4105 fratris
1171 4046 1253 4121 ejus,
1279 4058 1467 4119 personam,
1484 4042 1524 4102 ad
1541 4041 1833 4102 denunciationem

1035 4142 1087 4202 rel
1101 4139 1319 4217 prolationem
1335 4138 1501 4214 generalis
1513 4137 1567 4200 vel
1586 4138 1740 4215 specialis
1754 4153 1837 4197 sen-

1036 4239 1148 4300 tentiae
1173 4236 1538 4304 excommunicationis,
1559 4236 1611 4296 vel
1632 4250 1691 4312 per
1713 4235 1834 4306 10,·101

1036 4335 1234 4412 paralium,
1263 4349 1329 4394 non
1353 4333 1526 4411 procedas,
1550 4333 1615 4393 nisi
1643 4348 1742 4408 snper
1766 4331 1833 4393 boc

1037 4433 1228 4493 mandatum
1264 4433 1413 4492 nostrum
1449 4429 1637 4506 susceperis
1673 4429 1830 4506 speciale.

1036 4531 1155 4591 Datum
1176 4529 1345 4600 Laterani,
1359 4528 1468 4589 idibus
1485 4528 1574 4598 maii,
1591 4542 1678 4588 anuo
1694 4526 1836 4603 pontin-
1877 4545 1884 4554 ·

1037 4629 1130 4689 catus
1141 4627 1247 4688 nostri
1260 4626 1398 4688 decimo.

1370 4830 1503 4917 CXLV

1109 4984 1161 5043 Ad
1174 4983 1468 5056 archiepiscopum
1486 4984 1755 5043 Narbonensem.

1325 5112 1441 5169 19111011
1462 5113 1540 5170 1116.

1055 5236 1174 5301 [liegest.,
1188 5233 1232 5284 lib.
1245 5235 1279 5294 X,
1296 5235 1368 5299 epist.
1381 5235 1436 5285 aei.
1451 5236 1509 5286 diss.
1529 5234 1565 5284 La
1578 5235 1655 5284 Parte
1673 5233 1815 5299 (1111110111

1073 5358 1208 5415 Decinms
1218 5357 1309 5430 ipsius
1320 5357 1449 5413 ecclesias
1459 5353 1626 5414 auctoritate
1634 5356 1797 5428 apostolica

1354 5445 1513 5502 confirmet.
1584 5502 1586 5505 .

1080 5563 1261 5634 Honorius,
1277 5561 1352 5634 010,
1362 5560 1545 5623 venerabili
1554 5561 1685 5623 fratri...
1699 5560 1838 5622 archie-
