3950 6200
247 280 308 346 aei

250 441 369 523 pungit
386 439 606 504 delectatione
629 458 637 499 ε
662 440 697 500 et
716 439 841 516 dipsas,
865 438 923 516 qui
945 440 978 500 et
1000 438 1049 498 si·

249 541 321 603 tula
339 538 386 618 (1)
406 538 530 599 dicitur
544 552 564 597 a
579 535 733 608 sitiend0,
757 536 834 613 quia
857 535 1047 613 quicunque

250 637 292 699 ab
308 638 371 698 isto
387 636 540 712 serpente
556 634 751 711 percutitur,
775 633 918 695 sitiendo
938 634 1046 693 mori·

250 735 316 796 tur.
332 735 411 796 Haec
425 734 476 795 est
490 731 636 801 luxcria,
653 732 686 793 et
705 731 863 808 avaritia3
881 730 960 808 quia
977 731 1046 792 tam

249 830 427 903 luxuriosi,
444 846 543 908 quam
558 829 653 891 avari
666 831 743 890 sunt
758 827 981 892 insatiabiles.

290 931 371 991 Item
389 927 546 989 debemus
561 925 743 988 ascendere
760 925 801 987 ad
814 924 997 998 Jeabarim,
1014 925 1047 986 et

1362 438 1503 499 sanilo
1527 437 1634 498 CLXI.

1102 580 1144 636 iic
1162 584 1279 650 aspectu
1296 577 1411 634 terribili
1425 577 1454 634 in
1464 577 1573 650 indicio
1591 585 1728 651 quantum
1742 578 1775 636 ad
1788 583 1869 652 maios,

676 279 710 343 s.
738 277 914 341 aaronis
945 275 1133 341 anonam
1162 278 1300 339 ornan
1330 277 1476 339 omnia.
1823 281 1868 346 aa
1931 315 1932 326 ,

1137 675 1165 723 et
1183 673 1299 739 aspectu
1312 665 1439 735 iucundo
1456 674 1593 738 mantum
1609 665 1645 723 ad
1657 666 1761 738 honos;
1779 668 1810 726 de
1821 686 1868 727 ser·
1931 677 1932 682 ’

1137 756 1226 812 vitute
1248 769 1303 826 qna
1324 761 1454 812 tenemur
1469 754 1505 813 ad
1523 757 1624 824 Deum,
1640 763 1772 828 tanquam
1789 774 1870 817 sarria

1138 842 1261 901 Domino
1276 858 1338 899 suo.

1101 979 1285 1040 Proiector
1299 978 1419 1040 noster
1427 982 1542 1055 aspice
1552 981 1656 1054 Deus,
1669 978 1702 1040 et
1717 985 1869 1056 respirate

250 1027 292 1088 ad
313 1028 421 1087 Dibon
445 1027 499 1087 od.
525 1028 701 1086 deoderici
718 1024 816 1084 sonat
834 1023 968 1085 attritus
991 1022 1046 1083 la-

250 1123 338 1201 pide,
353 1138 412 1199 per
422 1042 511 1199 qpuod
529 1101 730 1183 offendicula
747 1121 846 1198 hujus
868 1121 946 1182 vitae
961 1120 1047 1181 desi·
1191 1077 1318 1151 faciem
1330 1079 1459 1139 omn
1474 1078 1536 1138 ‘ui‘
1552 1076 1655 1156 (Μ’
1669 1080 1720 1152 83³
1737 1079 1797 1158 ω’)

249 1222 413 1296 guantur,
439 1218 559 1298 quibus
596 1218 777 1280 offenditur
801 1219 836 1279 in
862 1217 917 1279 ria
945 1217 1046 1294 hujus
1141 1220 1220 1280 Haec
1235 1220 1286 1280 est
1300 1220 1408 1281 oratio
1429 1234 1550 1295 magna
1570 1219 1611 1279 ad
1633 1222 1748 1293 Deum,
1765 1224 1797 1283 ut
1813 1239 1871 1284 res·

251 1317 378 1390 saeculi,
409 1317 449 1378 de
477 1316 597 1394 quihus
625 1315 852 1378 Ecclesiastici
876 1313 940 1393 (21,
965 1313 1017 1394 11)
1036 1336 1044 1375 ε
1101 1315 1214 1392 piciat,
1235 1316 1269 1378 et
1292 1317 1443 1393 protegat
1464 1331 1526 1377 nos
1548 1316 1608 1377 suh
1630 1316 1747 1378 umbra
1765 1319 1869 1379 alarum

249 1415 344 1476 «Via
364 1415 574 1491 peccantium
590 1411 638 1492 (2)
653 1413 866 1490 complanata
880 1413 932 1474 est
953 1411 1045 1488 lapi·
1100 1428 1248 1473 suarum.
1271 1414 1371 1489 Cujus
1390 1413 1453 1475 alae
1474 1416 1552 1474 sunt
1574 1413 1661 1485 duae,
1685 1414 1807 1477 scilicet
1822 1433 1870 1493 pa-

248 1511 362 1584 dihus,
390 1512 424 1573 et
450 1510 633 1572 norissima
667 1525 785 1572 eornm
821 1509 980 1581 tenebra,
1013 1509 1046 1571 et
1099 1512 1195 1572 terna
1219 1511 1396 1587 correptio,
1418 1512 1452 1572 ei
1474 1513 1625 1572 materna
1653 1511 1869 1584 dilectissino

249 1624 384 1670 mors.»
407 1610 584 1684 Didonpad
605 1607 845 1684 interpretatur
869 1604 986 1681 tortis3
1012 1607 1046 1667 et
1100 1606 1352 1680 misericordia;
1378 1608 1466 1668 unde
1482 1629 1490 1666 ε
1506 1610 1692 1671 Proiector
1706 1611 1819 1671 noster
1829 1625 1872 1672 cs·

250 1704 396 1777 denotat,
413 1704 499 1783 qnod
515 1705 675 1781 perviam
690 1704 791 1781 hujus
805 1703 920 1765 saeculi
933 1706 1046 1766 trans·
1095 1707 1191 1778 piem
1206 1703 1385 1767 atsubdit:
1402 1708 1555 1780 Respice,
1569 1705 1648 1783 quia
1664 1706 1809 1783 aspicere
1821 1723 1872 1767 ma·

250 1801 395 1864 etardum
418 1802 471 1863 est
491 1803 627 1877 peccato
644 1801 775 1864 fortiter
789 1800 986 1873 resistendo,
1004 1816 1045 1862 ne
1099 1801 1151 1877 gis
1166 1803 1217 1864 est
1231 1802 1405 1876 severitas,
1422 1818 1521 1879 quam
1541 1803 1789 1878 misericordia;
1804 1805 1871 1865 unde

249 1897 522 1974 succumbamus3
552 1898 639 1959 unde
666 1897 811 1960 Jacohus
830 1894 875 1975 (1,
890 1901 911 1958 2
927 1897 968 1958 ad
989 1895 1043 1975 4):
1100 1898 1140 1958 de
1161 1900 1298 1975 aspectu
1318 1901 1389 1976 ejus
1413 1899 1557 1960 terribili
1576 1899 1711 1967 dicitur,
1735 1901 1813 1979 quod
1825 1917 1870 1962 as·
1896 1894 1898 1896 ’

249 1998 385 2057 «Omne
408 1995 567 2072 gaudium
588 1995 795 2064 existimate,
819 1994 939 2056 fratres
967 1993 1043 2065 moi,
1099 1997 1214 2073 pectus
1229 1997 1347 2074 angeli
1362 1997 1435 2058 erat
1449 1997 1659 2073 sicutiuignr
1673 1996 1722 2078 (3)
1739 2021 1747 2058 z
1763 1999 1807 2060 sic
1825 1999 1871 2059 ad·

249 2109 324 2155 oum
337 2093 373 2153 in
385 2094 588 2155 tentationes
598 2092 711 2154 varias
724 2091 911 2154 incideritis
921 2112 929 2152 ε
939 2091 1043 2152 scieu-

195 2241 198 2246 ,
247 2192 310 2258 tes,
327 2189 413 2267 quod
435 2188 588 2267 probatio
609 2189 686 2250 fidei
709 2191 829 2251 vestrae
850 2189 1044 2265 patientiam

249 2290 407 2365 operatur
421 2309 429 2348 ε
443 2287 605 2364 patientia
625 2291 735 2348 antem
757 2302 840 2363 opus
862 2286 1043 2362 perlectum

247 2385 373 2447 hahet:
395 2387 431 2447 ut
445 2384 518 2446 sitis
534 2383 684 2461 perlecti,
704 2386 737 2445 et
750 2384 884 2459 integri,
900 2384 935 2445 in
951 2383 1044 2445 nullo

248 2481 439 2544 deficientes
454 2499 490 2556 »3
517 2482 595 2559 qnia
621 2497 681 2558 per
703 2482 907 2543 tentationes
927 2483 1043 2543 trans·

173 2598 180 2612 ·
250 2581 393 2641 eundum
409 2582 460 2642 est
476 2578 518 2640 ad
533 2580 757 2650 Dadiuthotm,
774 2579 860 2655 quod
877 2579 1043 2655 interpre-

247 2679 338 2740 tatur
351 2677 559 2753 contemptus
573 2676 794 2753 palatharum,
809 2676 894 2737 idest
909 2676 1040 2736 ticuum.

248 2774 310 2834 Hic
321 2775 374 2835 est
384 2772 776 2847 contemptushonorum,
791 2772 824 2833 et
836 2772 1040 2843 divitiarum,

249 2871 286 2930 ut
308 2869 436 2930 scilicet
464 2870 715 2930 contemnamus
743 2869 900 2940 honores,
926 2871 960 2930 et
983 2884 1044 2946 op-

248 2966 394 3046 probria,
421 2981 495 3044 quae
523 2965 618 3027 nohis
645 2964 850 3043 objiciuntur
875 2965 917 3027 ab
942 2966 1041 3041 aliis3

247 3062 336 3128 unde
351 3061 534 3126 Ezechielis
549 3060 594 3141 (3,
614 3063 679 3125 tiet
691 3061 725 3142 9)
744 3066 883 3125 :aEcce
896 3062 971 3124 dedi
987 3061 1042 3125 ia-

248 3163 332 3226 ciem
343 3164 434 3223 tuam
448 3161 666 3223 ualentiorem
687 3160 835 3222 faciebus
850 3177 965 3222 eorum
982 3182 990 3222 ε
1007 3162 1045 3223 ut

248 3258 1040 3329 adamantem,etutsilicemdedisaciemtuam».

192 3402 196 3407 .
249 3358 342 3419 silex
356 3357 407 3418 est
427 3356 563 3433 lapillus
577 3356 666 3427 vilis,
687 3356 745 3434 qui
766 3356 982 3418 conculcatur
1000 3354 1042 3416 ah

249 3453 402 3517 omnibus
417 3451 668 3514 transeuntibus
683 3467 743 3529 per
756 3454 857 3513 viam.
872 3453 928 3514 Sic
942 3467 1044 3529 opor·

246 3553 295 3615 tet
322 3550 488 3613 sustinere
521 3550 686 3626 patienter
712 3549 979 3626 vilipensionem,
1009 3550 1042 3611 et

246 3650 450 3728 improperia
469 3648 633 3713 maiorum
652 3647 687 3708 in
712 3646 843 3709 deserto
862 3646 961 3723 huius
976 3663 1042 3708 sae-

247 3747 326 3810 culi.
342 3746 487 3807 Adamas
510 3747 563 3807 est
584 3744 671 3822 lapis
693 3744 871 3821 pretiosus,
893 3745 927 3805 et
948 3759 1043 3805 ama-

245 3844 336 3919 bilis,
358 3842 412 3904 vel
434 3840 663 3915 honorabilis3
685 3844 718 3903 et
734 3844 846 3903 mmor
869 3841 1039 3916 adornari,

245 3941 301 4004 rel
321 3940 410 4014 cingi
425 3954 508 4000 auro
527 3954 595 3999 non
617 3938 748 4013 gaudet.
771 3939 827 3999 Sic
846 3954 907 4000 nec
926 3940 1040 4015 justus

245 4038 370 4117 gaudet
381 4036 576 4106 honoribus,
592 4036 723 4097 etiamsi
739 4035 780 4097 ab
795 4037 873 4097 aliis
890 4036 1040 4099 honore·

244 4138 311 4200 tur.
328 4138 393 4197 Per
411 4134 500 4195 hunc
516 4133 655 4209 gradum
675 4134 916 4194 transeundum
931 4134 993 4206 est,
1008 4135 1041 4195 et

245 4234 295 4296 sic
309 4231 504 4311 pervenitur
514 4234 559 4292 od
572 4231 725 4292 montem
736 4233 890 4303 Abarim,
902 4231 989 4293 idest
998 4231 1039 4292 ad

244 4331 390 4393 montem
405 4327 661 4396 transeuntium,
676 4328 729 4389 vel
744 4328 923 4390 transitum
939 4344 1038 4389 mon-

243 4430 338 4491 tium.
365 4427 429 4489 Sed
454 4425 533 4503 quia
556 4425 618 4485 dlii
642 4426 747 4486 lsrael
768 4440 834 4486 non
859 4427 1040 4502 potnerunt

244 4523 426 4588 ascendere
434 4524 469 4583 in
477 4525 601 4585 terram
613 4522 855 4598 promissionis,
866 4522 932 4584 nisi
944 4524 1038 4600 prius

244 4620 495 4684 descendissent
514 4619 555 4679 ad
580 4618 701 4680 vallam
723 4621 942 4696 campestrem
961 4622 1041 4683 Jor-

244 4719 353 4790 danis‚
381 4717 467 4778 idest
491 4714 629 4802 tramitis
659 4715 840 4778 descensus
871 4737 879 4776 :
908 4718 1039 4793 oportet

243 4817 367 4893 gradus
382 4814 513 4877 nostros
535 4813 780 4888 disponerent
799 4813 1038 4876 descendamus

243 4929 304 4992 per
319 4911 540 4974 humilitatem
553 4909 593 4971 ad
607 4910 716 4970 rivum
728 4910 859 4987 jndicii,
872 4925 931 4986 per
940 4927 1038 4991 quem

242 5011 356 5089 pateat
365 5008 460 5070 nobis
470 5008 642 5083 ingressus
653 5005 694 5067 ad
704 5005 870 5067 coeiestem
881 5007 1035 5084 patriam.

241 5176 343 5248 apoc,
359 5173 386 5241 a,
403 5173 430 5230 3.
447 5172 524 5229 Sient
535 5169 642 5227 habent
658 5166 834 5244 scorpiones,
849 5171 906 5229 ait:
925 5194 936 5223 ι
952 5173 1035 5232 Scor·

241 5247 307 5319 pius
318 5242 439 5301 blandus
452 5241 534 5310 tacte,
550 5240 641 5299 cauda
657 5242 759 5314 pungit
772 5242 893 5300 occulte.

279 5317 320 5388 (l)
336 5314 388 5383 Qui
398 5321 427 5370 et
438 5314 533 5379 situla,
547 5318 601 5368 etc.
616 5311 716 5369 Glossa
727 5311 789 5368 ord.
803 5312 832 5395 in
845 5314 940 5397 Dent,
951 5314 1034 5396 hit.

240 5456 336 5539 situla,
355 5466 421 5526 qma
441 5466 649 5524 quemcumque
670 5383 1037 5528 momoddlolrffliffidpffltf

240 5523 311 5585 Vade
325 5532 422 5580 notam
436 5524 451 5579 7
466 5522 501 5579 ad
513 5524 680 5580 Sermonem
694 5524 744 5591 xl,
759 5523 813 5580 coi.
830 5524 892 5581 599.

169 5605 171 5611 ’
277 5594 318 5664 (i)
338 5593 445 5665 linig:
463 5596 514 5652 Vra
535 5594 714 5664 peccantium
736 5595 917 5667 complanata
931 5593 1032 5667 lapidi·

241 5387 354 5458 Dipsas,
371 5384 577 5465 theothgaudo
589 5380 696 5454 aspidis
708 5389 760 5451 cst,

1101 2094 1218 2157 ventus
1242 2093 1367 2157 Christi
1392 2093 1559 2156 uenientis
1578 2095 1619 2154 ad
1642 2096 1803 2171 judicium
1822 2097 1870 2157 orii

1099 2190 1272 2252 terribilis.
1301 2192 1365 2263 Qui
1390 2207 1469 2267 ergo
1493 2208 1560 2253 non
1588 2193 1689 2255 audet
1717 2197 1869 2271 expectare

1099 2285 1202 2347 ictum
1230 2286 1385 2361 fulguris,
1413 2287 1577 2364 quomodo
1609 2287 1744 2349 audebit
1767 2304 1869 2366 expec-

1099 2383 1171 2444 tare
1193 2383 1356 2460 judicium
1381 2385 1449 2445 tam
1472 2383 1616 2445 districti
1635 2384 1781 2461 judicist
1802 2386 1869 2445 unde

1099 2481 1274 2543 Malachiae
1296 2480 1345 2561 (3,
1371 2480 1411 2560 2)
1429 2503 1437 2542 ε
1453 2498 1471 2541 s
1487 2482 1568 2553 Quis
1597 2483 1721 2559 poterit
1745 2484 1867 2558 cogitare

1098 2578 1185 2640 diem
1201 2578 1364 2640 adventus
1379 2581 1463 2655 ejus,
1477 2581 1511 2641 et
1523 2579 1598 2656 quis
1609 2579 1710 2642 stabit
1724 2581 1764 2641 ad
1777 2579 1867 2640 vidon-

1098 2675 1175 2736 dum
1186 2677 1375 2737 eumtunde
1383 2677 1417 2737 in
1425 2676 1606 2752 Evangelio
1614 2674 1865 2755 (Matth.,2i,2t):

1098 2773 1192 2835 Sicut
1213 2775 1332 2850 nuper
1356 2774 1503 2848 apparet
1522 2772 1572 2852 (4)
1589 2769 1632 2834 in
1651 2775 1785 2836 Oriente
1804 2791 1814 2833 .·
1829 2777 1869 2834 sic

1097 2871 1277 2945 appareret
1295 2874 1405 2933 Filiam
1419 2873 1578 2933 hominia.
1602 2873 1648 2933 De
1664 2871 1728 2933 hoc
1741 2871 1867 2933 chamin

1098 2967 1297 3044 Apocalypsi
1310 2965 1374 3045 (19,
1385 2966 1437 3047 12)
1447 2990 1453 3027 :
1462 2970 1555 3030 Ooatti
1564 2972 1641 3040 ojus
1651 2970 1868 3041 statilianam

1097 3069 1199 3143 ignis.
1230 3065 1324 3127 Unde
1350 3066 1385 3126 in
1409 3064 1548 3128 Daniele
1572 3063 1619 3145 (7,
1645 3065 1698 3147 10)
1721 3068 1867 3129 :flaccius

1097 3166 1230 3240 igneus,
1254 3166 1465 3237 rapinamque
1488 3166 1729 3240 epreaaeoator
1750 3179 1771 3225 a
1794 3165 1867 3237 (aaa

1097 3263 1182 3332 ejus.
1200 3260 1348 3332 Flavius,
1365 3260 1452 3321 idest
1465 3276 1563 3337 poena
1579 3261 1768 3323 indeficiens
1781 3261 1811 3320 in
1821 3273 1867 3319 re-

1098 3357 1219 3434 probos
1238 3379 1246 3418 :
1264 3361 1386 3434 (pamm
1403 3373 1463 3435 per
1481 3360 1719 3420 tormentorum
1733 3357 1867 3434 impassi-

1096 3455 1255 3527 bilitates,
1271 3471 1354 3532 quas
1369 3456 1570 3532 impotentes
1584 3458 1684 3518 erunt
1702 3457 1863 3517 sustinere:

1095 3556 1252 3627 rapidas,
1266 3552 1320 3613 cui
1331 3552 1443 3613 nullus
1453 3553 1576 3630 poterit
1587 3551 1865 3615 resisterelitideo

1097 3648 1269 3727 subjungit
1285 3670 1293 3709 ε
1309 3652 1467 3724 Rosciam·
1489 3649 1525 3710 ut
1538 3649 1626 3710 sicut
1644 3649 1792 3725 respexit
1807 3652 1865 3708 Pe·

1096 3747 1202 3819 trum,
1219 3749 1315 3824 cnjus
1337 3761 1396 3807 oor
1414 3746 1631 3823 liquefactum
1646 3749 1697 3808 est
1719 3747 1751 3808 in
1774 3745 1864 3820 iacry-

1095 3859 1168 3905 mas
1188 3843 1230 3905 ad
1251 3845 1437 3920 respectum
1459 3846 1531 3921 ejus
1551 3841 1611 3923 (ὅ),
1636 3845 1685 3905 sic
1706 3840 1864 3918 nosrespi·

1095 3942 1162 4003 ciat
1190 3942 1287 4003 oculo
1314 3941 1553 4002 misericordia
1584 3957 1654 4002 suae
1677 3959 1684 3996 :
1711 3942 1743 4005 et
1763 3941 1788 4001 si
1809 3951 1862 3998 non

1094 4038 1229 4115 propter
1243 4052 1316 4105 nos,
1332 4039 1443 4098 mmen
1458 4039 1595 4114 propter
1611 4037 1787 4111 Christom3
1801 4034 1861 4095 ideo

1095 4135 1197 4197 dicit:
1213 4138 1250 4196 ia
1270 4138 1395 4209 (mem
1424 4129 1553 4196 Christi
1576 4136 1639 4207 tui,
1658 4135 1694 4195 in
1713 4149 1773 4211 qua
1792 4131 1861 4192 tacie

1095 4248 1155 4293 nos
1173 4231 1330 4293 debemus
1352 4231 1492 4307 signari,
1509 4247 1606 4309 qnam
1628 4232 1770 4309 signavit
1790 4231 1860 4290 Deus

1094 4331 1205 4397 Pater,
1226 4330 1263 4390 ut
1276 4327 1357 4390 dicit
1367 4331 1515 4390 ioannes
1530 4327 1574 4406 (6,
1595 4327 1662 4406 27),
1679 4329 1714 4389 in
1733 4341 1791 4406 qno
1808 4326 1861 4384 im-

1094 4425 1257 4502 primatur
1271 4423 1379 4486 omnis
1397 4423 1510 4499 imago
1529 4423 1785 4486 Christianorum
1798 4424 1861 4482 tan·

1094 4537 1192 4600 quam
1208 4521 1242 4581 in
1258 4519 1382 4596 sigillo,
1398 4522 1435 4581 at
1449 4534 1509 4598 per
1520 4520 1630 4596 ipsum
1650 4523 1747 4583 Pater
1760 4518 1796 4580 ad
1810 4531 1860 4576 nos

1093 4618 1261 4695 respiciat.
1278 4617 1372 4679 Unde
1387 4616 1501 4692 liggaei
1520 4617 1555 4677 in
1575 4617 1643 4678 tine
1660 4617 1705 4697 (2,
1719 4615 1768 4694 24)
1783 4636 1790 4673 :
1803 4631 1819 4673 s
1830 4614 1859 4672 ln

1092 4716 1147 4777 dio
1162 4715 1231 4786 illa,
1248 4714 1329 4775 dicit
1352 4715 1523 4788 Dominus,
1544 4728 1711 4776 assumam
1725 4716 1764 4782 te,
1776 4714 1860 4772 Zoro-

1092 4812 1200 4883 hahel,
1217 4812 1264 4871 tili
1285 4810 1457 4881 salathiel,
1479 4826 1575 4871 serve
1590 4826 1694 4884 meua,
1707 4812 1738 4872 et
1758 4821 1858 4887 ponam

1091 4913 1124 4973 te
1139 4909 1235 4986 quasi
1251 4908 1474 4983 signaculum,
1491 4909 1569 4984 quia
1588 4908 1676 4985 elegi
1689 4911 1730 4970 te.
1743 4925 1761 4967 ε
1773 4908 1859 4967 Zoro-

1092 5007 1188 5069 habei
1203 5005 1442 5082 interpretatur
1452 5005 1508 5066 hic
1517 5006 1677 5081 magister
1688 5000 1857 5082 Babylonis:

1091 5174 1155 5243 bns,
1166 5182 1194 5231 ei
1208 5174 1236 5229 in
1251 5172 1307 5230 tine
1318 5173 1429 5229 iliorum
1445 5170 1538 5241 interi,
1551 5178 1580 5229 et
1591 5171 1723 5241 tenebra,
1734 5179 1759 5229 et
1772 5180 1855 5243 pone

1127 5246 1157 5382 (Ξ
1189 5243 1301 5385 53}th
1316 5244 1502 5385 ἔῗᾶυῗῗυὶςυτ
1514 5313 1572 5369 exit
1584 5311 1781 5380 adorientem
1792 5311 1853 5385 parci

1092 5399 1181 5457 iisque
1204 5386 1233 5440 in
1252 5384 1434 5442 Occidentem
1455 5398 1462 5437 τ
1483 5384 1521 5440 ita
1537 5384 1593 5440 erit
1614 5390 1643 5441 et
1662 5382 1790 5440 adventus
1805 5376 1854 5433 idn

1091 5455 1225 5512 hominis.

1127 5527 1167 5597 (5)
1189 5528 1282 5593 Luca,
1296 5524 1340 5592 it,
1357 5523 1390 5581 di
1406 5528 1435 5579 et
1448 5523 1493 5579 di.
