3950 6200
251 316 311 378 467
729 312 785 375 nb
812 311 950 375 OPERA
972 311 1007 373 S.
1029 310 1206 374 ANTONII
1234 310 1422 373 PADUANI
1822 319 1870 379 lea

290 476 426 537 Lectio.
455 476 510 535 Vl.
534 472 667 534 lntrans
682 471 785 548 igitur
798 471 840 534 ad
854 472 965 534 locum
986 486 1046 534 se-
1100 470 1270 550 perpedss
1284 486 1363 534 suos
1377 468 1557 533 immobilis
1570 468 1780 548 perstititzsc
1791 473 1872 550 plene

251 570 359 651 pulcri
373 615 381 632 .
396 571 499 634 totam
512 586 550 632 se
571 569 711 633 contulit
733 569 898 631 orationi.
923 568 1046 631 orante
1101 567 1238 630 sanitati
1251 568 1406 631 restituta
1416 567 1550 631 domum
1562 569 1736 631 remeauit

251 670 362 731 antem
377 670 475 746 ipsa:
498 682 576 730 eccs
602 667 669 730 duo
691 666 782 743 globi
804 666 846 728 ad
867 666 975 728 instar
989 666 1045 727 oni
1138 666 1277 729 Lectio.
1293 668 1349 728 11.
1373 666 1533 727 Armenia
1548 664 1596 745 (1)
1620 666 1759 742 quedam
1771 666 1808 728 110
1824 668 1874 730 lli-

251 768 436 842 erupernnt
452 765 539 827 inter
564 765 674 826 lemur
693 764 727 826 et
746 764 827 841 ylla.
852 762 1047 826 Discurren·
1101 764 1211 825 000111
1226 764 1373 841 quinque
1388 778 1552 825 annorum
1565 763 1674 840 spatio
1684 764 1875 842 0110101101-

135 878 138 883 ¹
251 861 350 937 teque
359 860 525 923 introrsus
534 860 672 921 humore
680 857 1044 936 quodamsubcutaneo.
1100 861 1234 924 ralitioa
1259 882 1267 921 ε
1295 861 1388 922 nullo
1423 860 1597 923 conamine
1623 861 1719 938 pedis
1743 876 1874 937 gressum

251 957 343 1034 globi
361 957 403 1019 ad
424 957 524 1035 pedes
544 972 648 1035 nsque
664 955 930 1018 descenderunt:
947 970 988 1016 ao
1011 956 1048 1016 in
1101 958 1204 1035 ilgere
1229 959 1336 1036 potuit
1362 957 1448 1020 .sed
1476 974 1551 1019 cum
1579 958 1694 1036 aliqua
1720 960 1873 1022 0001101010
1921 998 1922 1007 1

251 1055 386 1117 modum
402 1070 639 1118 concessarum
658 1070 815 1116 manuum
832 1053 1046 1131 perstrepen-
1100 1055 1363 1119 erectaiuissct:
1378 1056 1456 1118 ante
1469 1056 1503 1118 et
1516 1056 1606 1117 retro
1618 1053 1873 1120 tremebundisse

251 1155 324 1216 tes.
340 1154 453 1216 multis
479 1152 691 1215 audientibus
715 1151 924 1213 sonuerunt.
945 1149 1048 1213 Deni-
1100 1153 1245 1215 motibus
1260 1151 1423 1229 agitabat.
1434 1153 1581 1215 Ueniens
1590 1152 1696 1230 igitur
1709 1152 1873 1216 adamiani

252 1266 317 1329 qus
332 1267 431 1314 crura
446 1251 519 1313 eius
535 1294 544 1311 .
560 1252 631 1311 XX.
649 1264 812 1313 annorum
827 1248 935 1326 spatio
950 1248 1048 1325 qnasi
1101 1250 1190 1313 beati
1207 1250 1335 1313 antonii
1347 1264 1453 1329 prona
1467 1266 1505 1312 se
1518 1250 1553 1312 in
1577 1251 1766 1313 orationem
1782 1250 1872 1313 dedit.

252 1345 402 1409 arefacta
421 1361 500 1409 mox
517 1348 656 1408 extensa
677 1346 776 1407 sunt:
793 1346 826 1406 et
838 1344 953 1406 laxata
971 1343 1048 1406 cute
1101 1347 1136 1411 et
1155 1363 1233 1409 mox
1247 1348 1423 1426 pristinam
1436 1362 1473 1411 ee
1492 1347 1616 1410 babere
1631 1348 1805 1410 sanitamm
1817 1365 1875 1426 pro·

252 1459 371 1506 carnes
386 1443 428 1506 ad
442 1444 605 1506 staturam
626 1443 804 1521 pristinam
818 1456 971 1504 crescere
986 1455 1046 1503 oe·
1101 1445 1234 1508 meruit.

252 1541 383 1619 parunt.
754 1586 756 1589 -
1023 1558 1028 1569 ·
1141 1543 1277 1605 Lectio.
1300 1545 1372 1605 111.
1395 1541 1600 1619 Maynardus
1626 1542 1668 1604 de
1687 1542 1799 1604 runcis
1821 1539 1872 1621 (2).

292 1639 431 1700 Lectio.
467 1641 540 1701 VH.
565 1638 725 1701 Uidsntes
753 1639 865 1701 autem
893 1636 1048 1699 custodes
1102 1656 1178 1702 cum
1190 1655 1251 1718 per
1266 1685 1275 1701 .
1290 1642 1372 1701 XX.
1388 1639 1460 1702 dies
1474 1639 1614 1717 paralisi
1626 1639 1876 1701 dissolutnslnis·

126 1700 153 1807 ‚Q
252 1735 453 1813 tumulique
476 1735 621 1799 fiebant.
649 1738 746 1798 extra
766 1737 889 1799 ostium
905 1734 1048 1798 ecclesie
1103 1740 1154 1800 set
1170 1784 1177 1799 .
1194 1738 1371 1801 intantum
1385 1741 1422 1800 ut
1438 1737 1529 1799 nullo
1545 1738 1679 1815 penitus
1694 1737 1876 1814 pedumute

253 1848 394 1911 propere
420 1835 594 1895 mulierem
619 1834 809 1911 portantes.
832 1831 921 1894 baud
950 1831 1048 1909 plene
1100 1837 1196 1899 retur
1210 1835 1321 1898 officio
1335 1879 1343 1896 .
1357 1851 1420 1897 nec
1435 1850 1473 1898 os
1485 1834 1527 1897 ad
1538 1834 1876 1912 comedendumposset

254 1933 407 1992 sanatam
419 1930 642 1993 demiserunt.
655 1932 699 1993 At
712 1930 771 1992 illa
786 1945 846 2008 per
856 1929 945 1991 dies.
958 1930 1046 1990 xlx.
1103 1934 1253 2012 aperire.
1269 1948 1371 2011 super
1385 1933 1572 2010 plaustrum
1587 1933 1747 1994 onustum
1762 1931 1876 1994 senous·

254 2027 462 2090 orationibus
476 2028 638 2091 insistens
652 2043 792 2091 necnon
813 2028 847 2091 et
869 2026 992 2090 cotidie
1006 2026 1048 2088 ad
1103 2045 1167 2110 qne
1181 2030 1224 2092 ad
1239 2031 1371 2108 pratum
1386 2030 1487 2092 uallis
1508 2030 1640 2092 delatus
1655 2031 1719 2092 est
1739 2031 1876 2102 Quocum

254 2124 365 2189 locum
380 2125 504 2187 dictum
519 2140 556 2187 se
570 2126 727 2188 trahens.
752 2126 788 2187 in
808 2124 888 2186 die.
912 2126 984 2186 XX.
997 2124 1050 2185 di·
1103 2128 1245 2191 ducente
1267 2144 1346 2189 eum
1364 2128 1515 2206 plaustro
1540 2127 1773 2205 peruenisset=
1798 2126 1876 2186 domo

253 2223 367 2285 missis
378 2222 535 2287 scanellis
552 2223 685 2285 domum
699 2223 819 2285 rediit.
838 2222 872 2286 et
891 2237 958 2283 non
975 2221 1049 2285 sine
1103 2226 1171 2287 uiri
1187 2227 1324 2288 uectus.
1339 2225 1382 2287 ad
1397 2224 1485 2288 beati
1495 2224 1633 2287 Antonii
1642 2224 1805 2287 tumulum
1814 2238 1879 2298 sup·

254 2336 375 2397 magna
394 2322 541 2382 omnium
569 2320 791 2383 admiratione
818 2336 879 2398 per
903 2320 1049 2382 medium
1103 2323 1181 2402 plex
1206 2323 1376 2386 accessitt
1399 2324 1500 2385 Facta
1520 2323 1625 2399 igitur
1646 2322 1816 2384 oratione.
1836 2320 1879 2378 in·

254 2417 402 2480 ciuitatis
414 2419 555 2481 firmatis
569 2418 740 2495 gressibus
752 2416 947 2480 ambulanit
1103 2420 1287 2483 continenti
1302 2419 1451 2482 surrexit
1466 2441 1474 2479 ι
1490 2422 1525 2482 et
1548 2421 1665 2498 aperto
1688 2434 1746 2480 ore
1764 2464 1772 2479 .
1792 2419 1879 2478 Deum

294 2518 429 2579 Lectis.
455 2519 550 2579 VIII.
573 2519 663 2578 Puer
676 2515 811 2593 qnidam
830 2514 977 2577 albertus
993 2529 1050 2575 no-
1102 2519 1137 2581 et
1150 2517 1284 2580 beatum
1306 2517 1480 2579 antonium
1494 2517 1659 2579 laudans.
1680 2515 1820 2595 propriis
1832 2527 1879 2591 pe-

255 2614 371 2674 mine.
395 2628 470 2675 cnm
494 2627 514 2675 a
533 2613 709 2676 natiuitate
730 2628 790 2674 sua
810 2627 915 2690 usque
929 2611 971 2674 ad
984 2626 1048 2673 an·
1103 2614 1200 2677 dibus
1213 2614 1346 2676 domum
1360 2629 1536 2691 regressus
1553 2615 1614 2676 est.

127 2704 129 2713 '
255 2725 335 2771 num
350 2754 358 2769 .
374 2711 439 2771 XI.
463 2710 579 2787 pedem
592 2710 765 2772 sinistrum
778 2708 1050 2773 tortumbabuis·
1142 2714 1278 2775 Lectio.
1303 2714 1396 2773 1111.
1423 2711 1546 2773 Mulier
1570 2710 1713 2789 quedam
1734 2707 1879 2771 11111110-

255 2812 307 2868 set
322 2828 330 2868 ε
346 2807 441 2884 parte
462 2807 628 2884 superiori
647 2807 688 2868 ad
703 2807 828 2868 terram
843 2821 942 2867 uersa
959 2805 1050 2881 digi-
1103 2809 1194 2873 mine
1210 2854 1218 2871 .
1235 2823 1294 2887 per
1308 2824 1414 2871 annos
1436 2808 1506 2872 tres
1525 2810 1594 2872 toto
1614 2823 1753 2886 corpore
1777 2809 1880 2870 treme-

254 2906 307 2966 tos
319 2904 360 2965 ad
371 2905 566 2965 calcaneum
576 2904 669 2981 pedis
683 2904 792 2966 dextri
802 2904 1049 2980 preposteratos
1103 2903 1233 2965 buada.
1250 2903 1292 2965 ad
1307 2904 1444 2965 archam
1459 2903 1567 2965 sancti
1577 2902 1683 2981 patris
1694 2901 1820 2965 antonii
1829 2904 1880 2963 tre

255 3000 428 3079 portabat.
443 3001 503 3062 Cui
518 3004 614 3079 pater
631 3000 673 3063 ad
697 3000 909 3077 dirigendum
932 2999 1050 3078 pedem
1083 3062 1088 3071 ,
1104 3001 1204 3063 mulis
1219 3000 1388 3078 gressibus
1403 3000 1496 3063 uenit
1519 3001 1735 3076 angustiata.
1751 3000 1879 3076 Cumque

254 3099 348 3177 ligna
376 3116 454 3178 sepe
477 3100 584 3177 ligare
611 3101 862 3176 consueuerat.
888 3100 945 3161 sed
971 3114 1051 3161 mox
1105 3115 1217 3163 coram
1228 3099 1356 3162 tumulo
1366 3099 1401 3160 in
1413 3099 1565 3161 oratione
1578 3096 1789 3176 persisteret.
1804 3096 1881 3157 inua-

256 3213 465 3277 quacumque
480 3197 656 3260 occasione
672 3197 759 3260 solui
769 3198 977 3274 contingeret
988 3220 996 3259 ι
1007 3197 1049 3259 ad
1104 3197 1251 3261 lescente
1260 3198 1405 3260 tremore
1414 3196 1507 3257 calor
1518 3197 1642 3257 nimius
1655 3195 1691 3256 in
1701 3211 1775 3257 eam
1786 3191 1878 3254 irruit

254 3295 487 3359 tortitudinem
501 3295 635 3358 solitam
646 3295 809 3358 resilibat.
1105 3294 1245 3357 Flebant
1259 3295 1371 3356 antem
1387 3294 1453 3356 uiri
1472 3295 1507 3356 et
1529 3293 1688 3355 mulieres
1707 3291 1881 3356 tremebun-

295 3394 430 3456 Lectto.
453 3397 517 3455 IX.
552 3394 614 3454 Die
638 3393 745 3468 igitur
771 3392 914 3470 quadam
943 3393 1051 3455 mater
1105 3392 1157 3454 dis
1169 3396 1242 3471 ejus
1264 3390 1441 3454 sudoribus
1455 3392 1724 3469 comperientes.
1745 3389 1806 3452 Sed
1819 3402 1880 3450 cun

255 3491 352 3568 pueri
374 3490 416 3553 ad
443 3492 581 3553 archam
608 3490 697 3553 beati
723 3490 854 3553 antonii
875 3506 950 3552 cum
979 3489 1050 3551 tilio
1105 3490 1201 3553 extra
1213 3489 1335 3552 ostium
1354 3489 1495 3552 ecclesie
1509 3489 1620 3551 delata
1634 3488 1773 3567 paulum
1788 3483 1883 3562 respi-

256 3589 399 3665 supplex
413 3590 576 3651 accessit.
593 3590 627 3652 et
639 3588 757 3666 pedem
766 3586 872 3665 ipsius
884 3587 925 3648 ad
940 3587 1051 3649 locum
1104 3587 1237 3650 resset:
1266 3587 1443 3650 recedente
1471 3587 1583 3649 calore
1608 3586 1732 3648 mulier
1757 3582 1880 3647 solidata

255 3686 423 3764 utcunque
436 3686 627 3750 intromisit
646 3689 792 3764 Cumque
806 3679 911 3763 partio
928 3685 1051 3746 ibidem
1106 3686 1179 3748 loco
1195 3684 1359 3747 discessit.
1921 3741 1922 3760 ,

256 3785 404 3860 tempore
417 3798 615 3860 permanens
636 3783 853 3846 uehementer
873 3782 1050 3845 sudasset:
1144 3784 1282 3845 Lectio.
1305 3786 1340 3844 V.
1364 3782 1403 3843 In
1416 3781 1527 3844 castro
1547 3780 1588 3843 de
1611 3781 1825 3857 montagrana
1841 3775 1878 3854 (3)

257 3879 489 3942 acustodibns
515 3896 594 3942 arce
610 3881 709 3943 matri
732 3879 1051 3942 restitutus.uersis
1106 3880 1179 3942 erat
1193 3879 1334 3957 quedam
1348 3879 1470 3940 mulier
1478 3879 1613 3940 nomine
1626 3879 1766 3954 solagna
1776 3875 1820 3955 (4)
1828 3888 1879 3951 qne
1921 3889 1922 3950 ξ

257 3974 299 4037 ad
314 3976 437 4039 terram
452 3976 576 4054 plantis
588 3977 723 4038 domum
737 3977 846 4039 rediit.
1106 3992 1166 4055 per
1195 3991 1319 4038 annum
1347 3977 1381 4039 et
1408 3992 1557 4037 mensem
1586 3975 1727 4053 paralisi
1751 3971 1878 4036 resoluta
1921 3959 1922 4040 ἶ

1104 4074 1202 4136 uouit
1218 4088 1255 4135 se
1278 4072 1321 4135 ad
1344 4073 1451 4134 sancti
1467 4072 1572 4151 patris
1594 4072 1724 4135 antonii
1737 4068 1879 4134 tumulum

1105 4170 1334 4249 recuperande
1343 4170 1497 4232 sanitatis
1504 4170 1613 4247 gratia
1629 4168 1880 4237 uenturam.Que

435 4256 509 4318 Alie
525 4255 622 4330 illim
641 4254 874 4316 mmmm·
1106 4284 1182 4330 cnm
1197 4269 1294 4331 nocte
1308 4267 1451 4345 quadam
1469 4267 1505 4328 in
1524 4268 1632 4329 stratu
1646 4266 1808 4329 decubans
1825 4260 1879 4324 ob·
1921 4269 1922 4322 ἱ

1106 4366 1314 4427 dormisset:
1342 4364 1457 4427 audito
1481 4364 1621 4441 strepitu
1644 4364 1741 4442 quasi
1769 4359 1881 4440 pulsato
1921 4387 1922 4404 r

297 4470 433 4532 Lectio.
457 4472 487 4531 1.
510 4471 548 4530 ln
572 4467 731 4530 comitatu
756 4466 955 4528 ferrariensi
978 4467 1052 4527 erat
1106 4463 1189 4540 pede
1204 4462 1320 4525 lectuli
1336 4462 1484 4524 excitata
1498 4463 1559 4524 est.
1583 4464 1881 4539 Uocansquequen·
1921 4455 1922 4538 J

257 4565 379 4631 mulier
390 4565 529 4642 quedam
542 4566 649 4626 maria
664 4565 799 4626 nomina
816 4585 823 4624 :
840 4580 904 4642 que
928 4563 970 4625 ab
985 4578 1051 4625 an·
1106 4561 1342 4623 dameuicino
1352 4560 1773 4637 comanentem.quesierit
1782 4550 1880 4632 siquid
1921 4557 1922 4616 3

258 4663 315 4726 nis
326 4666 469 4740 quatuor
478 4663 550 4724 toto
563 4676 703 4739 corpore
713 4662 851 4738 paralisi
867 4661 1049 4723 dissoluta.
1107 4659 1223 4721 auditu
1244 4658 1458 4736 percepisset.
1482 4659 1553 4729 Quo
1575 4656 1793 4734 respondente
1816 4649 1881 4729 ulia

257 4761 410 4838 caputet
436 4759 548 4821 onmia
574 4759 722 4821 membra
748 4759 903 4836 portabat
922 4760 1051 4822 treme·
1107 4757 1211 4820 nichil
1224 4755 1540 4820 omninosonnisset
1556 4754 1771 4816 :tremefacta
1780 4748 1882 4813 mulier

256 4859 542 4934 bunda.Cumqne
553 4857 751 4919 necessitate
766 4857 878 4935 aliqua
890 4856 931 4917 ad
942 4856 1051 4918 locum
1108 4855 1142 4915 in
1156 4853 1241 4916 lecto
1255 4852 1403 4914 resedit.
1431 4853 1465 4914 et
1490 4851 1639 4929 proiecta
1663 4866 1764 4929 super
1780 4864 1813 4915 se
1831 4846 1879 4907 tu·

257 4958 446 5036 quempiam
461 4955 563 5017 uellet
584 4955 765 5033 procedere
782 4999 789 5014 .
809 4969 928 5030 gressu
943 4953 1054 5015 retro·
1107 4941 1183 5013 nica
1195 4951 1340 5028 peruigil
1355 4946 1524 5012 excubuit.
1921 5017 1922 5032 .

255 5057 359 5133 grado
378 5055 430 5117 uel
444 5053 578 5132 obliquo
604 5068 703 5131 qnam
730 5067 808 5128 sepe
834 5050 978 5126 uestigia
995 5066 1054 5111 co-
1146 5050 1280 5111 Lectto.
1302 5050 1356 5108 VI.
1380 5048 1528 5123 Cumque
1543 5045 1715 5122 paululum
1728 5038 1880 5106 sustinuis-

256 5153 397 5230 gebatur
431 5166 595 5214 curuare.
626 5151 695 5222 Qus
722 5164 797 5210 cum
826 5147 887 5209 die
908 5146 1052 5225 quadam
1107 5147 1175 5216 set:
1193 5145 1324 5223 pulsato
1340 5143 1714 5220 iterumleotulomagis
1728 5135 1878 5205 eximuit.
1921 5193 1922 5230 ;

256 5265 369 5316 coram
384 5251 491 5312 sancti
506 5248 634 5310 antonii
646 5246 774 5309 tumulo
793 5244 949 5306 funderet
969 5260 1051 5306 ora·
1107 5244 1281 5320 etsignum
1290 5241 1508 5312 crncisironti
1518 5257 1579 5310 sne
1591 5242 1782 5318 imprimens
1791 5232 1877 5304 nint.
1921 5245 1922 5312 l

253 5347 400 5410 tionem.
423 5346 532 5408 subito
544 5345 641 5407 nerui
653 5345 728 5405 eius
741 5343 856 5404 dolore
868 5342 1052 5419 angustiati
1108 5342 1187 5414 Quis
1201 5341 1309 5416 tangit
1327 5339 1468 5402 lectum-i
1486 5338 1689 5415 audiuitque
1709 5350 1816 5399 uocem
1831 5327 1878 5389 di·
1921 5365 1922 5406 3

256 5446 416 5522 ceperunt
430 5443 583 5507 extendi.
600 5445 840 5523 Exurgensque
853 5441 974 5503 mulier
993 5456 1054 5510 su,-
1108 5439 1237 5501 centem
1261 5436 1347 5499 sibi.
1377 5436 1544 5499 Audacter
1566 5436 1663 5512 sigua
1681 5437 1736 5497 te.
1755 5434 1793 5495 at
1811 5427 1877 5491 illa.
1921 5441 1922 5456 ³

293 5573 333 5645 (1)
349 5575 403 5647 ap.
419 5574 546 5632 bolland.
560 5591 567 5632 :
583 5575 743 5632 Ermerina.
1156 5570 1184 5639 3)
1200 5569 1254 5652 ap.
1269 5566 1397 5626 bolland.
1413 5568 1641 5651 :blomagnand

294 5647 333 5720 (2)
349 5646 402 5718 lp.
421 5643 547 5703 1101111011.
563 5662 570 5702 :
589 5644 778 5703 desideratur.
1156 5640 1184 5714 1)
1198 5639 1290 5699 ibid!
1305 5639 1467 5718 Colaugrra.
