3950 6200
256 320 317 378 743
686 319 720 381 S.
748 319 922 381 ANTONII
953 317 1138 383 Pandam
1166 318 1304 381 OPERA
1332 317 1478 380 OMNIA.
1806 326 1851 386 ill

253 492 350 539 suum
366 478 427 550 est,
444 478 477 541 st
491 480 578 541 Deus
590 468 933 558 sacitsimiliterquod
947 494 1046 543 snum
1090 493 1173 541 rum
1189 478 1398 541 immunditia
1413 476 1522 554 surgit
1537 475 1573 538 in
1591 475 1746 540 bominem
1764 496 1851 545 mcu-

253 579 315 637 est.
332 578 369 637 iit
385 577 435 638 sic
448 575 505 637 liet
519 575 606 651 ignis
620 591 773 653 magnus,
785 578 956 641 saeriticia
970 593 1047 655 pur·
1103 576 1187 637 laris
1199 576 1409 639 excellentia.

252 687 346 747 gans,
357 674 391 735 et
402 688 637 734 consummans
646 678 799 751 peccatu
809 676 899 737 elsio
909 691 1048 752 appare·
1141 677 1187 737 De
1202 675 1266 737 hac
1276 676 1311 735 in
1326 677 1410 736 Osee
1424 673 1547 735 dicitur
1560 672 1625 751 (10,
1634 672 1667 751 7)
1682 677 1851 740 miranda

252 770 409 833 bitverus
421 770 546 847 sol,qui
558 771 651 848 prius
663 775 737 833 erat
747 773 782 833 in
791 772 915 834 nubilo.
928 776 1047 835 amoto
1100 770 1179 834 iecit
1203 773 1356 834 Samaria
1380 786 1493 846 regem
1516 787 1612 833 suum
1631 772 1712 832 sicut
1731 771 1772 851 (6)
1793 792 1853 851 spu·

249 869 338 931 enim
356 868 539 939 obstaculo,
556 870 641 946 quod
663 872 798 945 separat
821 871 909 933 inter
928 873 1043 942 Deum,
1101 885 1188 931 mem
1215 886 1315 946 super
1334 869 1452 931 taciem
1471 883 1577 946 aqum.
1593 886 1614 927 s
1627 869 1798 941 Jeroboam,
1810 874 1852 948 qui

249 968 283 1028 et
295 969 512 1043 peccetmem,
525 967 636 1028 statim
652 967 846 1029 accenditur
859 968 1045 1043 peccatoris
1102 967 1143 1029 de
1163 966 1337 1044 Ephraim,
1356 982 1418 1030 rex
1438 965 1500 1027 tuit
1525 966 1692 1031 Samariae.
1710 966 1851 1030 Jerohoan

249 1079 318 1133 cor,
333 1066 366 1125 et
380 1063 601 1134 illuminatur,
619 1068 655 1126 ut
673 1067 781 1125 Deum
797 1081 856 1142 per
870 1064 968 1126 fldem
983 1081 1045 1127 co·
1101 1065 1340 1141 interpretatur
1356 1062 1599 1140 temporalitas,
1624 1063 1770 1140 Ephraim
1785 1064 1853 1126 lruo-

248 1165 399 1238 gnoscat,
415 1163 448 1225 et
464 1178 524 1240 per
540 1162 738 1225 charitatem
752 1163 892 1239 ignitam
915 1163 1044 1238 diligat.
1101 1161 1251 1224 tilieatio.
1280 1164 1319 1224 Et
1346 1160 1431 1223 bena
1460 1159 1636 1224 Jeroboam
1658 1160 1698 1222 ds
1728 1160 1853 1238 Ephraim

1101 1260 1224 1322 dicitur
1247 1270 1339 1329 esse,
1371 1259 1451 1337 quia
1484 1257 1656 1320 secularis
1679 1259 1853 1331 excellentia,

1101 1373 1175 1434 quae
1204 1356 1346 1418 hahetur
1371 1356 1406 1417 in
1441 1355 1504 1418 buc
1543 1355 1677 1429 mundo,
1703 1354 1741 1417 de
1769 1371 1855 1417 rerum

1101 1454 1277 1517 affluentia
1309 1453 1474 1531 procedit.
1506 1453 1592 1514 Hinc
1623 1454 1723 1515 etiam
1744 1453 1785 1514 ait
1809 1453 1854 1514 lob

1101 1550 1166 1630 (24,
1197 1550 1249 1630 18)
1275 1573 1284 1612 2
1309 1570 1327 1611 e
1356 1550 1455 1613 Levis
1489 1566 1608 1629 spuma
1630 1551 1693 1612 tuit
1710 1548 1752 1629 (i)
1779 1565 1854 1628 super

1101 1650 1220 1712 taciem
1243 1665 1364 1727 aqua:
1385 1648 1562 1710 maledicta
1586 1649 1631 1711 sit
1655 1662 1729 1726 pars
1752 1649 1854 1723 ejusiu

1100 1750 1211 1819 terra,
1232 1762 1300 1809 uon
1320 1746 1467 1809 ambulet
1489 1760 1549 1824 per
1568 1746 1659 1808 viam
1676 1746 1855 1807 vinearum.»

1101 1846 1207 1909 Vinea
1217 1848 1268 1907 est
1280 1844 1466 1922 spiritualis
1480 1844 1636 1915 felicitas,
1648 1859 1706 1920 per
1718 1858 1855 1921 ohannen

1101 1942 1272 2004 ambulant
1283 1942 1339 2020 qui
1353 1942 1563 2017 excellentiae
1578 1942 1679 2004 dediti
1694 1942 1772 2001 mut
1784 1943 1856 2000 Teu·

1102 2057 1181 2118 pore
1193 2040 1282 2102 enim
1301 2040 1476 2102 vindemia
1492 2056 1594 2102 canas
1613 2040 1733 2101 habent
1752 2037 1856 2098 medlo

1101 2140 1273 2216 perticam,
1298 2153 1340 2200 ue
1370 2138 1503 2200 vineam
1531 2139 1663 2214 possint
1679 2138 1801 2199 intrare.
1817 2135 1857 2195 Sic

497 1431 638 1491 suano
661 1390 805 1493 urim.

250 1571 354 1630 conca
373 1570 539 1628 secularem
563 1571 763 1628 excellentiam
781 1570 941 1641 malomm;
960 1577 991 1629 et
1008 1569 1046 1627 de

527 1659 612 1718 malis
631 1660 767 1717 Praelatis.

249 1798 389 1858 Inimici
409 1795 528 1856 autem
550 1798 689 1857 Domini
710 1810 795 1856 mooe
815 1794 856 1856 dt
876 1796 1045 1867 borzorisi-

289 1893 359 1953 cdti
393 1893 545 1967 licerint,
580 1892 613 1954 ei
642 1893 803 1963 ecdicii,
837 1893 1044 1964 deficientes,

290 1993 577 2065 quaemadmodum
597 1992 725 2064 remos,
748 1991 919 2062 deficient.
939 1987 1044 2069 (Psal.

290 2089 340 2160 36,
357 2085 425 2165 20.)

289 2240 411 2301 Contra
422 2239 619 2300 saecularem
632 2237 796 2300 malorum
812 2238 1046 2301 excellentiam

250 2338 386 2415 ponitur
397 2337 460 2399 iste
475 2352 603 2409 versus,
627 2337 661 2399 in
684 2353 749 2415 quo
764 2337 845 2399 dicit
861 2359 869 2397 ι
886 2337 948 2409 Qui
970 2351 1045 2397 cum

252 2436 420 2507 eacaltati,
451 2436 484 2497 et
520 2436 738 2507 honorificati
769 2436 919 2508 meridi,
957 2435 1046 2506 deti·

250 2532 380 2594 cientes
410 2535 698 2606 quemadmodum
720 2534 849 2607 mutus,
873 2532 1044 2603 mactent.

251 2632 323 2692 Hoc
350 2629 510 2707 estquod
541 2629 723 2707 Sapientiae
753 2629 875 2690 dicitur
903 2626 1045 2707 (5,15):

1101 2237 1196 2298 mulli
1210 2235 1371 2298 habentes
1383 2237 1567 2313 peccatum,
1582 2236 1637 2297 rel
1651 2251 1784 2297 amorem
1795 2237 1858 2294 teu·

1101 2334 1265 2411 poralium
1284 2333 1381 2412 quasi
1406 2334 1568 2411 perticam
1590 2336 1627 2394 in
1654 2332 1858 2406 collatinam

1102 2432 1231 2494 Domini
1252 2432 1380 2494 intrare
1394 2446 1461 2492 non
1479 2432 1633 2508 possunt.
1651 2430 1740 2492 Unde
1756 2428 1857 2504 regim.

1102 2530 1188 2607 qirod
1213 2529 1331 2591 boatus
1360 2529 1523 2590 arsenius
1546 2529 1584 2589 in
1607 2528 1744 2607 quadam
1759 2525 1858 2588 risime

1101 2628 1184 2689 vidit
1203 2627 1373 2704 quosdam,
1390 2626 1447 2703 qui
1459 2626 1557 2704 quasi
1577 2627 1736 2703 perticam
1752 2626 1783 2685 in
1796 2622 1858 2684 collo

253 2743 272 2787 e
286 2728 368 2803 Spes
382 2725 479 2803 impii
492 2726 651 2802 tanquam
674 2725 809 2801 lanugo,
826 2724 1047 2801 quaerente
1102 2741 1146 2787 ex
1163 2727 1356 2787 transverso
1375 2722 1549 2793 babentes,
1566 2723 1754 2786 nitebantur
1765 2721 1860 2782 iubam

252 2823 392 2894 tollitur,
414 2822 448 2883 at
460 2824 618 2898 tanquam
632 2837 750 2898 spuma
767 2821 915 2897 gracilis,
931 2836 1006 2898 quae
1027 2835 1048 2881 a
1102 2822 1296 2896 Ecclesiam,
1324 2836 1387 2883 nec
1411 2823 1576 2898 poteraut.
1604 2821 1754 2899 Sequitur
1772 2835 1779 2875 τ
1797 2835 1813 2876 e
1831 2818 1860 2876 Et

253 2919 401 2998 procella
412 2918 625 2996 dispergitur,
638 2922 671 2981 et
685 2921 844 2998 tanquam
856 2917 977 2990 tumus,
991 2917 1049 2994 qui
1104 2921 1199 2998 quasi
1217 2919 1338 2992 tumus,
1362 2920 1420 2997 qui
1438 2934 1458 2980 a
1482 2925 1583 2981 vento
1598 2919 1738 2981 diffusus
1750 2917 1800 2979 est
1813 2915 1862 2976 iu·

253 3018 388 3080 aventu
409 3016 550 3078 diffusus
569 3018 633 3090 ast,
653 3018 687 3078 et
708 3017 867 3094 tauquam
887 3016 1050 3077 memoria
1104 3034 1190 3089 mus,
1220 3017 1343 3094 quanto
1372 3016 1479 3093 magis
1504 3016 1548 3078 ad
1571 3016 1776 3079 serenitatem
1796 3011 1862 3073 aeus

255 3117 398 3194 hospitis
424 3115 523 3176 unius
549 3114 616 3176 diei
645 3115 888 3192 praetereuntis.
919 3132 939 3175 r
966 3115 1048 3190 Spes
1104 3115 1242 3187 accedit,
1260 3117 1351 3177 tanto
1365 3115 1474 3191 magis
1486 3115 1704 3192 dispergitur,
1716 3116 1746 3176 et
1758 3123 1862 3174 orares

256 3216 345 3278 enim
377 3214 555 3290 impiorum
593 3216 644 3275 est
678 3213 775 3290 quasi
810 3212 949 3289 lanugo,
975 3228 1048 3289 quae
1104 3213 1159 3284 cit,
1173 3213 1230 3290 qui
1253 3215 1365 3275 tamen
1380 3212 1523 3274 iuferius
1537 3216 1690 3291 apparet
1706 3212 1756 3273 Sic
1774 3211 1802 3270 et
1817 3207 1862 3266 bo-

256 3312 378 3375 crescit
404 3312 441 3372 in
470 3311 662 3373 summitate
696 3310 886 3372 arundinis.
913 3308 1048 3371 mundo
1104 3311 1184 3371 mini
1200 3311 1401 3372 sensualiter
1414 3306 1783 3387 consideranti.aliquid
1793 3302 1863 3368 ride·

255 3411 376 3473 crescit
409 3410 446 3470 in
473 3424 586 3482 coeno;
612 3410 647 3471 et
681 3408 802 3485 impius
832 3409 867 3469 in
900 3409 1047 3486 peccato.
1103 3413 1158 3472 tur
1179 3408 1373 3486 temporalis
1393 3407 1557 3483 felicitas3
1586 3408 1648 3470 sed
1682 3402 1864 3485 spiritualiter

255 3508 391 3570 Aruudo
417 3507 566 3570 exterius
586 3508 638 3570 est
667 3506 831 3583 speciosa,
852 3508 885 3568 et
906 3505 1049 3567 interius
1103 3508 1248 3569 intuenti
1278 3506 1410 3568 videtur
1437 3505 1656 3568 contrarium.
1682 3503 1769 3568 Unde
1785 3499 1864 3563 isaias

253 3622 372 3680 sacua,
395 3604 553 3683 quoniam
566 3604 630 3666 etsi
651 3605 802 3666 exterius
814 3604 941 3675 rutilet,
956 3603 1048 3664 iute-
1105 3604 1149 3683 (9,
1166 3603 1219 3682 18)
1234 3621 1275 3665 :e
1290 3603 1485 3666 succidetur
1498 3601 1545 3682 (8)
1558 3603 1597 3664 in
1606 3602 1765 3665 densitate
1774 3597 1862 3664 salim

253 3706 326 3767 rius
339 3703 543 3766 soliditatem
558 3718 625 3764 non
641 3700 759 3776 habet3
782 3704 817 3764 et
830 3700 939 3777 gloria
953 3700 1050 3778 impii
1104 3705 1137 3766 et
1156 3701 1373 3764 convolvetur
1386 3700 1422 3762 in
1445 3699 1604 3778 superbia
1623 3701 1716 3763 lumi.
1728 3715 1747 3759 s
1758 3693 1864 3759 miens

254 3816 361 3863 vacua
385 3802 438 3862 est
457 3816 477 3861 a
499 3815 578 3862 vero
605 3799 704 3872 bono,
730 3800 764 3863 et
786 3799 863 3860 ideo
881 3799 1050 3860 hominem
1104 3798 1397 3872 dicil,snccidetur
1410 3798 1516 3860 saltus
1530 3798 1566 3859 in
1580 3798 1865 3868 nonsummum

255 3914 398 3960 vacuum
422 3897 592 3974 relinquit.
617 3897 758 3960 Fructus
785 3895 961 3958 arundinis
982 3910 1049 3956 non
1104 3898 1185 3960 ralis
1209 3897 1299 3959 enim
1318 3896 1474 3969 felicitas,
1493 3912 1567 3973 quae
1590 3894 1780 3969 sterilis,et
1795 3886 1864 3951 unia

254 3997 306 4058 est
327 3993 431 4066 aliud,
447 4009 546 4071 quam
570 3993 703 4070 lanugo,
721 4008 795 4071 qua
816 4009 836 4055 a
858 3996 958 4056 rento
979 3993 1051 4054 dis-
1104 3999 1156 4058 est
1197 3995 1284 4057 sicut
1317 3995 1441 4065 saltus,
1471 3995 1760 4071 quantumcunque
1790 3982 1864 4048 fuant

255 4108 351 4172 persa
367 4093 429 4155 est.
447 4091 541 4154 Unde
552 4092 589 4153 in
604 4091 747 4153 Psalmis
764 4111 772 4151 r
789 4090 896 4153 «Vidi
910 4091 1050 4167 impium
1105 4094 1226 4165 densa,
1261 4094 1295 4154 et
1327 4091 1521 4162 abundans,
1553 4092 1744 4153 succidetur
1769 4089 1864 4148 umen.

254 4190 554 4270 superexaltatum,
576 4190 609 4251 et
633 4188 800 4251 elevatum
821 4188 908 4250 sicut
932 4188 1050 4274 cedros
1105 4189 1358 4252 annihilabitur.
1379 4192 1420 4251 Et
1442 4188 1662 4251 convolvetur
1683 4188 1717 4247 in
1742 4177 1865 4260 superbit

258 4289 393 4364 Libani3
412 4290 445 4351 et
478 4287 634 4360 transivi,
651 4288 684 4348 st
712 4299 789 4348 ecce
811 4302 878 4348 non
904 4287 978 4348 erat
993 4308 1001 4345 ε
1018 4287 1051 4346 et
1105 4288 1197 4350 fumi.
1211 4287 1374 4350 volumen
1389 4285 1610 4363 fumiquauto
1625 4278 1866 4361 magisinaltub
1916 4365 1917 4368 Ἴ

257 4388 397 4465 quaesivi
431 4403 523 4459 eum,
553 4386 587 4448 et
612 4399 678 4446 non
703 4386 757 4446 est
780 4385 935 4445 inventus
957 4383 1050 4445 locus
1105 4386 1243 4457 tollitur,
1259 4384 1351 4447 tanto
1368 4384 1475 4450 ,citius
1496 4383 1718 4460 dispergitur3
1738 4380 1782 4440 sic
1799 4377 1867 4436 au·

255 4485 339 4561 ejus.
353 4485 444 4546 »Est
458 4484 559 4546 etiam
574 4483 661 4544 sicut
675 4498 792 4560 spuma
810 4482 959 4560 gracilis,
975 4495 1050 4558 quae
1106 4482 1230 4561 poralis
1242 4481 1396 4543 felicitas.

255 4579 437 4657 aprocella
449 4581 662 4657 dispergitur
682 4582 806 4657 Spuma
816 4582 868 4641 est
881 4595 976 4656 aquas
993 4578 1052 4638 im·
1146 4579 1332 4657 Sequitur:
1357 4596 1377 4639 e
1399 4580 1442 4640 Et
1466 4578 1554 4639 sicut
1576 4577 1737 4640 memoria
1757 4558 1867 4645 hospitis

257 4677 474 4738 munditiam
494 4679 672 4753 superlicio
689 4693 785 4754 aqua
811 4677 968 4738 adunata
987 4678 1052 4735 Per
1107 4676 1205 4738 unius
1225 4676 1291 4738 diei
1312 4662 1867 4753 praetereuntis.›H1neiseiaslht

256 4774 1052 4852 aquamsignidcaturiluxustemporaliumque
1106 4775 1160 4851 20)
1183 4791 1190 4835 :
1213 4790 1232 4833 e
1253 4774 1443 4850 Agitations
1471 4771 1657 4848 agitabitur
1688 4773 1773 4832 terra
1802 4759 1868 4822 ent

256 4873 344 4934 sicut
364 4887 451 4947 aqua
466 4872 543 4932 sunt
565 4869 695 4942 labilia,
712 4873 746 4933 et
759 4871 947 4944 immunda;
963 4869 1052 4930 unde
1107 4871 1231 4945 ebrius,
1246 4873 1281 4934 et
1293 4870 1464 4932 auferebar
1477 4871 1564 4931 si'cut
1579 4868 1631 4948 (9)
1651 4859 1868 4930 tabernaculum

255 4970 435 5046 apostolus
451 4985 494 5029 ee
513 4969 632 5030 Omnia
652 4969 805 5044 reputavi
823 4969 982 5044 tanquam
1003 4964 1051 5045 (1)
1107 4968 1206 5029 unius
1221 4967 1369 5029 noctis.»
1384 4966 1498 5027 iibrius
1513 4966 1554 5027 de
1565 4982 1633 5026 una
1645 4967 1701 5028 ria
1712 4956 1868 5023 facilitas,

257 5069 405 5129 stercora
428 5065 523 5144 »(2).
546 5067 586 5127 at
609 5065 691 5129 alibi
720 5065 793 5146 (3):
816 5068 863 5126 De
888 5064 1051 5126 stercori·
1107 5066 1159 5128 vel
1175 5064 1302 5142 plures3
1325 5064 1521 5126 inordinate·
1536 5063 1701 5138 agitatum
1722 5048 1869 5121 musenim

232 5205 237 5212 -
257 5161 363 5242 busti
366 5162 491 5242 )boum
505 5162 709 5239 lapidabitur
724 5162 772 5242 (5)
796 5162 900 5241 piger.
926 5164 974 5224 De
989 5160 1053 5221 ho·
1108 5161 1290 5234 contundit,
1312 5177 1372 5223 nec
1393 5161 1482 5223 viam
1499 5161 1592 5222 tenet
1610 5160 1746 5221 rectam.
1763 5153 1812 5215 Sic
1826 5142 1868 5223 qli

1143 5375 1183 5446 (6)
1203 5375 1284 5447 l'ulp.
1301 5375 1397 5444 Quasi.

1144 5448 1172 5516 (7
1201 5447 1281 5517 Volo.
1298 5447 1382 5503 Levis
1396 5452 1449 5502 est.

1143 5449 1185 5587 (83
1203 5518 1285 5587 Volo.
1302 5514 1504 5600 succendetur.
1604 5555 1608 5570 .

1144 5591 1185 5663 (8)
1201 5588 1283 5659 Volo.
1295 5588 1391 5657 Quasi.

295 5373 437 5508 “W
453 5372 580 5433 Arbitror
594 5385 633 5433 ut.

296 5443 338 5578 iit
350 5442 452 5567 ¹3:231?
455 5445 508 5581 ἐἷ’
512 5447 547 5570 2⁸.

297 5580 338 5649 th)
353 5582 433 5650 vulp.
449 5554 583 5640 slei-cora

298 5648 339 5720 (5)
353 5598 434 5722 Volo
447 5651 587 5725 lapidatus
601 5662 654 5712 est.
