3950 6200
807 337 981 401 HONORH
1004 340 1047 398 111
1069 340 1215 401 OPERA.
1791 343 1832 402 ed

569 508 597 594 G

269 663 321 722 Ad
343 663 538 734 episcopum
560 658 850 731 vesprimiensem
871 656 904 717 et

377 756 604 831 praepositum
625 757 814 815 Alberrserrr.

442 888 475 943 ll
495 884 630 943 februarii
649 884 729 941 1226.

300 1010 389 1075 [licien
403 1010 463 1060 Cod.
483 1008 546 1072 dipl.
560 1008 705 1071 ilungarias,
719 1008 763 1065 111,
778 1021 807 1065 n,
820 1006 872 1070 la]

189 1136 334 1194 Andrenm
357 1150 456 1207 rogem
478 1134 631 1206 Hungariae
650 1147 699 1205 par
719 1131 884 1204 episcopum
898 1134 985 1187 etiam

225 1224 484 1297 vesprimiensem,
501 1238 535 1277 ac
552 1222 735 1293 praepositum
759 1220 913 1278 albensem
933 1234 983 1276 eo·

227 1327 289 1370 ram
304 1311 527 1383 archiepiscopis
539 1316 568 1366 et
582 1310 725 1382 episcopis
737 1310 847 1366 moneri
859 1307 950 1381 jubet.

224 1433 984 1512 Honorius,etc„episcopoVesprimiensi,etc.,

193 1535 369 1614 praeposito
396 1533 547 1606 Albensi,
570 1531 827 1609 vesprimiensis
859 1530 985 1592 dioece-

193 1634 251 1699 sis,
267 1634 329 1693 etc.

235 1730 327 1790 Sicut
341 1728 515 1789 carissimo
535 1728 569 1788 in
591 1727 721 1788 Christo
743 1726 812 1787 illio
833 1726 985 1787 nostro...

194 1826 317 1888 illustri
333 1827 406 1901 regi
424 1825 615 1900 Hungariae,
628 1827 699 1901 jam
715 1824 882 1885 multoties
897 1822 989 1883 litte-

193 1926 242 1985 ris
265 1923 388 1984 nostris
412 1922 601 1983 insinuasse
623 1922 812 1993 recolimus,
829 1919 988 1996 inspectis

194 2021 469 2099 privilegiisejus,
479 2017 989 2096 liquidocontinentibus,ipsnm

193 2120 318 2179 terram
336 2121 430 2178 Bozee
447 2116 497 2195 (ut
519 2132 632 2193 supra,
649 2131 756 2191 arsque
772 2128 986 2192 nequeamus,

194 2219 308 2277 verbis
319 2215 553 2289 conrpetertter
567 2210 738 2290 ructatis).
752 2211 912 2284 Quocirca
926 2209 990 2269 dis·

194 2311 335 2373 crationi
350 2313 471 2372 vestrae
485 2327 544 2386 per
558 2309 747 2386 apostolica
758 2309 879 2385 scripta
894 2323 991 2367 man-

194 2408 322 2477 damus,
340 2411 517 2485 qnatenus,
536 2423 649 2482 regem
664 2407 785 2483 ipsum,
803 2404 991 2480 archiepis-

194 2507 286 2582 copis
302 2508 335 2565 et
349 2504 513 2581 episcopis
528 2503 633 2579 ipsius
649 2502 744 2577 regni
757 2500 987 2578 praesentibus,

195 2602 236 2665 ed
252 2618 303 2674 ea,
327 2618 400 2678 qnae
415 2600 653 2677 praemisimus,
671 2599 822 2660 iacienda
842 2612 989 2664 monere,

194 2699 377 2777 prudenter
392 2700 424 2759 et
444 2697 623 2758 efficaciter
636 2696 795 2756 inducere
811 2694 988 2769 studeatis3

196 2797 282 2874 qnod
298 2797 376 2857 inde
391 2795 549 2867 feceritis,
568 2810 607 2854 ac
621 2793 872 2870 responsionem
885 2792 991 2868 ipsius

183 2893 292 2955 'nobis
314 2893 511 2970 quantocius
533 2891 676 2953 fideliter
695 2889 903 2966 rescripturi.
924 2891 992 2950 Da-

198 2993 268 3052 tum
286 2993 322 3052 ut
342 3005 454 3067 snpra.

571 3231 620 3316 ul

242 3385 294 3443 Ad
319 3381 535 3451 Terentinam,
558 3382 718 3456 reginam
738 3381 943 3455 Hnrrpurr'ce.

454 3521 486 3577 ll
506 3518 641 3576 februarii
661 3517 740 3576 laad.

346 3644 437 3708 [Telon
446 3639 507 3693 Cod.
521 3641 583 3706 dipl.
595 3642 689 3704 liung,
701 3641 745 3700 111,
757 3655 785 3699 rr,
796 3640 849 3705 79.]

298 3767 440 3825 Honorius
454 3765 483 3822 id
493 3767 585 3838 ipsum
597 3780 647 3838 per
663 3765 793 3837 reginam
806 3765 892 3821 etiam

435 3853 606 3911 Yolantbam
622 3853 763 3910 sollicitat.

240 3979 421 4050 Honorius,
437 3980 513 4050 eto,
530 3978 654 4053 reginae
667 3978 858 4053 baugariae,
872 3979 934 4041 etc.

243 4077 433 4153 Sperantes,
451 4072 537 4149 quod
553 4088 667 4150 preces
683 4075 814 4135 nostras
829 4073 912 4136 velis
928 4073 997 4134 eiti-

203 4175 327 4236 caciter
352 4171 524 4241 exaudire,
552 4171 737 4246 praesertim
764 4171 799 4230 in
827 4170 892 4242 his,
922 4188 997 4248 quae

204 4270 413 4336 manifestam
429 4267 599 4330 continent
613 4267 780 4342 pietatem,
801 4270 834 4328 θι
848 4267 890 4328 ad
905 4268 998 4328 salu-

1038 497 1115 559 liter
1128 496 1289 573 gratiam
1312 498 1346 560 et
1364 510 1436 569 nos,
1456 497 1514 575 qui
1531 497 1572 559 ad
1592 497 1745 559 uldmnm
1763 513 1832 560 non

1039 595 1220 670 poterimus
1246 594 1343 656 dictis
1374 593 1533 656 iratribus
1556 595 1593 656 in
1626 610 1688 656 sna
1715 595 1833 657 deesse

1034 691 1188 765 justitia,
1223 691 1322 752 aliter
1353 693 1533 768 procedere
1563 708 1631 752 non
1660 707 1830 767 cogamur.

1039 787 1163 850 Taliter
1194 790 1305 849 antem
1337 790 1499 849 exaudias
1530 805 1645 867 preces
1678 790 1830 859 nostras,

1040 886 1126 961 quod
1145 888 1276 961 gratum
1295 886 1419 947 babere
1434 887 1609 963 possimus,
1625 887 1658 947 et
1669 886 1711 946 ad
1727 901 1834 946 exau-

1041 983 1178 1044 diendas
1199 985 1292 1055 tuae,
1316 1000 1391 1044 cnm
1420 984 1624 1060 oportuerit,
1653 983 1836 1051 reddamur

1041 1080 1159 1142 merito
1167 1083 1352 1157 proniores.
1363 1084 1481 1142 Datum
1495 1082 1661 1152 Laterani,
1675 1083 1752 1141 XIII
1763 1079 1833 1140 kal.

1041 1179 1163 1251 martii,
1178 1195 1267 1241 anno
1285 1180 1424 1241 decimo.

1402 1411 1473 1497 Cll

1154 1564 1206 1623 Ad
1223 1562 1377 1623 abbatem
1391 1561 1662 1634 concentumque
1681 1562 1722 1622 de

1306 1661 1566 1732 Drrrrsermelpn.

1300 1788 1336 1846 ιι)
1350 1786 1482 1846 februarii
1498 1789 1577 1846 tiae.

1168 1911 1270 1976 [Regist.
1285 1912 1316 1962 de
1330 1913 1518 1977 linntermelyn,
1531 1911 1585 1971 loe,
1599 1926 1625 1961 ιι.
1638 1909 1706 1975 239]

1044 2036 1093 2093 Eis
1107 2035 1215 2093 inhibet
1231 2051 1268 2093 ne
1282 2038 1346 2109 quis
1364 2037 1515 2110 episcopus
1532 2044 1580 2093 aut
1598 2035 1729 2093 olilcialia
1748 2035 1837 2107 ipsius

1079 2140 1128 2182 eoa
1141 2126 1187 2181 vel
1208 2140 1306 2182 corum
1326 2127 1463 2182 ecclesias
1484 2140 1569 2197 super
1590 2124 1837 2197 procurationibus

1080 2213 1151 2270 ultra
1172 2220 1298 2270 taxatum
1312 2214 1340 2270 in
1355 2215 1540 2270 lateranensi
1554 2214 1680 2272 Concilio
1697 2226 1834 2285 persona·

1080 2316 1141 2358 rum
1157 2307 1186 2357 et
1200 2302 1379 2359 creationum
1391 2317 1541 2359 nnmerum
1557 2315 1729 2375 aggravare.
1795 2335 1800 2346 ·

1084 2425 1251 2487 Honorius
1266 2427 1451 2502 episcopus,
1466 2427 1527 2488 etc.

1086 2525 1165 2583 Cum
1174 2523 1379 2585 exindcbitis
1387 2523 1636 2599 gravaminibus
1644 2524 1840 2600 plerumque

1046 2621 1239 2695 contingant
1261 2622 1293 2681 in
1314 2620 1524 2696 regularibus
1544 2624 1667 2682 sanctae
1690 2624 1841 2683 contem·

1046 2718 1202 2794 piationis
1222 2719 1324 2779 otium
1339 2717 1542 2794 perturbari3
1559 2734 1620 2779 nos
1633 2717 1736 2794 quieti
1756 2731 1838 2778 res·

1046 2819 1106 2878 trae
1133 2815 1309 2892 providere
1334 2815 1494 2886 volentes,
1523 2816 1721 2877 auctoritate
1751 2828 1841 2889 prae-

1047 2912 1189 2973 sentium
1229 2912 1416 2973 districtius
1449 2911 1654 2981 indidemne,
1690 2925 1732 2970 ne
1764 2909 1842 2986 quis

1047 3010 1221 3086 opiscopus
1255 3010 1314 3070 aut
1347 3009 1503 3070 officialis
1539 3009 1647 3085 ipsius
1681 3023 1752 3078 ros,
1785 3006 1840 3066 rel

1047 3108 1207 3169 ecclesias
1226 3108 1365 3178 vestras,
1383 3107 1504 3169 audeat
1516 3123 1617 3183 super
1630 3105 1843 3183 procuratio·

1048 3203 1146 3265 nibus
1168 3204 1256 3266 ultra
1278 3204 1429 3267 taxatum
1447 3204 1483 3265 in
1507 3203 1724 3265 lateranensi
1748 3203 1840 3261 Con-

1048 3303 1126 3363 cilio
1141 3316 1358 3378 personarum
1378 3303 1411 3361 ct
1432 3301 1641 3364 evectionum
1665 3313 1841 3360 numerum

1049 3414 1243 3474 aggravare.
1252 3398 1440 3472 Nullierg0,
1449 3400 1510 3459 etc.
1521 3399 1762 3474 Siquisautem‚
1776 3397 1840 3456 ete.

1049 3499 1166 3557 Datum
1179 3496 1347 3566 Laterani,
1363 3498 1393 3554 X
1410 3495 1571 3555 kalendas
1590 3493 1713 3566 martii,
1730 3492 1843 3569 ponti-

1050 3593 1166 3654 ilcatus
1181 3593 1287 3654 nostri
1301 3608 1390 3654 anno
1402 3592 1541 3654 decimo.

1404 3844 1494 3929 0111

1071 3997 1122 4055 Ad
1135 3996 1289 4067 priorem
1308 3995 1343 4054 S·
1366 3993 1548 4054 Trinitatis
1562 3995 1821 4054 Lendonierrsts.

1302 4123 1337 4180 20
1355 4122 1487 4179 februarii
1508 4123 1586 4180 1226.

1247 4247 1358 4310 [llymen
1376 4245 1489 4304 Foedera,
1506 4247 1525 4302 l,
1539 4260 1557 4303 ι,
1575 4246 1642 4311 lon]

206 4371 268 4430 tem
280 4366 445 4428 carissimi
458 4366 492 4426 in
505 4364 636 4425 Christo
649 4364 709 4424 filii
724 4365 831 4426 nostri
842 4364 995 4438 Andreae,
1052 4364 1085 4420 Ei
1100 4361 1228 4433 indulget
1237 4367 1267 4417 nt
1281 4361 1439 4417 terminatis
1448 4360 1542 4417 causis
1553 4360 1588 4417 ab
1598 4361 1761 4433 apostolica
1771 4361 1846 4419 Sede

205 4464 347 4527 illustris
368 4463 456 4537 regis
481 4463 674 4538 Hungariae,
690 4462 756 4524 riri
770 4462 831 4534 tui,
846 4463 879 4524 et
891 4463 995 4537 tuam,
1088 4452 1141 4524 ipsi
1151 4450 1311 4507 0⁰ffl¹1¹i⁸⁸i⁸
1326 4465 1376 4522 par
1387 4449 1605 4506 ⁰⁰fflffl¹⁸⁸l⁰⁰e⁸
1618 4449 1757 4522 eiusdem,
1772 4465 1846 4522 (lli-‘³

204 4578 271 4623 non
297 4560 349 4622 esp
375 4558 530 4633 dubium,
568 4560 755 4634 perfiner93
784 4561 997 4622 serenitatem
1087 4539 1240 4595 decaetero
1256 4538 1397 4610 adipsum
1413 4538 1558 4609 impetrari
1573 4538 1736 4614 contigerit,
1751 4540 1843 4597 nnlla-

205 4661 296 4722 tuam
312 4657 437 4719 attente
452 4655 634 4730 rogandam
650 4654 806 4715 duximus
826 4659 860 4719 et
878 4657 996 4719 horta-
1087 4634 1170 4684 ‘²⁰⁰⁸
1184 4633 1313 4684 ‘eneam
1327 4625 1490 4698 pmoedeffi'

205 4751 648 4831 mur,qnatennsdiligenter
658 4753 690 4812 et
699 4751 880 4814 efficaciter
889 4754 998 4830 ipsum
1093 4752 1261 4816 Honorius
1270 4752 1455 4828 episcopus,
1466 4768 1582 4814 servus
1592 4754 1844 4826 serrorumllei,

205 4868 319 4930 regem
333 4850 483 4922 inducas,
500 4850 537 4909 ut
546 4849 643 4926 juxta
659 4864 774 4926 preces
789 4850 822 4912 et
836 4851 997 4913 exhorta·
1053 4852 1174 4914 dilecto
1189 4850 1257 4910 illio
1270 4849 1375 4925 priori
1391 4852 1521 4912 sancta
1533 4850 1705 4912 Trinitatis
1719 4851 1849 4914 Londo-

207 4953 315 5013 tiones
330 4943 999 5018 nostrasdilectisdliis,iratribusdnmus
1054 4948 1198 5015 niensis,
1222 4946 1363 5007 salutem
1389 4948 1422 5008 et
1446 4947 1669 5023 apostolicam
1689 4947 1849 5009 benedic-

209 5047 339 5109 Sanctea
374 5042 491 5106 Mariae
526 5043 807 5105 Theutonicornm
846 5045 1001 5107 restituat
1053 5047 1188 5109 tionem.

207 5147 315 5207 terras
339 5146 372 5205 et
391 5142 458 5203 alia
482 5140 650 5213 universa,
667 5156 740 5216 qnae
755 5140 932 5217 peripsum
945 5157 1002 5203 re-
1095 5142 1230 5205 Anobis
1245 5143 1416 5204 humiliter
1429 5142 1616 5219 postulasti,
1630 5145 1678 5213 nt,
1694 5159 1769 5204 cum
1780 5158 1848 5205 non

208 5256 294 5318 gem,
313 5240 365 5301 rel
380 5237 522 5298 nuncios
537 5237 611 5313 ejus
635 5237 714 5296 sunt
730 5235 855 5297 eisdem
872 5237 998 5313 ablata3
1055 5240 1179 5301 habeas
1188 5240 1274 5316 juris
1285 5240 1449 5316 peritiam,
1462 5241 1495 5300 et
1504 5241 1849 5317 proptarjudieiorum

209 5337 243 5400 et
259 5334 467 5396 satisfaciens
491 5332 555 5404 eis,
575 5334 608 5393 et
627 5332 783 5393 satisfieri
807 5332 934 5394 iaciens
961 5336 1001 5397 de
1057 5337 1229 5414 strepitum
1241 5337 1410 5410 contingat
1424 5338 1547 5397 sanctae
1560 5337 1848 5412 contemplationis

210 5430 341 5497 damnis
351 5430 527 5505 etinjuriis
538 5428 706 5503 irrogatis
719 5428 765 5489 ita
776 5429 1000 5505 ipsosdivino,
1057 5436 1138 5496 inte
1153 5433 1256 5495 otium
1272 5433 1436 5508 impediri,
1448 5433 1595 5494 eximere
1609 5434 1642 5495 ta
1659 5435 1850 5496 acommis-

212 5531 245 5593 et
258 5528 372 5589 nostro
389 5525 512 5586 intuitu
532 5526 653 5596 foreat,
670 5527 822 5602 protegat
837 5528 869 5587 et
882 5527 1002 5589 delen·
1058 5532 1190 5592 sianum
1216 5533 1407 5592 nostrarum
1439 5529 1663 5591 sollicitudine
1690 5530 1850 5605 dignare-

212 5626 279 5697 dat,
294 5622 380 5702 quod
395 5621 542 5683 divinam
555 5638 597 5683 ax
610 5621 673 5684 hoc
686 5624 854 5684 mereatur
869 5625 1003 5701 specia—
1060 5644 1144 5690 mur.
1173 5630 1241 5689 Nos
1269 5643 1348 5702 ergo
1374 5627 1441 5690 tuis
1463 5627 1761 5704 supplicationibus
1785 5643 1850 5690 an-
