3950 6200
1793 298 1854 358 ara
1942 255 1944 342 ἶ

830 293 1009 357 HONORII
1030 239 1075 358 ill
1096 296 1244 359 OPERA.

216 296 272 357 171

256 465 384 536 Quanto
409 465 606 542 propensius
630 463 847 526 ecclesiarum
873 463 1008 524 deside-
1061 464 1139 525 aliis
1161 466 1292 541 magnis
1316 465 1496 542 arduisque
1517 465 1669 541 negotiis,
1687 465 1755 527 tum
1770 479 1852 541 spe·

214 576 328 623 ramus
340 563 564 638 augmentum,
584 561 617 622 et
635 560 869 622 haereticorum
890 563 1007 622 ester·
1062 561 1194 624 cialiter
1207 563 1249 622 ad
1271 563 1448 623 sedandam
1462 564 1637 640 quamdam
1651 562 1853 624 discordiam

215 659 354 719 minium
377 658 557 719 studiosius
581 673 810 733 procuramus,
836 658 929 718 tanto
953 672 1005 722 ea,
1062 658 1150 720 inter
1175 660 1283 735 ipsum
1312 659 1543 735 imperatorem
1576 661 1610 721 et
1649 659 1853 721 Lombardos

216 771 289 833 quae
324 756 438 815 nostro
477 754 709 816 convenientia
744 754 908 815 desiderio
941 753 1007 815 rite
1062 757 1223 827 exortam,
1246 755 1342 816 nobis
1362 759 1434 817 erat
1452 757 1631 832 plurimum
1652 759 1852 832 opportuna.

216 852 310 922 flunt,
328 850 486 912 libentius
506 852 728 928 acceptantes,
743 851 796 911 his
809 851 911 912 robur
925 867 1006 927 per·
1063 855 1142 913 Cum
1163 853 1266 928 igitur
1284 869 1384 929 super
1410 853 1481 929 ipsa
1509 853 1675 914 discordia
1699 867 1757 929 per
1781 854 1856 912 stu-

215 950 322 1025 petuae
337 948 503 1010 firmitatis
523 949 710 1024 adjicimus,
734 949 879 1009 maxime
895 946 1009 1023 requi·
1063 949 1153 1010 dium
1164 954 1325 1020 nostrum,
1338 954 1449 1012 actore
1461 950 1552 1026 pacis
1563 953 1630 1010 Deo
1639 950 1854 1025 cooperante,

214 1045 281 1106 siti.
315 1046 520 1121 Eapropter,
555 1046 676 1106 vestris
708 1044 1007 1122 supplicationibus
1063 1046 1242 1107 salubriter
1255 1049 1299 1108 sit
1317 1047 1496 1123 provisum,
1519 1048 1553 1107 et
1579 1046 1650 1123 ipse
1672 1046 1856 1121 imperator

214 1143 310 1217 grato
343 1144 580 1203 concurrentes
607 1157 765 1214 assensu,
795 1143 941 1202 castrum
966 1140 1008 1201 de
1062 1143 1103 1203 ad
1119 1143 1399 1205 transfretandum
1415 1144 1495 1204 illuc
1510 1143 1544 1203 in
1562 1143 1698 1204 instanti
1710 1143 1856 1216 augusto

214 1241 341 1314 Posega
353 1238 646 1315 compertinentiis
659 1237 835 1315 suis,qnod
847 1239 895 1308 tu,
905 1237 1009 1298 irater
1063 1240 1248 1315 magnifice,
1272 1241 1369 1317 prout
1391 1240 1598 1316 imperialem
1621 1239 1716 1299 decet
1737 1238 1858 1299 excel-

214 1335 476 1412 archiepiscope,
485 1336 526 1396 ad
544 1352 627 1412 opus
641 1335 791 1396 ecclesiae
805 1335 1006 1402 colocensis,
1063 1337 1209 1410 lentiam,
1229 1354 1266 1398 se
1277 1338 1440 1412 accingat,
1458 1336 1701 1398 multitudinem
1716 1335 1855 1396 navium

215 1432 406 1509 specialiter
421 1447 480 1508 pro
493 1432 660 1494 haereticis
675 1432 715 1493 de
725 1432 846 1493 tinibus
861 1430 931 1491 illis
944 1447 1006 1508 pe·
1063 1437 1096 1495 et
1110 1435 1189 1502 alia,
1205 1451 1279 1511 quae
1294 1437 1385 1496 tanto
1409 1433 1542 1508 negotio
1563 1433 1761 1508 congruunt,
1782 1432 1858 1492 stu·

216 1529 305 1590 nitus
328 1529 567 1606 profligandis,
600 1529 784 1590 carissimis
816 1529 850 1588 in
876 1528 1007 1588 Christo
1063 1531 1495 1608 dieslsslmepraepamndo,
1520 1531 1606 1591 sicut
1625 1545 1664 1591 eo
1684 1527 1858 1605 nobisper

215 1626 305 1696 tiliis,
320 1641 398 1702 rege
408 1626 599 1702 Hungariae,
610 1629 642 1687 et
656 1629 691 1686 B.
703 1629 773 1703 ejus
787 1625 1007 1702 primogenito
1063 1628 1229 1689 solemnes
1250 1628 1381 1688 nuntios
1396 1630 1429 1688 et
1443 1628 1571 1688 litteras
1591 1627 1765 1687 intimante
1790 1624 1856 1686 lae-

215 1723 514 1795 consentientibus,
543 1724 630 1785 sicut
651 1724 791 1800 apparet
817 1738 861 1783 ex
886 1722 1008 1782 litteris
1063 1727 1170 1787 tantas
1198 1724 1404 1796 audivimus,
1432 1726 1465 1785 et
1491 1724 1564 1799 ipsa
1590 1722 1641 1783 rei
1669 1721 1855 1793 evidentia,

214 1820 416 1892 eorumdem,
433 1837 493 1896 pro
507 1822 597 1881 certa
609 1835 738 1881 summa
752 1820 913 1897 pecuniae,
931 1818 1008 1879 dato
1064 1822 1159 1900 prout
1176 1821 1217 1882 ab
1236 1822 1288 1881 his
1310 1821 1365 1898 qui
1389 1820 1554 1891 viderunt
1580 1820 1753 1890 asseritur,
1782 1818 1859 1879 cla·

214 1917 314 1978 etiam
333 1918 457 1995 praedio
473 1918 513 1979 de
528 1917 780 1990 Erdesumulua‚
805 1915 892 1993 quod
914 1916 954 1976 ad
974 1918 1007 1976 te
1062 1919 1132 1978 rius
1168 1917 1380 1992 manifestat3
1409 1921 1582 1995 sperantes
1613 1917 1735 1993 itaque,
1765 1913 1856 1992 quod

210 2015 288 2090 jure
316 2014 487 2091 spectabat
515 2014 753 2085 haereditario,
783 2012 1005 2088 comparasti;
1062 2018 1149 2076 Deus
1171 2031 1354 2090 exsurgens
1367 2015 1521 2091 judicare
1537 2014 1700 2090 disposuit
1716 2028 1857 2073 cansam

215 2110 300 2171 sicut
316 2110 398 2171 illud
410 2114 501 2188 juste
514 2127 553 2171 ac
562 2111 699 2187 pacifice
710 2110 898 2188 possidetis,
913 2109 1008 2168 vobis
1063 2128 1166 2183 suam,
1191 2115 1224 2173 et
1243 2112 1428 2174 Jerusalem
1451 2113 1537 2172 slent
1560 2110 1676 2171 diebus
1702 2109 1857 2186 pristinis

215 2208 248 2268 et
268 2221 328 2282 per
353 2222 423 2268 vos·
440 2207 590 2267 ecclesiae
611 2206 785 2268 colocensi
809 2204 1007 2265 auctoritate
1062 2211 1250 2271 instaurare
1262 2206 1276 2281 ‚'
1297 2209 1551 2280 nixiversitatem
1580 2210 1725 2269 vestram
1753 2221 1860 2281 roga·

212 2303 875 2379 apostolicaconfirmamusetpraesentis
891 2302 1007 2377 scripti
1063 2325 1147 2377 mus,
1175 2323 1347 2367 menemus
1371 2309 1403 2367 et
1428 2306 1639 2366 obsecramus
1661 2303 1858 2364 innomine

213 2400 398 2479 patrocinio
420 2401 675 2461 communimus,
697 2400 789 2461 Nulli
811 2413 904 2474 ergo,
928 2401 1005 2469 eto,
1061 2405 1140 2466 lesu
1175 2404 1324 2474 Christo,
1369 2419 1408 2463 ac
1443 2418 1502 2478 per
1533 2401 1723 2478 apostolica
1757 2398 1857 2461 vobis

213 2499 337 2559 nostrae
359 2496 643 2569 confirmationis,
679 2497 742 2557 etc.
771 2497 806 2556 Si
835 2496 910 2573 quis
941 2511 1006 2556 au·
1062 2501 1185 2577 scripta
1210 2500 1417 2570 mandamus,
1439 2503 1471 2560 et
1493 2498 1777 2559 inremissionem
1800 2496 1859 2555 in-

213 2596 292 2665 tem,
308 2597 371 2655 etc·
385 2596 504 2655 Datum
517 2593 685 2663 Laterani,
699 2595 744 2654 ΙΙΙ
759 2592 1005 2669 idusjflnuarih
1059 2598 1229 2674 iungimus
1252 2598 1471 2673 peccatorum,
1498 2596 1661 2672 quatenus
1681 2594 1751 2654 zelo
1776 2593 1859 2653 fidei

215 2691 427 2768 pontificatus
446 2691 552 2752 nostri
568 2705 656 2751 anno
671 2689 857 2751 undecimo.
1062 2711 1101 2755 ac
1124 2694 1308 2755 devotionis
1323 2699 1455 2754 accensi
1471 2708 1530 2770 pro
1545 2695 1624 2755 Jesu
1641 2690 1764 2751 Christi
1779 2693 1857 2751 Re-

1063 2791 1243 2868 demptoris
1265 2791 1370 2852 nostri
1397 2806 1510 2851 amore
1527 2790 1653 2866 pariter
1667 2789 1700 2849 et
1720 2788 1857 2861 timore,

1063 2906 1191 2951 necnon
1208 2904 1268 2965 pro
1292 2888 1419 2949 honore
1439 2886 1622 2963 imperialis
1646 2884 1859 2946 celsitudinis

1063 2988 1095 3048 et
1115 2986 1258 3063 imperii,
1274 2988 1321 3047 ita
1336 3001 1395 3046 vos
1420 2986 1459 3044 ad
1478 2984 1583 3061 ipsius
1597 2985 1710 3045 Terrae
1724 2983 1859 3043 Sanctae

1063 3084 1246 3146 subsidium
1271 3083 1476 3161 praeparetis,
1499 3081 1585 3160 quod
1614 3080 1681 3154 illi,
1708 3081 1764 3159 qui
1782 3082 1859 3159 jam

1064 3183 1173 3243 crucis
1206 3183 1424 3257 susceperunt
1452 3179 1682 3256 signaculum,
1711 3180 1744 3240 et
1772 3178 1858 3249 alii,

579 2938 647 3024 XL

214 3088 266 3150 nd
279 3089 551 3162 archiepiscopos
566 3089 599 3149 et
618 3089 802 3162 episcopos,
818 3086 960 3148 comites
974 3085 1007 3146 ct

268 3187 413 3247 barones
422 3200 489 3259 per
501 3187 724 3261 Hesperiam
739 3184 953 3245 coemtitntos.

476 3317 507 3372 ll
525 3313 650 3388 januarii
667 3316 749 3372 latr.
787 3378 793 3395 .

291 3437 429 3504 [Theium.
448 3440 516 3490 Mon.
534 3438 712 3498 liihemornm,
725 3439 745 3497 1,
763 3438 803 3497 ll,
818 3452 845 3489 n.
863 3437 930 3504 tlt]

216 3554 300 3628 Regi,
316 3554 452 3627 prelatis,
467 3553 619 3611 comitibus
631 3562 660 3611 et
673 3553 829 3611 baronibus
841 3553 1006 3626 hungaria,

250 3651 281 3700 ut
293 3657 350 3700 una
365 3656 431 3700 cunt
447 3642 618 3715 imperatore
632 3644 824 3700 Romanorum
839 3641 876 3700 sd
892 3643 1008 3700 Terram

250 3732 385 3789 Sanctam
399 3730 575 3787 liberandam
591 3729 783 3788 rrsmlreteut.

1064 3280 1182 3357 quibus
1210 3279 1243 3340 id
1270 3279 1383 3339 divina
1404 3278 1512 3354 gratia
1533 3276 1721 3353 inspirabit,
1747 3275 1783 3334 in
1800 3275 1861 3334 in·

1063 3376 1164 3439 stanti
1186 3377 1347 3451 augusto,
1374 3391 1439 3452 quo
1470 3373 1628 3450 generale
1660 3372 1859 3449 passagium

1064 3477 1114 3535 est
1140 3474 1319 3541 indictum,
1344 3489 1410 3533 una
1440 3489 1513 3533 cum
1537 3471 1611 3548 ipso
1630 3469 1859 3547 imperatore,

1064 3573 1130 3632 Deo
1148 3570 1242 3642 duce,
1264 3570 1398 3632 valeant
1420 3569 1637 3631 transfretare
1652 3566 1693 3628 ad
1708 3565 1859 3638 laudem,

1064 3668 1222 3729 honorem
1244 3670 1277 3729 et
1294 3668 1436 3743 gloriam
1458 3665 1602 3728 nominis
1622 3663 1798 3726 christiani
1825 3665 1862 3725 et

1064 3781 1199 3825 suarum
1223 3764 1403 3824 remedium
1427 3764 1625 3825 animarum.
1643 3762 1773 3821 Dictum
1794 3776 1863 3819 au-

254 3865 423 3926 Honorius
449 3863 637 3941 episcopus,
664 3866 742 3931 etc„
760 3863 1009 3925 venerabilibus

215 3961 374 4024 matribus
404 3959 665 4036 archiepiscopis
693 3962 726 4020 et
752 3960 917 4037 episcopis
931 4006 945 4035 ,,
969 3976 1009 4023 ac

215 4059 347 4120 dilectis
373 4058 451 4118 tiliis
477 4057 643 4117 nobilibus
670 4058 753 4117 viris
775 4058 950 4119 comitibus
977 4060 1010 4119 et

215 4156 396 4218 baronibus
417 4171 477 4232 per
500 4154 706 4230 Hungariam
725 4155 924 4229 constitutis,
948 4172 1008 4216 sa-

1063 3864 1128 3924 tem
1148 3861 1354 3936 magistrum,
1372 3861 1426 3937 qui
1449 3860 1526 3921 huic
1553 3859 1685 3935 negotio
1709 3844 1863 3918 totaliter

1065 3975 1101 4020 se
1115 3958 1286 4034 impendit,
1308 3959 1341 4018 et
1354 3956 1486 4018 tandem
1500 3956 1540 4016 ad
1554 3972 1614 4017 vos
1634 3956 1769 4031 propter
1779 3953 1859 4026 hoc,

1064 4055 1196 4116 omissis
1211 4054 1287 4115 aliis
1303 4055 1444 4130 negotiis
1459 4054 1491 4114 et
1506 4051 1748 4128 impedimentis
1759 4065 1863 4111 exsu-

1064 4152 1199 4229 peratis,
1220 4150 1358 4221 accedit,
1374 4149 1583 4225 universitati
1596 4149 1717 4209 vestrae
1728 4146 1863 4207 studio-

215 4255 328 4326 lutem,
350 4255 384 4315 et
406 4298 413 4313 .
1064 4249 1195 4308 sissimo
1206 4247 1586 4322 commendamus,cujus
1597 4244 1807 4320 prudentiam
1826 4245 1863 4306 et

257 4349 493 4411 Pridemvobis
505 4348 711 4425 significasse
724 4349 1008 4428 recolimusquod
1064 4347 1153 4407 circa
1169 4346 1276 4421 ipsum
1292 4344 1461 4418 negotium
1482 4345 1593 4403 Terrae
1617 4344 1746 4402 Sanctae
1760 4340 1863 4402 vobis

216 4447 390 4509 carissimo
411 4448 447 4506 in
462 4445 595 4507 Christo
611 4446 680 4507 lilio
699 4449 814 4508 nostro
832 4449 868 4507 F.
885 4448 1009 4509 illustri
1065 4454 1232 4515 exponere
1248 4454 1308 4499 seu
1323 4437 1554 4498 commendare
1574 4436 1780 4512 superfluum
1801 4450 1863 4496 re-

217 4548 440 4606 Romanornm
460 4544 659 4618 imperatore
680 4558 811 4620 semper
823 4547 964 4619 augusto
977 4547 1011 4605 et
1065 4536 1264 4612 putavimus,
1275 4551 1349 4595 cum
1365 4533 1546 4595 laudabilia
1562 4533 1649 4594 iacta
1663 4536 1735 4608 eius
1747 4532 1863 4607 ipsum

216 4656 295 4716 rege
312 4639 446 4710 Siciliae,
463 4655 510 4709 se,
525 4640 612 4701 sicut
630 4639 725 4699 nobis
747 4656 807 4716 per
829 4657 906 4701 suas
920 4642 1010 4703 litte-
1064 4633 1195 4693 abunde
1225 4632 1395 4693 notificent
1415 4632 1448 4692 ei
1471 4629 1710 4691 commendent·
1737 4630 1864 4690 Datum

216 4752 272 4799 ras
292 4738 325 4798 et
339 4736 473 4795 nuntios
491 4735 713 4807 intimaverat,
731 4737 906 4812 magnifice
919 4754 1009 4813 pree·
1064 4728 1234 4801 Laterani,
1247 4731 1292 4789 Ill
1309 4728 1383 4787 idus
1391 4727 1553 4805 januarii,
1569 4743 1656 4788 anno
1668 4725 1861 4788 undecimo.

217 4836 357 4913 parante
376 4833 417 4893 ad
433 4835 581 4902 Terram,
598 4832 632 4891 iu
649 4847 713 4907 qua
736 4830 822 4892 Deus
841 4836 955 4894 noster
977 4838 1010 4895 et

216 4931 376 4995 Dominus
404 4931 503 4991 Jesus
531 4928 682 4988 Christus
708 4929 842 5004 generis
871 4929 1008 4990 humani
1107 4928 1146 4984 ln
1160 4929 1317 4985 retardent
1332 4926 1473 4984 medem
1486 4926 1524 4983 Α.
1540 4922 1662 4983 illustri
1677 4922 1750 4997 regi
1767 4924 1864 4983 Hun-

217 5031 357 5090 salutem
386 5024 646 5087 misericorditer
682 5025 816 5101 operari
852 5026 1008 5101 diguatus
1064 5019 1865 5096 gariaensoucinstaurare3tequiabolimsus-

217 5128 278 5196 est,
295 5125 335 5187 de
349 5122 534 5185 infidelium
546 5122 700 5181 manibus
715 5121 934 5194 liberandam,
948 5141 1009 5184 nos
1064 5120 1158 5194 cepto
1176 5117 1285 5177 crucis
1305 5117 1477 5192 signaculo
1494 5117 1545 5177 illi
1561 5117 1704 5178 militare
1719 5118 1860 5191 novisti,

218 5223 374 5284 dilectum
396 5212 501 5280 filium
524 5219 719 5295 magistrum
742 5219 859 5279 domus
879 5222 1008 5281 Sauctae
1064 5215 1120 5290 qui
1143 5213 1770 5290 lis0te¹¹1⁰ffl⁰i³l>afih11¹⁰militavit,
1796 5230 1863 5276 ro·

217 5318 333 5380 Mariae
363 5316 643 5377 Tbeutouicorum
679 5330 739 5390 pro
768 5315 874 5390 ipsius
897 5318 1008 5377 Terrae
1063 5326 1191 5386 gamus,
1215 5326 1387 5371 monemus
1409 5313 1442 5372 et
1463 5311 1635 5372 hortamur
1656 5313 1794 5385 attente,
1818 5328 1863 5375 ac

218 5414 611 5493 procurandosuccursu,
628 5410 668 5472 ad
692 5412 802 5486 partes
815 5411 1008 5473 Theutoniee
1066 5422 1125 5482 per
1152 5408 1381 5482 aspersionem
1415 5409 1588 5483 sanguinis
1619 5411 1700 5471 Jesu
1732 5410 1863 5473 Christi

217 5511 429 5573 festinantem
453 5510 654 5570 duxeramus
674 5508 845 5585 aliquanto
859 5509 1009 5584 tempore
1065 5503 1283 5564 nibilominus
1307 5504 1533 5575 exhortantes,
1558 5509 1723 5583 quatenus
1743 5508 1865 5570 taliter

216 5607 437 5680 retinendum,
451 5606 586 5682 eoquod
601 5608 673 5682 ejns
689 5604 851 5667 industria
864 5605 935 5667 tum
948 5620 1008 5683 pro
1064 5616 1254 5678 praeparare
1264 5604 1299 5664 te
1310 5602 1456 5676 studeas,
1473 5603 1560 5680 quod
1579 5604 1614 5664 in
1636 5604 1775 5666 instanti
1790 5621 1862 5667 au-
