3950 6200
105 250 152 311 473
602 272 608 279 ,
630 238 951 301 PROLEGOMENA.
967 268 1008 285 -
1022 239 1132 300 ulra.
1311 228 1313 231 ¹
1647 238 1706 299 tvl

104 401 294 475 tutaremini,
315 400 469 473 honores,
493 398 593 476 etque
613 398 749 462 divitias
767 415 853 461 con·
905 401 962 476 jus
971 399 1023 460 rei
1033 397 1122 461 tama
1140 394 1286 476 undique
1302 410 1419 487 sparsa
1439 411 1570 460 omnem
1584 396 1708 476 Hispa-

104 500 239 568 temnebat
261 498 412 571 omntno;
434 496 788 574 eademquetortunae,
806 495 855 558 uti
909 496 1000 558 niam
1022 495 1192 568 excitavit,
1223 495 1260 557 nt
1280 494 1377 557 domo
1415 494 1709 571 proficiscerentur

104 602 170 670 sunt,
181 598 336 658 honaesse
346 610 446 668 vena,
460 593 604 670 fugacia,
618 595 751 656 terrena
763 593 856 655 dice-
910 593 1007 656 multi
1024 593 1101 654 :sed
1117 593 1177 654 alii
1188 592 1325 654 visenda
1347 593 1388 653 ad
1404 607 1546 669 corpora
1562 594 1707 659 Sancto-

103 698 151 759 bat.
164 693 235 767 Quid
248 693 407 754 dixerimt
426 691 601 752 Biennium
617 690 682 752 hac
695 691 731 752 in
744 706 855 768 pugna
909 707 985 754 rum
1007 689 1092 751 salii
1111 689 1364 765 congratulandi
1392 706 1505 762 causa,
1537 690 1624 768 quod
1647 690 1706 751 tn-

103 794 155 855 tuit.
169 791 299 853 Tandem
312 787 853 863 verohorumstimulisfatigatus3
911 788 998 862 lans,
1016 787 1066 849 sic
1092 787 1181 848 eninr
1207 784 1402 864 prinoipem,
1423 787 1612 864 proximum
1634 788 1706 863 regi

103 889 166 969 quod
187 890 304 958 essent,
329 886 385 964 qui
412 901 487 946 eum
512 885 658 963 quotidie
683 884 856 946 molestius
911 901 978 947 non
1003 885 1112 956 aetate,
1133 883 1190 945 sed
1214 884 1420 961 principatus
1443 883 1616 960 dignitate,
1638 901 1704 946 vo-

101 985 277 1055 inlestarent,
302 983 378 1044 indo
404 982 566 1045 abscessit
590 982 730 1055 tacitus,
757 982 856 1059 atque
911 983 1000 1054 cant,
1028 997 1154 1058 sospes,
1185 996 1353 1057 sanusque
1381 980 1514 1042 rediret.
1550 983 1707 1044 Sanctum

102 1098 211 1161 pergens
230 1083 288 1152 ire,
311 1080 348 1142 ut
375 1079 417 1141 ab
443 1080 494 1141 eis
517 1095 616 1158 quarn
637 1078 748 1157 longe,
770 1079 857 1140 sicut
910 1094 992 1141 vero
1015 1076 1367 1140 nostrum'Autonium
1388 1079 1526 1140 incessit
1550 1079 1707 1154 cogitatio

102 1177 429 1255 mentispropesito‚ita
444 1176 545 1238 etiarn
559 1177 634 1238 loco
647 1176 797 1250 distaret,
814 1176 856 1238 ad
911 1176 1075 1255 quaedam,
1102 1180 1136 1238 et
1159 1191 1240 1238 cura
1255 1174 1487 1253 proficiscendi
1513 1175 1554 1236 ad
1578 1176 1707 1238 Barba·

58 1280 59 1347 j
102 1275 300 1338 nonasterium
313 1275 445 1336 Sanctae
464 1273 579 1335 crucis
597 1273 638 1335 de
656 1273 854 1335 colimbria:
911 1289 979 1347 ros,
1005 1272 1091 1351 quod
1120 1272 1267 1335 futurum
1295 1273 1445 1350 speraret
1470 1271 1708 1349 praedicatione

62 1402 66 1413 ·
100 1372 234 1450 Hispania
253 1372 369 1434 civitas
377 1373 428 1434 est
439 1372 474 1431 in
489 1387 594 1448 regno
610 1371 761 1433 castellae
779 1372 854 1444 sita,
912 1369 1091 1447 sua,quod,
1103 1371 1162 1432 aut
1171 1384 1319 1447 paganos
1334 1369 1543 1431 converteret
1555 1369 1598 1431 ad
1611 1371 1709 1431 tidem

101 1470 150 1531 illis
161 1469 277 1547 quidem
291 1470 426 1541 nesciis,
443 1468 502 1531 sed
524 1469 661 1531 Patrum
682 1467 857 1531 benacum
912 1467 1047 1539 Christi,
1063 1465 1707 1551 1111111110111111111101111111,1111011111111111111111

58 1566 59 1617 ξ
100 1566 204 1628 licentia
221 1582 254 1627 se
278 1566 438 1629 traduxit.
465 1566 625 1628 canonici
649 1582 780 1644 quoque
802 1566 858 1627 hic
913 1565 1021 1626 sancti
1050 1565 1170 1626 tratres
1206 1564 1363 1642 quinque,
1391 1564 1534 1627 irritatis
1556 1564 1710 1641 ¹gentium

100 1663 237 1739 regulares
250 1663 340 1724 illius
351 1663 458 1741 ipsius
471 1665 505 1726 et
517 1662 662 1736 habitus,
674 1665 708 1725 et
722 1663 857 1724 Ordinis
912 1661 1046 1735 animis,
1061 1662 1258 1739 martyrium
1271 1677 1330 1740 pro
1341 1661 1465 1724 Christi
1474 1664 1608 1725 nomine
1620 1662 1712 1740 pate·

58 1836 59 1847 ]
101 1762 184 1836 011111;
208 1760 303 1838 idque
337 1761 495 1839 amplius,
532 1761 619 1839 quod
650 1762 719 1824 vita
749 1760 858 1822 severi
913 1759 1017 1822 retur.
1045 1759 1172 1837 Quippe
1199 1759 1241 1821 ad
1265 1775 1339 1820 eam
1363 1773 1434 1820 rem
1459 1760 1494 1822 et
1513 1761 1661 1837 paratus,
1678 1761 1713 1821 et

101 1858 192 1931 essem,
206 1858 237 1919 et
247 1858 352 1919 sacris
368 1858 405 1919 in
419 1858 542 1920 litteris
556 1858 733 1921 doctiores.
749 1858 860 1920 Theo-
913 1857 1084 1935 promptus
1099 1856 1222 1929 animo,
1239 1855 1416 1929 desiderio,
1433 1857 1605 1920 voluntate
1624 1857 1709 1920 erat

100 1955 171 2030 logia
189 1954 286 2030 igitur
300 1957 375 2033 jam
400 1955 507 2017 libero
528 1956 653 2029 animo,
668 1957 702 2019 et
729 1955 859 2017 solutus
915 1954 977 2016 Sed
1002 1954 1245 2033 impediebatur
1270 1952 1379 2026 modo,
1404 1954 1491 2032 quod
1517 1970 1624 2032 neque
1649 1969 1712 2032 pa-

101 2050 210 2112 sttmulis
230 2052 432 2125 amicornm,
460 2053 508 2114 uti
536 2053 703 2130 cupiebat,
734 2052 860 2115 studuit
913 2052 1002 2114 trum
1017 2052 1149 2130 injussu
1169 2051 1262 2113 abire
1285 2051 1414 2122 liceret,
1431 2066 1539 2129 neque
1554 2051 1584 2114 si
1597 2051 1711 2117 liceu-

100 2148 161 2225 apnd
178 2149 273 2224 istos;
289 2150 323 2211 et
336 2164 405 2228 que
418 2165 533 2212 sacras
548 2150 590 2212 ad
611 2150 740 2213 litteras
761 2149 861 2227 perti·
913 2149 996 2212 tiam
1006 2149 1213 2227 impetraret,
1226 2164 1370 2227 quonam
1392 2149 1478 2211 toret
1491 2149 1556 2211 sibi
1569 2165 1713 2227 pergen·

100 2247 196 2318 nemnt,
211 2261 247 2308 ea
259 2263 333 2308 cum
349 2247 411 2308 Det
424 2248 546 2323 gratia,
557 2249 626 2311 tum
638 2248 783 2312 humano
794 2248 861 2310 stu·
915 2247 1005 2320 dum,
1028 2246 1140 2309 sciret.
1163 2248 1265 2324 Opem
1286 2249 1386 2319 Deus,
1402 2247 1459 2325 qui
1479 2247 1639 2309 mentium
1660 2248 1711 2309 est

101 2340 138 2403 dte
148 2342 253 2404 mirum
264 2343 444 2405 immodum
458 2345 631 2422 amplexus
646 2346 708 2406 est.
721 2344 859 2408 Juvemis
914 2344 1079 2407 bonarum
1105 2358 1237 2421 semper
1262 2343 1405 2421 adjutor,
1435 2360 1532 2423 serso
1556 2360 1619 2407 suo
1645 2360 1709 2405 cu·

102 2439 275 2516 attingenti
289 2441 421 2519 optimi,
442 2441 567 2517 linguae
588 2442 764 2520 expeditae,
785 2457 859 2505 me·
914 2442 1020 2520 pienti
1035 2441 1186 2513 honesta,
1203 2441 1236 2502 et
1248 2442 1363 2502 sancta
1371 2440 1471 2504 dedit.
1487 2444 1557 2504 Hoc
1566 2456 1710 2519 namque

58 2548 59 2551 ’
103 2536 188 2599 moriae
209 2539 389 2616 perpetuae,
420 2537 521 2600 studit
545 2539 706 2612 continui,
734 2539 860 2617 vigiliae
915 2540 957 2602 ad
971 2538 1222 2611 monasterium,
1239 2538 1325 2616 qnod
1338 2541 1427 2601 esset
1439 2538 1567 2601 divitiis
1579 2540 1708 2615 potens,

102 2633 194 2706 multe,
207 2634 419 2697 abstinentiae
441 2651 582 2712 magnae,
603 2636 681 2699 vitae
705 2639 859 2708 austerae,
915 2639 949 2701 et
967 2637 1060 2714 large
1078 2634 1266 2714 petentibus
1290 2635 1521 2713 eleemosynas
1542 2636 1709 2712 erogaret,

103 2732 355 2810 mntemplationis
374 2732 534 2806 assidua,
558 2734 662 2795 animi
683 2749 763 2796 vero
778 2732 861 2795 adeo
915 2733 1094 2799 veniebant
1112 2749 1201 2811 saepe
1214 2733 1381 2795 Minorum
1395 2749 1439 2795 em
1452 2733 1576 2795 Ordine
1587 2732 1710 2796 tratres

102 2827 174 2901 nilis,
192 2829 294 2891 utillo
313 2830 352 2891 in
373 2832 539 2892 conventu
553 2845 615 2893 1100
630 2831 784 2908 quietior,
801 2845 862 2892 neo
916 2831 994 2904 duo,
1012 2833 1050 2892 ut
1075 2845 1176 2909 quam
1197 2832 1370 2907 portarent
1393 2831 1504 2904 sociis,
1527 2831 1714 2909 eleemosy-

101 2921 281 3001 obedientior,
302 2928 338 2990 et
353 2926 468 2990 divina
483 2927 524 2989 ad
548 2928 672 3003 officia,
690 2928 724 2990 et
737 2927 862 3006 quaevis
916 2945 994 2991 nam
1014 2929 1242 3006 quaeritarent.
1254 2928 1413 2991 Homines
1434 2929 1531 2991 erant
1549 2930 1607 2991 isti
1620 2929 1711 2990 tama

102 3019 260 3086 adnumera
274 3024 431 3087 obeunda
447 3026 621 3105 quisquam
643 3026 741 3088 esset
761 3024 862 3089 Nulla
916 3026 1007 3097 honi,
1025 3025 1084 3087 sed
1095 3025 1202 3104 magis
1217 3028 1422 3104 paupertate,
1439 3026 1638 3099 obedientia,
1655 3025 1713 3087 oh·

101 3117 174 3182 ineo
185 3138 310 3200 pompa,
331 3123 428 3185 nulla
454 3124 633 3187 ostentatio
657 3141 665 3186 :
687 3123 745 3185 sed
771 3125 863 3186 tanta
918 3123 1107 3185 servatione
1115 3123 1252 3200 regulae,
1261 3140 1359 3201 quam
1369 3125 1714 3187 multislltterisvene-

58 3293 59 3296 Ἴ
102 3218 473 3297 eratineoverecundia,
497 3223 596 3300 atque
617 3222 735 3298 pudor,
753 3220 864 3298 utqui
918 3221 1034 3296 randi,
1049 3236 1111 3283 nec
1129 3221 1245 3297 procul
1262 3220 1459 3284 habitabant
1478 3221 1581 3295 tnde;
1602 3221 1712 3283 locum

58 3331 59 3342 ¹
102 3317 166 3377 esset
177 3315 396 3391 doctissimus,
413 3318 517 3382 terme
531 3320 662 3382 nescire
675 3319 804 3380 litteras
818 3316 866 3380 vt·
918 3319 1054 3382 nomime
1094 3320 1249 3379 sanctum
1274 3318 1455 3380 Antonium
1479 3320 1610 3381 vocant.
1643 3313 1714 3380 Hos

58 3425 59 3484 j
102 3407 213 3474 deretur.
226 3417 372 3493 'lempus
394 3418 506 3478 autem
530 3431 569 3478 ea
592 3416 723 3479 ratione
746 3414 863 3477 distri·
919 3415 1031 3493 itaque
1048 3414 1221 3476 venientes
1239 3414 1294 3492 pie
1317 3414 1499 3492 alloquitur
1517 3415 1714 3484 Fernandus

58 3519 59 3524 ’
101 3502 205 3580 luitnt
217 3511 299 3573 nihil
312 3528 377 3590 per
390 3513 627 3590 negligentiam
642 3512 801 3585 evolaret,
817 3512 866 3573 ni·
919 3513 1044 3574 noster.
1058 3511 1241 3573 consilium
1260 3512 1379 3588 aperit.
1395 3511 1567 3574 Auxilium
1582 3513 1712 3589 quaertt.

103 3601 387 3683 lilpereanitatem
401 3611 562 3673 efflueret.
582 3612 720 3676 Naturae
732 3609 865 3688 quidem
921 3612 964 3672 Se
974 3608 1108 3671 tandem
1126 3609 1174 3670 ita
1194 3605 1351 3686 disponit,
1366 3624 1441 3670 cum
1461 3607 1565 3671 insito
1584 3609 1616 3671 et
1635 3625 1714 3686 quo·

101 3698 125 3759 id
136 3704 216 3766 modo
234 3707 397 3785 temporis
418 3707 616 3786 exponebat,
634 3723 697 3770 nec
708 3708 863 3785 amplius,
920 3706 1008 3779 dam,
1025 3705 1058 3768 et
1071 3704 1201 3780 ingenti
1214 3704 1353 3781 spiritus
1367 3705 1588 3777 senioratum
1599 3706 1715 3768 oonsi-

102 3799 225 3872 11111011
235 3803 311 3876 eibi,
335 3805 396 3867 aut
407 3804 529 3881 quietis
543 3805 727 3868 necessitas
746 3805 864 3883 postu·
920 3804 978 3876 lio,
1006 3803 1039 3866 et
1064 3802 1297 3864 adhortatione
1334 3802 1453 3864 horum
1477 3802 1633 3875 fratrum,
1656 3804 1714 3881 qut

103 3890 173 3957 taret.
185 3899 358 3977 Reliquum
372 3900 550 3977 colligebat
561 3902 680 3976 totum;
694 3901 793 3979 idque
807 3915 867 3962 ve-
920 3899 1148 3962 mendicantes
1170 3899 1318 3976 quotidie
1339 3899 1546 3974 advenirent,
1562 3900 1716 3978 bonaque

103 3986 286 4070 luliquadam
311 3998 399 4074 lege,
421 4000 479 4060 aut
503 3997 628 4060 divinis
654 3998 785 4070 officiis,
809 3998 867 4060 aut
921 4015 995 4061 curm
1010 3998 1131 4074 gratia,
1146 3996 1329 4069 voluntate,
1350 4012 1515 4060 consensu
1536 4002 1713 4078 majorum,
1831 4025 1841 4040 ¹

103 4091 233 4165 majorum
254 4094 468 4167 obedientiae,
487 4096 547 4160 aut
569 4095 790 4167 meditationi,
809 4094 867 4156 aut
921 4094 1008 4174 quod
1041 4094 1158 4157 relicto
1194 4095 1410 4167 monasterio,
1439 4095 1566 4171 habitu,
1598 4096 1716 4158 ordine

58 4271 59 4274 Ἴ
103 4180 264 4265 disciplinae,
287 4195 348 4255 aut
363 4192 473 4255 studio
487 4192 675 4256 litterarum
689 4192 800 4254 dabat.
921 4192 1075 4255 canonici
1102 4191 1293 4267 Regularis,
1324 4193 1366 4252 ad
1400 4208 1496 4270 quern
1526 4193 1715 4268 proximum

130 4283 198 4346 bnm
220 4288 322 4364 igitur
352 4291 421 4351 Deo
445 4290 591 4352 serviret
616 4290 651 4353 tn
687 4288 866 4353 colimbria
920 4289 1042 4352 tratres
1060 4288 1111 4349 illi
1133 4288 1299 4351 habebant
1322 4288 1432 4350 locum
1451 4288 1558 4350 sancti
1579 4291 1716 4351 Antonii

103 4382 208 4443 11111111
227 4387 340 4449 noster
364 4388 541 4460 Antonius,
565 4388 677 4451 evenit
701 4388 799 4457 torte,
831 4388 867 4448 ut
920 4386 1090 4465 protectus
1103 4385 1165 4446 est.
1182 4385 1340 4446 Ordinem
1357 4384 1416 4459 tbi,
1430 4386 1464 4446 et
1477 4384 1627 4447 habitum
1640 4384 1715 4448 lra-

104 4472 206 4553 Petrus,
221 4483 275 4559 qui
290 4484 385 4546 esset
400 4484 496 4561 regni
518 4485 669 4547 castellae
688 4485 809 4558 insane,
827 4499 867 4546 ao
921 4485 1010 4546 trum
1024 4483 1191 4544 Miuorum
1205 4481 1347 4559 sumpsit
1362 4498 1369 4542 :
1382 4481 1415 4542 id
1425 4482 1537 4543 tamen
1548 4484 1626 4545 ante
1640 4498 1716 4545 ern-

103 4572 170 4647 regis
180 4575 286 4653 trater,
298 4582 501 4645 miraculose
514 4585 651 4647 sanatus
662 4584 758 4659 gravi
773 4599 866 4645 mor·
921 4582 979 4642 nia
994 4581 1121 4658 paetus,
1136 4578 1223 4656 quod
1242 4578 1294 4639 ire
1306 4577 1347 4639 ad
1362 4578 1527 4648 Barbaros
1540 4579 1666 4653 liceret,
1681 4582 1721 4644 ut

103 4662 141 4740 ¹³⁰,
161 4674 321 4740 llarochta
346 4695 366 4741 e
385 4679 520 4754 civitate
534 4681 669 4754 rediret,
689 4696 868 4759 secumque
922 4676 1197 4756 quemadmodum
1212 4676 1324 4738 animo
1339 4677 1520 4751 statuisset,
1535 4678 1718 4740 acdeside-

104 4772 264 4843 alllldntarot
285 4776 448 4854 reliquias
472 4778 617 4858 quinque
642 4778 793 4851 fratrum,
811 4778 867 4856 qui
922 4775 1014 4838 naret
1040 4775 1172 4851 integra
1198 4777 1324 4846 mente,
1349 4775 1408 4838 aut
1429 4776 1638 4840 converteret
1658 4777 1715 4837 in·

104 4859 239 4932 1111011111
251 4887 293 4933 ex
308 4873 434 4935 Ordine
447 4874 553 4953 patris
570 4876 678 4937 sancti
697 4875 868 4940 Francisci
922 4872 1038 4934 fideles
1066 4871 1108 4932 ad
1139 4869 1238 4933 tidem
1266 4872 1401 4945 christi,
1436 4875 1494 4935 aut
1520 4873 1717 4950 martyrium

58 5051 59 5054 Ἴ
102 4957 175 5030 l'lseu
186 4967 320 5041 protecti
335 4970 378 5031 ad
388 4970 565 5045 Barbaros,
586 4974 624 5035 ut
637 4974 869 5037 converterent
923 4985 983 5048 pro
1008 4971 1089 5032 iesu
1111 4968 1235 5030 christi
1263 4969 1396 5032 nomine
1418 4972 1598 5048 pateretur.
1624 4971 1717 5031 Tunc

104 5051 206 5131 infidas,
220 5080 279 5141 pro
294 5068 430 5129 nomine
445 5068 567 5132 christi
579 5071 680 5148 paulo
695 5072 869 5134 antemar·
924 5082 1055 5145 quoque
1090 5066 1232 5129 mutavit
1264 5082 1396 5139 nomen,
1431 5082 1492 5129 nec
1522 5065 1718 5128 cernendus

105 5149 308 5238 ι1111111111εεί
335 5167 442 5227 erant.
472 5166 558 5228 Mari
582 5183 726 5247 namque
757 5168 868 5231 inter·
924 5164 1055 5236 deinde,
1072 5164 1109 5224 ut
1121 5163 1245 5225 soleret
1258 5164 1365 5241 prius,
1376 5165 1434 5224 sed
1448 5164 1612 5225 Antonius
1623 5162 1717 5224 illius

105 5245 413 5337 tuente,llispaniam
423 5266 634 5341 prospectant
644 5264 792 5328 Barbari.
802 5267 870 5327 Ma·
923 5262 1022 5325 eloci
1037 5261 1184 5333 nomime,
1203 5261 1363 5338 quantum
1382 5259 1548 5331 existimo,
1567 5260 1718 5338 appella-

106 5346 227 5414 mltum
240 5355 286 5416 ihi
299 5372 451 5433 regnum,
467 5362 500 5422 et
514 5363 614 5438 caput
632 5362 727 5439 regni
750 5357 869 5426 civitas
923 5360 977 5423 tus
992 5359 1052 5421 est
1070 5359 1185 5436 Neque
1200 5373 1279 5420 vero
1294 5357 1454 5418 adversor
1467 5358 1548 5432 illis,
1566 5358 1623 5435 qui
1641 5371 1716 5419 eum

105 5438 247 5514 humma
257 5455 309 5516 est
327 5476 336 5515 ε
352 5471 434 5531 gens
449 5473 528 5520 vero
539 5459 695 5521 univorsa
711 5458 868 5531 infidelis,
924 5456 1091 5537 praesagio
1118 5454 1259 5533 quodam
1287 5454 1489 5531 appellatum
1523 5454 1715 5529 Antonium,

106 5531 233 5620 barbara,
246 5551 279 5614 et
292 5551 469 5616 christiani
482 5556 627 5618 nominis
638 5556 784 5618 inimica.
799 5559 871 5618 Hu·
925 5555 1010 5632 quod
1022 5556 1111 5615 esset
1124 5553 1189 5615 alte
1200 5554 1384 5626 tonaturus,
1398 5554 1525 5630 putant.
1538 5554 1717 5644 Antonium
