3950 6200
272 261 333 328 aar
520 213 524 222 ⁵
679 256 1493 324 -nanrou11ranunnuoaaaaouum
1535 325 1545 342 .
1811 269 1855 329 m

271 420 373 486 nibus
386 419 556 498 appareat,
572 435 672 497 quam
685 418 837 482 districte
849 419 986 497 peccata
999 435 1064 496 pu-
1161 417 1202 479 Et
1212 416 1254 478 ad
1267 415 1347 494 quid
1361 414 1551 492 egredietur
1561 417 1722 480 Dominust
1735 420 1857 488 subditur

274 517 363 580 nias.
380 518 475 579 Unde
500 515 685 578 Ezechielis
709 515 774 595 (21,
801 517 870 577 2θῖ
883 514 917 596 3)
936 532 976 575 :c
1002 514 1067 576 Fili
1121 514 1157 575 in
1183 513 1271 575 lsaia
1292 536 1300 574 ε
1316 531 1335 573 ‹
1351 515 1394 576 Ut
1410 514 1525 576 visitet
1545 514 1738 592 iniquitatem
1757 519 1858 582 habia·

272 614 431 686 hominis,
448 629 534 692 pone
548 613 669 676 faciem
694 616 784 675 tuam
811 611 852 674 ad
867 612 1065 683 Jerusalem,
1120 611 1203 672 toris
1219 613 1318 673 terrae
1334 612 1450 673 contra
1465 625 1552 683 eum,
1568 614 1601 673 et
1612 613 1683 674 tunc
1695 617 1773 675 terra
1784 632 1857 680 reue·

274 715 309 774 et
322 712 413 773 stilla
427 710 469 772 ad
484 711 688 786 sanctuaria,
709 712 743 773 θῖ
763 709 926 787 propheta
950 710 1066 771 contra
1121 707 1204 769 labit
1218 706 1415 784 sanguinem
1428 724 1536 780 suum,
1552 711 1584 770 et
1601 724 1664 769 non
1677 712 1786 786 operiet
1795 715 1858 775 ultra

273 807 412 870 humum
427 808 533 870 lsrael
548 829 556 869 :
570 809 611 870 Et
622 808 713 869 dices
728 809 827 869 terrae
842 806 946 868 lsrael
963 827 971 866 ε
987 809 1068 868 Haec
1120 803 1312 866 interfectos
1347 818 1478 865 suos.»
1514 805 1676 882 Siquidem
1705 807 1737 866 in
1763 809 1858 885 judicio

273 905 355 968 dicit
369 906 529 968 Dominus
542 908 652 967 Deus:
669 908 825 981 Eooeego
840 903 880 965 ad
896 905 940 977 te,
956 905 991 965 et
1004 904 1068 981 eji·
1120 902 1223 976 terra,
1237 901 1324 964 idest
1341 903 1475 964 terrena
1494 901 1609 964 tenens
1627 903 1771 966 revelabit
1781 908 1860 966 omn·

274 1002 361 1066 ciam
376 1003 523 1080 gladium
547 1018 656 1064 meum
676 1003 717 1063 de
731 1001 854 1078 vagina
868 1017 940 1074 sua,
956 1001 991 1063 et
1004 1015 1065 1063 oc·
1120 997 1193 1071 hus,
1209 999 1265 1076 qui
1281 1001 1379 1061 erunt
1396 998 1433 1060 in
1447 999 1586 1075 judicio,
1602 1000 1788 1075 sanguinem
1801 1002 1861 1065 idest

274 1099 383 1164 eidam
406 1100 443 1160 in
466 1103 499 1161 te
518 1103 658 1178 justum,
686 1101 719 1162 et
741 1100 890 1177 impium.
913 1116 932 1160 a
957 1098 1064 1170 stilla,
1120 1096 1364 1159 immunditIam
1379 1097 1588 1173 peccatorum
1607 1096 1749 1158 latentem
1761 1098 1790 1158 in
1805 1115 1861 1160 con·

272 1196 361 1259 idest
374 1198 543 1260 annuncia
558 1197 679 1275 populo
703 1212 777 1258 meo
800 1197 889 1257 viam
910 1195 1067 1258 vindictae
1121 1194 1347 1270 cupiscentiis,
1370 1196 1528 1272 tanquam
1551 1194 1709 1256 cadavera
1728 1195 1760 1256 iu
1775 1196 1861 1272 sepul·

271 1309 373 1369 meae;
400 1295 443 1355 ad
473 1294 678 1366 sanctuaria,
705 1295 792 1356 idest
811 1293 853 1354 ad
880 1309 949 1366 ecs,
980 1309 1067 1370 quo·
1121 1290 1206 1366 cris;
1229 1292 1307 1353 tunc
1331 1291 1537 1376 apparebunt
1555 1292 1611 1369 qui
1634 1291 1781 1353 interlecti
1798 1295 1859 1353 sunt

272 1406 348 1452 rum
385 1393 514 1456 mentes
544 1391 712 1454 mundatae
747 1392 825 1453 sunt
850 1406 911 1468 per
938 1390 1068 1468 baptis-
1122 1388 1216 1450 Unde
1231 1388 1327 1450 Isaiae
1339 1387 1414 1466 (5,1
1431 1390 1464 1451 et
1476 1387 1684 1467 2):‹Vinea
1696 1388 1772 1450 iacta
1783 1389 1864 1450 estdi·

273 1503 375 1561 mum,
388 1490 425 1552 et
438 1489 655 1551 sanctificatae
683 1504 743 1567 per
767 1487 971 1550 infusionem
997 1488 1068 1564 spi·
1121 1485 1207 1548 lecto
1230 1500 1304 1547 meo
1328 1485 1364 1546 in
1393 1501 1500 1548 cornu
1529 1485 1599 1546 filio
1632 1485 1705 1558 olei,
1727 1487 1757 1547 et
1776 1486 1864 1561 sepivit

273 1584 359 1647 ritus
384 1587 509 1648 Sancti.
529 1589 569 1649 Et
592 1585 742 1649 occidam
767 1587 907 1663 Justum.
933 1588 981 1647 De
1001 1603 1066 1663 quo
1121 1599 1207 1655 mm,
1222 1584 1255 1644 et
1268 1581 1397 1660 lapides
1418 1582 1519 1660 elegit
1539 1598 1583 1644 ex
1605 1583 1673 1654 illa,
1696 1585 1727 1645 et
1742 1582 1864 1660 phutavit

269 1682 363 1758 justo
395 1683 439 1744 sit
458 1683 535 1744 ·hic
575 1682 839 1760 intelligendum,
881 1682 964 1743 dicit
997 1682 1066 1743 ldi-
1121 1696 1195 1741 eam
1209 1679 1361 1752 electam,
1378 1682 1413 1742 et
1427 1680 1606 1742 aedificavit
1620 1680 1731 1743 turrim
1741 1681 1773 1740 iu
1786 1679 1863 1740 medio

273 1779 386 1841 chaeas
415 1778 459 1859 (7,
484 1779 517 1859 4)
536 1797 579 1842 :ec
603 1781 664 1852 Qui
691 1781 834 1857 optimus
863 1780 915 1843 θεῖ
938 1781 974 1841 in
1004 1781 1065 1849 eis,
1121 1782 1205 1856 ejus,
1222 1779 1255 1841 et
1271 1777 1420 1840 torcular
1433 1777 1582 1838 extruxit
1603 1777 1637 1838 in
1652 1792 1714 1838 ea:
1735 1778 1864 1852 θῖθιρθθ-

273 1877 371 1953 quasi
386 1877 547 1954 paliurus,
574 1880 608 1941 et
629 1878 686 1955 qui
708 1879 830 1949 rectus,
849 1877 946 1954 quasi
970 1877 1066 1954 spina
1121 1874 1204 1936 tavit
1223 1876 1259 1936 ut
1276 1873 1403 1948 iaceret
1425 1890 1519 1948 uvas,
1543 1876 1578 1936 et
1597 1874 1674 1935 iecit
1693 1873 1865 1934 labruscas»

272 1972 314 2035 de
328 1990 417 2052 sepe.
433 1991 452 2038 s
468 1975 638 2052 Siquidem
653 1974 711 2052 qui
728 1974 845 2052 optimi
860 1972 979 2036 debent
993 1990 1067 2036 esse
1122 1971 1227 2034 Filius
1242 1970 1309 2033 olel
1325 1971 1448 2033 dicitur
1461 1972 1614 2034 Christus
1631 1972 1755 2048 propter
1765 1968 1863 2031 miseri·

273 2069 309 2131 in
324 2072 473 2133 Ecclesia
498 2072 686 2144 sanctitate,
703 2071 779 2133 aliis
800 2072 1018 2148 praeeminent
1032 2072 1067 2133 in
1122 2069 1282 2143 cordiam,
1305 2084 1371 2146 qua
1395 2068 1502 2130 voluit
1522 2068 1701 2130 incarnari.
1722 2070 1779 2128 Per
1792 2065 1865 2126 dileo

273 2168 414 2242 malitia,
430 2171 588 2247 tanquam
603 2168 1066 2247 spineaeuleispeccatorum
1122 2169 1191 2229 turn
1219 2166 1429 2242 significatur
1454 2166 1560 2227 Filius
1589 2167 1664 2241 Dei,
1695 2180 1748 2242 per
1768 2165 1864 2225 vinean

274 2268 471 2343 pungentes,
496 2267 574 2345 quia
599 2265 756 2328 cadentes
787 2266 939 2348 exemplo
964 2282 1067 2343 prauo
1122 2263 1286 2338 Ecclesia;
1310 2277 1370 2339 per
1384 2277 1488 2324 cornu
1507 2263 1713 2338 significatur
1731 2261 1807 2335 regia
1821 2274 1865 2334 po·

274 2363 360 2425 alios
375 2364 528 2426 alliciunt
541 2364 577 2426 in
596 2365 754 2442 peccatis.
770 2363 897 2426 Idcirco
910 2364 1067 2441 egredie-
1121 2362 1240 2435 testas;
1263 2376 1323 2436 per
1343 2360 1465 2433 oleum,
1486 2359 1723 2422 misericordiae
1744 2356 1864 2423 suavitas,

275 2461 330 2523 tur
344 2460 476 2537 gladius
486 2478 579 2524 meus
590 2462 631 2523 da
645 2462 768 2538 vagina
782 2461 823 2522 ad
835 2461 1001 2538 judicium
1014 2461 1066 2523 ir·
1123 2474 1187 2537 qua
1201 2459 1308 2520 voluit
1327 2458 1511 2519 incarnari.
1533 2458 1636 2531 Quasi
1654 2457 1754 2518 dicat:
1775 2455 1803 2515 Si
1817 2453 1866 2528 ipse

273 2559 464 2621 revocabile
483 2560 620 2638 propter
640 2559 854 2622 severitatem
879 2558 1065 2631 sententiaa,
1122 2556 1273 2618 Christus
1289 2571 1349 2633 per
1367 2556 1634 2617 incarnationem
1648 2569 1737 2616 suam
1753 2553 1866 2614 ostensus

276 2658 310 2718 et
323 2673 455 2733 poenam
465 2656 758 2719 interminabilem.
781 2659 879 2719 Nunc
892 2657 1003 2719 autem
1015 2656 1068 2718 la·
1122 2655 1173 2716 est
1184 2652 1282 2727 lenis,
1297 2655 1331 2715 θῖ
1342 2653 1544 2725 misericors,
1561 2655 1596 2715 et
1607 2652 1731 2730 patiens
1743 2671 1751 2711 :
1763 2647 1866 2721 curiose

274 2753 323 2814 tet
337 2753 400 2816 iste
421 2753 553 2829 gladius
567 2754 722 2815 vindictae
746 2754 782 2815 in
796 2755 918 2830 vagina
933 2754 1067 2815 miseri·
1122 2751 1287 2813 estcornu
1301 2750 1342 2812 ad
1357 2744 1867 2827 impellendumreprohosindan·

274 2849 409 2921 cordiae,
425 2852 459 2912 et
473 2849 594 2911 divinae
610 2851 790 2927 patientiae,
807 2851 863 2927 qui
878 2853 957 2913 tunc
971 2866 1069 2926 egre-
1122 2849 1311 2910 nationeml
1334 2850 1428 2909 Hanc
1453 2847 1589 2909 vineam
1614 2846 1731 2924 sepivit
1749 2841 1867 2906 Dominus

277 2944 388 3007 dictur
402 2946 444 3007 ad
463 2962 594 3007 omnem
610 2962 757 3019 carnem,
773 2947 860 3009 idest
873 2947 916 3009 ad
935 2964 1067 3009 omnem
1123 2945 1272 3007 custodia
1294 2945 1510 3021 Angelorum,
1534 2945 1639 3021 elegit
1662 2944 1701 3005 de
1721 2958 1757 3004 ea
1776 2936 1868 3015 lapide

277 3042 459 3107 carnaliter
481 3044 650 3107 viventem
672 3043 714 3106 ab
738 3044 865 3117 austro,
891 3060 997 3123 usque
1025 3045 1065 3106 ad
1122 3042 1328 3115 offensionis,
1343 3044 1377 3104 et
1390 3041 1541 3105 scandali
1556 3058 1619 3120 per
1632 3037 1866 3120 predicationem,

275 3141 478 3219 aquilonem.
493 3145 557 3203 Per
576 3145 727 3205 austrum
749 3142 879 3219 tepidos
902 3142 1066 3219 designat,
1123 3140 1301 3203 aedificavit
1312 3139 1347 3202 in
1359 3156 1399 3201 ea
1412 3141 1542 3213 turrim,
1556 3140 1645 3202 idest
1656 3137 1870 3216 speculanprs

274 3254 335 3316 per
358 3239 548 3316 aquilonem
574 3239 713 3316 frigidos
737 3239 772 3300 in
798 3240 957 3317 peccatis,
985 3256 1068 3318 quos
1122 3237 1310 3310 dicationis,
1327 3238 1417 3309 utin
1439 3253 1480 3299 ea
1498 3239 1654 3301 custodes
1671 3232 1868 3298 essentviuee,

273 3352 390 3399 omnes
418 3336 592 3399 devorabit
619 3337 750 3413 gladius
771 3352 865 3399 meus
893 3339 1068 3402 irrevoca-
1122 3336 1156 3397 et
1167 3350 1241 3397 eam
1253 3336 1475 3410 custodirent;
1492 3336 1525 3398 et
1539 3338 1577 3398 ut
1591 3349 1719 3413 semper
1730 3330 1870 3393 habeamus

272 3431 362 3496 bilis.
1122 3447 1241 3495 recens
1255 3432 1370 3494 vinum
1386 3433 1569 3495 Dominioae
1589 3431 1760 3510 passionis,
1775 3422 1870 3488 ioditiu

315 3532 472 3610 Sequitur
488 3554 496 3594 ε
513 3533 553 3595 Et
580 3532 752 3596 conclude.
784 3533 878 3596 Unde
903 3532 1067 3595 Ezechie·
1123 3543 1163 3591 ea
1177 3530 1337 3598 torcular,
1353 3529 1440 3591 idest
1453 3545 1599 3592 crucem
1620 3531 1660 3592 Et
1672 3526 1821 3605 signanter
1833 3518 1871 3580 di·

273 3627 317 3690 lis
330 3628 374 3709 (7,
387 3627 441 3709 23)
458 3651 466 3690 2
483 3632 549 3691 Fac
564 3630 832 3706 conclusionem
849 3631 945 3708 quasi
958 3630 1066 3691 dicat:
1123 3627 1169 3689 cit
1187 3649 1194 3687 :
1210 3626 1308 3701 iodit3
1326 3643 1365 3689 eo
1381 3626 1468 3704 quod
1483 3627 1518 3688 in
1538 3626 1700 3691 torculari
1714 3622 1806 3685 crucis
1820 3616 1870 3678 ios·

275 3726 363 3788 Satis
374 3726 442 3800 diu,
457 3728 491 3789 et
497 3728 666 3805 sapienter
675 3728 770 3790 robis
779 3727 938 3805 proposui
948 3728 1068 3803 legem,
1123 3740 1196 3786 sum
1210 3725 1262 3786 est
1276 3740 1397 3801 corpus
1410 3724 1542 3786 Domini
1555 3723 1757 3790 vulneribus,
1768 3719 1796 3781 et
1806 3725 1871 3790 aped-

274 3822 308 3885 et
317 3823 513 3897 doctrinam,
524 3826 557 3886 et
568 3824 733 3903 assumpsi
746 3824 1067 3902 prevaricationem,
1123 3822 1281 3894 tionibus,
1309 3822 1429 3899 quibus
1456 3822 1562 3884 exivit
1586 3822 1671 3883 illud
1695 3820 1795 3880 vinum
1813 3824 1868 3889 pre·

276 3919 309 3982 et
322 3922 460 3997 peccata
473 3920 628 3995 intinita;
655 3938 746 3984 nunc
771 3938 851 3998 ergo
873 3921 1069 3984 concludam
1124 3920 1257 3981 tiosum.
1270 3919 1423 3992 Quiatot,
1435 3917 1726 3986 ettantaiecitibi,
1737 3917 1767 3977 et
1778 3907 1868 3974 tandiu.

276 4016 536 4079 damnationem.
556 4020 683 4090 Quarel
697 4019 782 4091 Quia
808 4019 917 4080 omnis
936 4018 1067 4091 civitas,
1123 4016 1157 4079 et
1169 4019 1237 4079 tam
1252 4017 1418 4093 patienter
1432 4017 1607 4093 expectavi
1621 4018 1658 4078 ut
1677 4016 1792 4076 iaceres
1804 4018 1869 4069 uvas,

275 4115 310 4176 et
319 4115 426 4177 omnis
440 4117 542 4187 terra,
555 4115 641 4177 idest
654 4116 761 4177 omnis
776 4115 951 4178 collocatio
966 4116 1071 4177 homi·
1124 4116 1157 4177 et
1177 4113 1286 4175 iecisti
1300 4113 1473 4176 labruscas
1488 4136 1495 4175 ε
1519 4112 1595 4176 ideo
1611 4111 1767 4175 concludo
1780 4104 1827 4168 tihi
1837 4098 1872 4159 di-

275 4227 355 4273 uum
384 4212 472 4274 intra
500 4212 681 4288 civitatem,
722 4214 756 4273 et
789 4216 885 4275 extra
924 4213 1069 4290 undique
1124 4226 1202 4272 cens
1227 4210 1304 4291 (2):
1331 4210 1491 4273 Auferam
1514 4226 1536 4272 a
1561 4212 1596 4273 te
1622 4225 1731 4288 sepem
1752 4196 1871 4266 emtodiae

274 4310 421 4372 abundat
437 4309 625 4389 (l)judicio
651 4310 864 4386 sanguinum,
889 4310 978 4372 idest
1000 4310 1068 4370 im-
1122 4307 1335 4385 Angelorum,
1361 4308 1493 4370 diruam
1514 4308 1696 4370 maceriam
1720 4308 1873 4366 memmei·

274 4406 438 4468 munditia
453 4409 593 4485 peccati.
620 4407 763 4484 Ideoque
789 4407 961 4484 subjungit
981 4406 1068 4468 idem
1121 4406 1244 4478 torum,
1260 4406 1294 4466 et
1311 4406 1482 4478 virtutum,
1504 4421 1572 4467 non
1592 4398 1872 4482 putabinr'oornr

276 4503 430 4564 Ezechiel
446 4502 491 4583 (8,
518 4504 569 4583 18)
596 4526 603 4565 ε
630 4504 764 4566 Faciam
788 4503 1036 4566 conclusionem
1058 4525 1066 4564 ε
1122 4502 1225 4573 tione,
1242 4517 1310 4563 non
1326 4501 1471 4564 fodietur
1484 4502 1734 4580 praedicatione,
1749 4497 1779 4559 et
1793 4486 1874 4571 pluvia

275 4601 360 4661 Ecce
372 4615 438 4661 non
451 4603 565 4676 parcet
577 4601 694 4663 oculus
713 4615 819 4674 meus,
844 4617 952 4679 neque
967 4600 1069 4662 mise·
1122 4599 1240 4675 gratiae
1254 4598 1463 4661 amovebitur
1477 4598 1519 4660 ab
1535 4615 1586 4661 ea.

273 4696 384 4759 rebor.
421 4699 505 4759 Ecce
532 4697 681 4774 quandiu
713 4700 764 4761 est
787 4700 969 4760 conclusio.
999 4700 1065 4771 Est,
1163 4698 1264 4758 Iterum
1280 4696 1449 4773 Siquidem
1461 4711 1522 4773 per
1533 4696 1695 4758 frameam
1706 4684 1875 4768 significatur

273 4795 361 4857 Deus
398 4808 465 4856 non
498 4794 721 4858 miserebitur.
758 4798 829 4857 lloc
859 4796 947 4857 idem
986 4795 1068 4858 dicit
1123 4793 1285 4864 Christus,
1308 4794 1365 4870 qui
1384 4797 1435 4856 θεῖ
1454 4794 1489 4854 in
1509 4794 1645 4870 vagina,
1662 4793 1736 4853 dum
1754 4780 1874 4848 divinitas

274 4893 380 4954 Isaiae
394 4891 459 4972 (26,
474 4892 551 4972 21):
576 4895 691 4955 «Ecce
705 4893 897 4971 egredietur
908 4894 1068 4955 Dominus
1123 4891 1381 4953 inhumanitate
1405 4891 1502 4966 latet,
1528 4892 1585 4969 qui
1608 4891 1708 4953 etiam
1726 4878 1877 4948 effundetur

274 4990 526 5053 dolorosae.»
553 4990 722 5068 Siquidem
747 4991 879 5053 Domini
903 4991 997 5053 locus
1018 4994 1069 5053 est
1122 4988 1157 5048 in
1176 4988 1306 5064 judicio
1330 4987 1483 5049 omnihus
1505 5003 1682 5065 apparens,
1707 4986 1739 5046 et
1754 4978 1876 5059 judicans

273 5089 525 5160 misericordiae,
542 5092 575 5150 θῖ
587 5088 824 5163 miserationis,
846 5103 942 5166 quem
965 5104 1067 5164 egre·
1122 5101 1238 5146 omnes
1251 5085 1335 5146 lines
1347 5086 1462 5161 terrae;
1479 5085 1566 5146 unde
1577 5086 1612 5146 in
1624 5082 1761 5146 Psalmis
1772 5078 1810 5156 (l,
1822 5068 1875 5146 13)ζ

275 5185 366 5247 ditur
380 5188 468 5249 Deus
480 5187 514 5246 in
526 5185 666 5265 judicio,
682 5186 770 5247 sicut
787 5186 872 5247 bene
895 5185 1069 5262 apparebit
1122 5182 1275 5243 Gladium
1295 5198 1392 5243 suum
1407 5182 1566 5259 vibrabit3
1583 5181 1642 5243 sed
1657 5181 1722 5243 alia
1736 5166 1874 5255 ῖθθθψῑίθ

275 5272 453 5343 damnatis.
469 5284 541 5342 Hoc
566 5284 617 5341 est
641 5282 728 5358 quod
755 5297 856 5359 supra
875 5279 961 5344 dixit
985 5282 1068 5343 Eze-
1121 5279 1231 5352 babet,
1249 5278 1494 5356 splendificabit
1509 5278 1556 5360 (3)
1572 5296 1579 5340 :
1597 5277 1762 5357 Siquidem
1776 5264 1876 5348 gladius

274 5377 362 5439 chiel
379 5398 386 5437 :
403 5379 478 5439 Non
491 5376 686 5439 miserebor.
1120 5376 1271 5439 vibratus
1283 5377 1434 5439 umbram
1445 5377 1624 5439 tremulam
1637 5375 1745 5445 habet,
1758 5367 1875 5432 aiacem

311 5506 337 5577 (l
368 5508 454 5580 Vulg.
487 5509 616 5565 leuaest.
1156 5506 1199 5580 (3)
1222 5508 1336 5578 splenii
1408 5509 1440 5565 c,
1466 5509 1494 5566 s,
1519 5507 1699 5581 Augustinus
1721 5494 1875 5582 Duqrrw

311 5508 353 5651 (²3
374 5580 442 5646 lito
455 5523 486 5648 ἓξ
498 5578 516 5635 ὅ
529 5587 558 5637 et
569 5579 595 5637 6·
1104 5578 1148 5665 ¹iu
1159 5579 1304 5637 Psalmum
1341 5582 1377 5650 ll,
1389 5594 1418 5637 n.
1433 5578 1475 5651 l3,
1487 5577 1646 5639 bechehet
1659 5596 1666 5636 :
1680 5600 1691 5628 ι
1704 5573 1873 5636 [animemur
