3950 6200
107 382 185 447 1129
488 387 597 449 PARS
624 388 770 450 PRIMA.
785 418 826 437 -··
844 386 1064 449 EXPOSITIO
1093 385 1140 445 IN
1167 384 1370 446 Psanites.
1673 384 1752 445 1130

105 542 298 621 voluptatis.
324 546 369 607 In
389 548 548 618 meridie,
567 546 696 609 scilicet
709 547 831 625 spiritu
850 548 906 608 in·
957 546 1164 607 scrutantur
1182 544 1381 606 testimonio
1401 544 1462 605 Dei
1483 565 1491 604 ι
1516 542 1572 605 hic
1595 541 1750 616 ostendit,

103 641 301 718 telligeutiaa
322 642 534 706 illuminante
558 644 687 706 iuream
707 645 847 716 erroris,
872 647 905 706 et
927 646 928 649 ’
958 641 1122 720 quomodo
1133 641 1317 711 sunthaati‚
1330 642 1388 719 qui
1399 642 1584 715 inveniunt,
1594 641 1682 702 unde
1694 641 1754 702 de·

104 738 361 817 desperationis,
378 741 408 802 si
422 741 459 801 in
471 740 524 802 his
535 742 656 803 tinibus
672 743 794 804 Christi
807 759 905 804 man·
958 739 1140 811 lactantum
1157 738 1246 801 trude
1260 738 1518 801 Prorerhiorum
1534 740 1579 815 (2,
1598 743 1618 800 4
1639 739 1680 799 ad
1695 737 1750 817 tir

101 837 261 909 samnius,
288 837 527 912 humilitatem,
555 843 589 901 et
614 841 803 917 passionem
831 844 903 917 ejus
957 838 1027 898 «Si
1043 837 1218 913 quaesieris
1233 838 1432 915 sapientiam
1451 838 1547 914 quasi
1563 838 1749 914 pecuniam,

105 934 280 996 imitando.
303 935 390 1000 Dicit
408 952 487 1013 ergo
499 953 508 997 :
519 939 622 1000 Beati
639 940 853 1000 immaculati
866 941 903 999 to
957 935 992 997 at
1005 934 1092 995 sicui
1105 933 1281 996 thesauros
1295 934 1453 996 effoderis
1467 935 1560 996 illam
1575 956 1582 995 :
1600 936 1679 996 tunc
1693 934 1751 995 in-

104 1035 175 1104 ota,
189 1035 249 1107 qut
261 1034 439 1095 amomum
452 1037 569 1112 inicos
578 1038 726 1096 Domini.
744 1036 829 1097 Nam
845 1038 904 1109 qut
957 1031 1089 1107 teiiiges
1108 1032 1262 1093 timorem
1278 1032 1421 1106 Domini,
1441 1034 1474 1094 et
1493 1032 1668 1094 scientiam
1691 1032 1751 1094 Dei

103 1131 299 1204 operantur
322 1130 552 1207 iniquitatem,
580 1147 646 1193 non
672 1132 844 1194 ambulant
868 1132 903 1193 in
957 1129 1124 1204 invenies3
1148 1127 1227 1205 quia
1247 1130 1406 1191 Dominus
1429 1131 1487 1192 dat
1507 1130 1752 1207 sapientiam.»

104 1226 171 1289 viis
189 1227 328 1299 Christi,
352 1227 410 1289 sed
432 1229 559 1305 caruis3
580 1230 622 1291 de
648 1230 767 1307 quihus
789 1229 824 1290 in
843 1246 901 1290 se·
958 1227 994 1288 Si
1015 1226 1191 1304 quaesieris
1215 1226 1414 1303 sapientiam
1439 1229 1535 1305 quasi
1562 1229 1749 1304 pecuniam,

102 1323 215 1385 cunda
231 1326 393 1389 monica
408 1326 498 1387 Petri
521 1324 571 1406 (2,
586 1327 606 1388 9
621 1329 654 1389 et
673 1326 726 1405 io)
745 1349 753 1388 :
771 1327 904 1388 «Novit
956 1324 1044 1385 idest
1069 1326 1136 1385 tam
1160 1324 1269 1399 avide,
1291 1325 1379 1386 sicut
1404 1327 1543 1401 pecunia
1566 1325 1753 1404 acquiritur

103 1420 267 1484 Dominus
277 1422 354 1499 pios
366 1422 408 1483 de
418 1424 603 1485 tentatione
611 1425 754 1501 eripere,
770 1424 902 1501 iniquos
957 1437 1032 1482 cum
1059 1436 1184 1494 amore,
1207 1423 1242 1483 et
1266 1422 1354 1483 sicut
1376 1422 1553 1484 thesauros
1582 1422 1750 1495 effoderis,

103 1533 187 1581 vero
202 1517 237 1579 in
252 1517 307 1580 die
316 1519 437 1596 judicii
457 1520 655 1583 cruciandos
673 1536 900 1583 reservares:
956 1518 1045 1581 idest
1058 1534 1134 1580 cum
1151 1519 1295 1596 quadam
1311 1519 1476 1583 effusione
1497 1520 1634 1592 laboris,
1651 1522 1685 1583 ei
1697 1522 1753 1581 in·

103 1615 213 1692 magis
235 1619 347 1679 autem
366 1617 554 1681 reservabit
569 1634 637 1692 eos,
654 1619 710 1696 qui
733 1621 807 1696 post
826 1634 904 1680 car·
954 1617 1178 1694 vestigatione
1193 1617 1297 1678 animi
1316 1616 1516 1694 diiigenter:
1532 1619 1582 1680 sic
1599 1618 1751 1680 invenias

104 1727 182 1775 nem
201 1712 238 1774 in
252 1714 522 1792 concupiscentia
542 1715 760 1780 immunditiae
785 1716 902 1778 amhn·
954 1730 1031 1776 eam
1044 1715 1079 1776 in
1092 1714 1147 1776 via
1158 1714 1426 1777 testimoniorum
1439 1715 1582 1778 Domini.
1598 1717 1659 1777 Vel
1674 1715 1724 1777 sic
1742 1737 1750 1777 z

101 1808 188 1879 iant,
205 1809 292 1873 idest
312 1812 369 1889 qui
390 1828 483 1874 more
508 1812 679 1876 brutorum
705 1814 902 1876 animalium
957 1810 1129 1889 Sapientia
1143 1812 1217 1873 sine
1231 1812 1500 1874 consideratione
1514 1812 1639 1874 laboris
1654 1829 1750 1888 quae-

101 1906 373 1984 luxuriavarunt
398 1909 723 1989 dominationemque
751 1913 900 1974 contem·
955 1909 1053 1970 ritur.
1069 1909 1263 1975 Thesaurus
1278 1925 1352 1971 cum
1371 1911 1544 1987 quaeritur,
1560 1911 1653 1971 terra
1667 1910 1752 1971 elio·

101 2002 828 2089 nunt.hitincatholicaludae(1,1iet12):‹
842 2012 902 2071 Vae
956 2006 1058 2080 ditur,
1081 2008 1115 2068 et
1137 2007 1318 2083 rejicitur:
1343 2008 1393 2069 sic
1415 2009 1450 2069 et
1468 2007 1634 2086 sapientia
1654 2007 1753 2071 dehet

99 2101 184 2175 iilis,
200 2104 307 2181 quiin
318 2105 374 2166 via
385 2107 467 2167 cain
482 2105 647 2179 abierunt,
665 2108 698 2170 et
709 2122 824 2169 errore
836 2110 903 2169 Ba·
956 2105 1074 2182 quaeri,
1086 2104 1201 2165 utnon
1215 2103 1426 2166 considerato
1440 2104 1554 2167 labora
1566 2104 1749 2183 querendi,

100 2200 192 2263 laem
213 2203 367 2265 mercede
385 2203 484 2265 effusi
499 2206 586 2277 sunt,
606 2206 639 2267 et
656 2206 692 2266 in
707 2205 900 2267 contradic·
955 2202 1059 2276 terra,
1081 2202 1169 2263 idest
1190 2217 1286 2263 amor
1307 2202 1541 2280 temporalium
1565 2202 1750 2281 rejiciatur,

98 2297 196 2360 tione
209 2299 294 2359 Cora
310 2298 481 2375 perierunt
496 2301 558 2361 :ili
573 2302 650 2380 suni
663 2301 699 2362 in
709 2301 818 2377 epulis
830 2302 901 2361 suis
954 2300 989 2361 et
1007 2298 1095 2362 iacta
1111 2298 1201 2362 fossa
1224 2299 1434 2371 humilitatis,
1457 2300 1589 2361 Domini
1609 2300 1751 2375 scientia

98 2394 257 2468 maculae,
290 2396 509 2459 convivantes
524 2399 597 2460 sine
624 2397 756 2471 timore,
772 2400 899 2460 semet-
955 2397 1137 2469 invenitur,
1154 2413 1228 2475 quaa
1245 2398 1398 2460 consistit
1414 2398 1449 2460 in
1463 2399 1519 2459 ria
1537 2398 1750 2461 testimonio-

100 2491 194 2570 ipaos
218 2495 404 2569 pascentes,
431 2494 536 2557 nubes
560 2496 635 2559 sine
659 2510 760 2573 aqua,
787 2510 901 2574 quasa
954 2509 1030 2556 rum
1045 2494 1189 2567 Domini,
1209 2494 1244 2555 in
1260 2511 1325 2572 qua
1339 2496 1395 2557 ria
1418 2495 1634 2566 delectamur,
1654 2496 1751 2559 scili·

97 2590 899 2668 ventiscircumleruniur3»eienimhitalesnon
954 2593 1010 2653 cet
1029 2591 1065 2653 iu
1088 2593 1283 2666 Nativitate,
1310 2592 1344 2654 in
1373 2592 1548 2666 Passieno,
1573 2595 1607 2656 oi
1630 2592 1751 2672 huius·

98 2688 277 2754 ambulant
302 2690 339 2751 in
365 2689 438 2767 lege
464 2691 607 2764 Domini,
638 2692 799 2770 quianon
822 2693 901 2754 sunt
954 2688 1057 2751 modi.

97 2786 321 2849 immaculati.
995 2794 1162 2857 Habemus
1178 2795 1279 2871 enim,
1294 2795 1329 2856 in
1344 2797 1671 2874 quedelectemurin
1686 2799 1753 2859 Na·
1851 2830 1861 2855 s

142 2884 324 2961 Sequitur:
342 2887 453 2957 Beati,
465 2889 525 2961 qut
534 2887 741 2950 emulantur
750 2887 900 2949 testimo-
953 2893 1096 2968 tiritate,
1119 2894 1251 2955 scilicet
1272 2893 1396 2955 foenum
1418 2896 1531 2956 carnis
1554 2885 1749 2970 Dominicae,

97 2984 162 3043 ata
173 2985 262 3054 mats.
279 2984 377 3044 Prius
392 2984 481 3045 enim
492 2984 647 3046 dixerat:
664 2986 765 3049 Beati
779 2988 900 3046 imma»
949 2989 995 3051 de
1014 3006 1079 3068 quo
1098 2990 1160 3053 Job
1177 2990 1221 3070 (6,
1235 2990 1272 3070 5)
1287 3008 1329 3052 :‹
1349 2992 1516 3070 Numquid
1533 2992 1659 3068 mugiet
1676 2992 1749 3068 hos,

97 3080 222 3152 estoit·
239 3080 375 3143 etnnac
398 3080 510 3145 subdit
530 3082 571 3144 de
593 3081 768 3146 doctrina:
785 3082 897 3155 Baeti,
953 3104 1029 3148 cum
1064 3088 1106 3150 ad
1128 3087 1176 3167 (1)
1212 3105 1362 3166 presepe
1396 3090 1530 3166 plenum
1565 3091 1751 3153 steteritis

96 3180 585 3251 quisorutueturtcsttmoniu
601 3184 687 3253 ejus.
707 3180 898 3244 Doctrinam
953 3185 1104 3247 christus
1119 3187 1209 3248 enim
1229 3186 1379 3263 implevit
1397 3203 1557 3263 praesepe,
1583 3188 1670 3250 idest
1686 3190 1750 3249 Ec-

97 3275 213 3336 autem
229 3274 527 3354 dehet—praecedere
543 3278 632 3352 rita3
649 3277 742 3354 prius
757 3277 900 3338 habetur
953 3282 1092 3345 ciesiam
1115 3286 1324 3350 sacramento
1339 3284 1499 3360 corporis,
1521 3286 1556 3346 et
1572 3284 1749 3361 sanguinis

97 3371 182 3445 rita,
196 3372 230 3435 et
244 3373 495 3450 postdoctrina.
512 3376 552 3437 nt
565 3373 606 3436 de
619 3373 688 3446 his,
709 3373 768 3452 qui
787 3376 899 3436 uaso·
951 3379 1018 3451 sui,
1044 3381 1141 3457 cuius
1165 3381 1298 3457 pascuis
1323 3380 1577 3443 delectaremur,
1601 3385 1639 3443 ln
1660 3385 1748 3443 Pas·

96 3469 198 3531 diunt
225 3471 318 3547 prius
348 3474 516 3534 mandatu
539 3472 615 3539 Dei,
637 3487 738 3549 quam
759 3471 899 3534 docmnt
953 3476 1176 3550 sionehahes,
1192 3478 1227 3538 in
1243 3493 1308 3554 quo
1321 3477 1536 3551 delectemur,
1553 3479 1751 3542 scilicetre·

96 3567 197 3639 alios,
211 3566 356 3630 hahetur
367 3569 400 3630 in
410 3570 644 3632 Ecclesiastico
657 3568 701 3648 (1,
715 3567 875 3648 331135)
888 3586 896 3626 t
951 3574 1145 3637 missionem
1161 3577 1371 3652 pcccatorum
1387 3592 1447 3654 per
1460 3579 1600 3639 mortem
1613 3577 1747 3639 Christi.

96 3666 207 3737 «Fili,
234 3667 473 3743 concupiscens
494 3667 707 3744 sapientiam,
736 3679 898 3728 conserva
953 3673 991 3733 ln
1007 3671 1266 3734 Resurrectione
1280 3672 1383 3734 hahes
1403 3676 1591 3751 utrumque,
1609 3673 1665 3736 uhi
1684 3674 1748 3736 de·

91 3762 273 3841 justitiam,
289 3766 324 3825 et
337 3766 426 3826 Deus
445 3764 606 3840 prebebit
623 3765 718 3826 iliam
737 3763 809 3826 tibi.
836 3766 899 3830 Sa·
952 3768 1126 3844 lactamur,
1154 3769 1232 3847 quie
1264 3770 1478 3833 desiccantur
1502 3787 1597 3834 sene
1631 3773 1749 3837 mortis

96 3861 228 3938 pientia
253 3861 355 3933 enim,
380 3864 414 3924 et
428 3861 604 3940 disciplina
620 3863 722 3925 timor
740 3862 895 3923 Domini:
952 3870 1027 3944 ejus
1041 3867 1300 3939 resurrectione,
1324 3883 1400 3929 cum
1418 3871 1488 3946 jam
1503 3885 1651 3947 specum
1672 3871 1747 3947 ipso

95 3960 133 4021 at
146 3957 235 4036 quod
247 3957 493 4036 heneplacitum
509 3961 560 4022 est
573 3959 635 4032 illl,
651 3960 743 4032 tides,
760 3962 793 4021 et
808 3974 899 4020 man·
952 3965 1257 4042 resurrexerimus3
1273 3965 1361 4027 unde
1376 3967 1459 4028 osee
1474 3965 1540 4046 (13,
1556 3967 1609 4046 15)
1622 3990 1630 4029 ε
1645 3985 1665 4027 a
1679 3968 1749 4029 Ad·

95 4057 241 4117 suetudo
255 4055 450 4133 adimplebit
469 4057 646 4119 thesauros
671 4057 804 4119 illius.»
819 4059 899 4119 Post
952 4061 1051 4123 ducet
1061 4062 1222 4126 Dominus
1234 4063 1275 4125 de
1288 4063 1421 4126 deserto
1434 4066 1570 4127 rentum
1583 4068 1746 4136 urentem,

95 4168 202 4231 opera
217 4152 305 4215 hona
326 4154 416 4216 lucet
435 4153 601 4221 doctrina:
615 4154 747 4216 undein
760 4155 897 4215 Daniele
951 4157 1249 4221 etsiccahitvenas
1262 4161 1390 4233 mortis,
1405 4165 1438 4223 et
1450 4161 1613 4224 desolabit
1625 4162 1748 4224 ionum

96 4248 165 4328 (12,
181 4249 216 4330 3)
232 4267 240 4311 :
254 4250 346 4322 «Qui
356 4252 468 4312 autem
481 4249 569 4312 docti
577 4249 713 4322 luerint,
726 4248 899 4326 fulgebunt
951 4257 1037 4332 ejus,
1049 4257 1083 4317 et
1097 4256 1170 4333 ipsa
1184 4256 1321 4333 diripiet
1328 4251 1526 4320 thesaurum
1538 4260 1647 4320 omnis
1656 4259 1748 4321 rasis

94 4347 196 4425 quasi
211 4348 370 4424 splendor
385 4347 583 4409 firmamenti
595 4361 603 4421 ;
617 4349 651 4409 et
663 4348 721 4425 qui
738 4347 789 4408 ad·
796 4339 897 4424 jusii-
951 4352 1195 4415 desiderabilis.
1209 4356 1275 4415 »ln
1285 4355 1490 4417 ascensione
1501 4354 1662 4418 hahemus
1672 4357 1749 4418 dac·

93 4444 181 4506 ham
188 4445 346 4508 erudiunt
357 4446 490 4517 multos,
501 4443 676 4521 fulgebunt
685 4444 780 4524 quasi
791 4444 896 4506 stellae
950 4450 1037 4527 tylos
1052 4450 1249 4527 palmarum,
1266 4450 1354 4513 idest
1367 4451 1620 4514 retributionem
1635 4454 1747 4516 ricto·

94 4542 133 4603 in
147 4544 327 4621 perpetuas
339 4543 555 4606 aeternitates.
572 4559 591 4604 a
950 4547 1023 4621 rias,
1039 4547 1168 4608 scilicet
1179 4548 1354 4625 premium
1366 4549 1445 4610 rite
1455 4551 1602 4613 eternae.
1617 4553 1654 4613 ln
1665 4555 1749 4615 Pen-

358 4678 497 4740 SERMO
522 4677 642 4740 CCXX·
949 4645 1076 4706 tecosta
1099 4644 1270 4721 pigmenta
1294 4646 1482 4722 suavitatis,
1507 4649 1637 4711 scilicet
1660 4650 1750 4711 dona

951 4740 1098 4819 Spiritus
1108 4742 1234 4817 Sancti,
1251 4742 1427 4821 dequibus
1440 4747 1666 4808 Doelesiastiri
1682 4747 1747 4825 (38,

949 4843 969 4901 t
992 4841 1026 4901 et
1048 4838 1082 4917 8)
1101 4860 1109 4900 ι
1134 4857 1153 4901 s
1178 4842 1428 4918 Unguentarius
1455 4842 1557 4904 iaciat
1580 4843 1748 4920 pigmenta

950 4935 1139 5009 suavitatis,
1155 4940 1189 5000 et
1208 4939 1384 5000 unctiones
1403 4939 1559 5001 mutuet
1578 4940 1746 5013 sanitatis,

950 5034 985 5095 et
1015 5048 1083 5095 non
1107 5034 1427 5097 consummabuntur
1445 5050 1546 5112 opera
1564 5039 1658 5113 ejus:
1681 5053 1749 5115 pax

93 4799 225 4872 Qualiter
242 4797 381 4858 minus
399 4798 534 4858 debctari
556 4799 585 4856 iu
602 4799 648 4855 via
669 4798 896 4856 testimoniorum

133 4887 320 4958 Domini3de
340 4887 483 4946 mercibus
501 4889 649 4956 Emissis,
669 4901 741 4958 quas
763 4887 896 4959 proponit

133 4976 248 5047 decim
264 4976 384 5048 qualiter
398 4975 614 5036 consideremus
629 4976 691 5033 vias
706 4975 830 5032 Domim.

92 5107 143 5167 1⁷²
161 5105 222 5165 via
243 5103 521 5166 &tumtum
545 5102 687 5166 *imum
709 5102 896 5172 demam
950 5130 1039 5194 enim
1055 5131 1114 5193 Dei
1130 5147 1231 5208 super
1249 5131 1369 5192 faciem
1383 5134 1493 5193 terras
1511 5149 1529 5193 »
1550 5135 1747 5209 Unguenta·

135 5215 228 5274 ium,
243 5201 332 5266 siout
346 5202 384 5266 tu
398 5202 555 5266 mundus
569 5199 712 5262 divim&
728 5202 772 5260 1²³
790 5214 894 5262 man·
949 5230 1020 5290 rius
1042 5229 1132 5290 enim
1154 5230 1268 5290 noster
1291 5228 1398 5289 Filius
1421 5229 1481 5291 Dei
1503 5231 1564 5302 est,
1590 5232 1647 5309 qui
1669 5231 1749 5296 iecit

136 5298 311 5359 dattstuis
324 5299 523 5370 eoeetoel'Ors
537 5296 572 5357 el
583 5299 805 5358 ⁰⁰⁷²³²d⁶⁹⁰ab⁰
819 5299 895 5357 ”²0³
949 5327 1119 5403 pigmenta
1131 5326 1166 5387 in
1182 5326 1377 5398 Nativitate,
1397 5326 1539 5390 coniecit
1551 5343 1591 5389 ea
1609 5329 1644 5389 in
1660 5332 1747 5391 Pas-

137 5395 229 5460 W·
246 5391 350 5472 (ΡΜ
369 5395 440 5464 118»
458 5395 495 5454 ¹4
508 5395 544 5457 ‘³‘
558 5391 624 5472 15·)
949 5424 1054 5492 sione,
1070 5422 1217 5485 ostendit
1230 5438 1270 5483 aa
1287 5425 1322 5484 in
1343 5426 1614 5498 Resurrectione,
1631 5428 1665 5489 et
1678 5431 1746 5489 As·

138 5521 177 5582 ln
200 5515 404 5596 praecedenti
429 5515 583 5591 ostendit,
611 5516 690 5594 quia
721 5516 810 5579 bauti
835 5518 895 5591 qut
949 5521 1745 5593 censionemPentecostededitdonasuavitatis.

136 5687 178 5758 (1)
194 5687 296 5759 vulp:
313 5693 390 5744 ante.
