3950 6200
114 272 162 335 iot
658 217 982 331 Psocheoidhrih
1004 266 1174 327 -viha
1681 264 1738 324 162

111 431 179 492 bunt
195 428 423 490 incolumitate
438 427 634 506 Jncnndu'm.
657 427 706 488 nd
720 426 890 504 quosille,
946 424 1050 488 fluvio
1073 427 1308 502 lacrymarum.
1325 424 1447 485 Mirum
1462 424 1565 485 certet
1583 422 1743 485 incredu-

113 526 272 607 qnifactus
285 524 402 587 fuerat
416 540 517 586 sanus
533 547 540 585 ε
557 523 669 586 Nolite
687 523 818 595 timere,
838 524 894 584 in·-
946 523 1040 585 litate
1062 524 1209 600 projecta
1237 522 1445 584 sanationem
1468 522 1587 582 mentis
1611 521 1742 582 sanatio

113 625 180 703 quit,
197 624 300 685 nolite
323 623 461 684 credere
484 622 596 689 inane,
622 621 707 698 quod
742 621 891 693 cernitis,
947 621 1099 697 sequitur
1122 620 1316 697 corporalis.
1341 621 1455 680 Omnis
1475 619 1618 695 quiescit
1635 617 1742 690 dolor,

111 722 176 800 quia
187 722 219 781 S.
233 720 436 782 Franciscns
449 719 544 781 mode
559 736 580 780 a
593 719 667 780 lece
688 718 838 790 recessit,
861 720 895 779 et
947 718 1097 794 frigescit
1120 718 1232 785 ardor,
1250 717 1379 778 nullum
1401 721 1553 778 remanet
1566 716 1744 793 vestigium

112 819 228 880 illarum
241 834 418 878 sacrarum
440 833 597 878 manuum
620 818 721 888 tactu,
737 832 789 877 me
804 817 894 877 inte-
948 830 1159 892 percussurae
1176 836 1184 874 0
1201 817 1316 892 sicque
1341 814 1464 876 facturn
1489 816 1550 886 est,
1577 816 1614 875 ut
1636 814 1745 875 latens

111 932 159 993 gre
181 915 220 976 ab
246 915 339 975 omni
369 915 465 991 plaga
497 915 637 976 curavit.
675 914 893 975 crebescente
949 912 1070 974 mentis
1094 912 1282 983 infirmitas,
1299 914 1489 989 perpatens
1508 912 1746 974 carniscaute-

110 1013 224 1075 tandem
236 1012 341 1089 thus
356 1012 445 1073 fama
465 1012 631 1084 miraculi,
647 1012 815 1073 accelerat
834 1026 895 1087 po·
948 1009 1047 1081 rium,
1065 1025 1209 1086 superna
1225 1010 1418 1086 providente
1435 1010 1622 1080 clementia,
1639 1024 1743 1070 cura-

109 1110 193 1187 pnlus
206 1110 329 1181 omnis,
347 1113 383 1172 et
396 1110 547 1171 videntes
559 1110 595 1170 in
609 1112 678 1171 tam
693 1110 809 1186 aperto
822 1122 895 1185 pre·
948 1109 1053 1178 retur,
1070 1110 1244 1184 menteque
1257 1109 1376 1168 sanata
1390 1108 1508 1183 etipsa
1526 1122 1604 1168 care
1620 1108 1746 1183 pariter

111 1207 208 1282 digio,
237 1207 434 1282 stigmatum
459 1209 497 1267 B.
525 1207 697 1269 Francisci
725 1207 892 1277 virtutem,

109 1304 317 1367 admiratione
340 1303 496 1365 simulet
518 1304 642 1380 gaudio
668 1302 892 1380 replebantur,

110 1402 280 1478 Christique
296 1401 499 1478 signiferum
512 1401 644 1478 magnis
658 1401 794 1462 laudum
814 1416 896 1477 prae·

111 1499 203 1561 coniis
231 1498 461 1560 extollebant⁴
485 1499 591 1574 Digne
620 1498 751 1576 quidem
777 1497 895 1559 beatus

112 1599 201 1673 pater,
225 1612 330 1657 carne
349 1599 422 1673 jam
446 1598 609 1669 mortuus,
633 1597 667 1657 et
685 1596 800 1657 vivens
821 1611 895 1656 cum

112 1694 236 1766 uasto,
251 1695 449 1770 praesenhae
463 1709 533 1754 suae
544 1695 735 1759 ostensione
750 1693 895 1754 mirabili

114 1794 298 1853 etmanuum
311 1807 488 1853 sacrarum
504 1791 694 1868 palpatione
709 1790 815 1862 suavi,
827 1790 897 1851 vul·

44 1912 45 1969 3
113 1892 211 1951 aerato
228 1889 407 1951 lethaliter
425 1889 498 1950 viro
518 1888 695 1949 sanitatem
719 1888 893 1957 concessit,

44 1988 45 1997 ’
114 2002 173 2046 rum
187 1987 277 2047 illius
293 1987 400 2048 etiam
420 1987 455 2046 in
474 2002 511 2046 se
523 1987 679 2062 stigmata
696 1984 823 2055 tulerit,
839 1985 896 2061 qui

44 2124 45 2127 κ
115 2083 369 2146 misericorditer
387 2084 545 2155 moriens,
562 2085 596 2144 et
609 2081 807 2143 mirabiliter
821 2096 898 2142 snr-

115 2196 190 2256 gens,
198 2181 416 2242 vulneratum
431 2196 538 2256 genus
553 2180 734 2240 humanum
750 2180 783 2240 et
795 2180 897 2239 semi·

114 2278 208 2341 vivum
229 2278 392 2341 relietum
417 2278 592 2355 plagarum
618 2292 753 2337 suarum
774 2277 896 2339 virtute

115 2377 234 2438 0000111.

129 2469 898 2550 101Ρο10011οω1ουὶὶεο0101101οω,0001001-

115 2569 174 2629 dam
187 2570 331 2632 clericus
351 2572 502 2646 Rogerus
523 2571 668 2641 nemine,
684 2569 737 2629 vir
751 2568 897 2629 honora-

115 2664 186 2740 bilis,
205 2668 237 2729 et
260 2668 421 2729 ecclesiae
447 2666 586 2743 majoris
612 2666 805 2728 canonicus.
835 2665 896 2726 Hie

115 2778 173 2823 cnm
193 2764 394 2826 infirmitate
409 2766 599 2841 quassatus,
614 2763 668 2825 die
684 2762 825 2841 quadam
841 2778 898 2823 ec-

113 2858 228 2922 clesiam
262 2865 429 2923 oraturus
449 2862 622 2934 intrasset,
649 2861 685 2921 in
711 2876 777 2939 qua
805 2861 897 2922 erat-

114 2956 203 3034 imago
222 2961 258 3021 Β.
271 2958 454 3020 Francisci
479 2958 619 3035 depicta,
651 2958 897 3034 gloriosastig-

44 3072 46 3144 3
113 3054 185 3116 mata
200 3057 466 3133 repraesentans,
489 3054 593 3132 coepit
614 3053 655 3116 de
675 3054 768 3116 illius
790 3053 897 3115 subii·
954 3104 956 3109 .

44 3147 46 3178 l
113 3149 208 3211 nitate
220 3150 395 3219 miraculi,
411 3150 571 3226 tanquam
583 3148 623 3211 de
638 3165 675 3210 re
691 3150 826 3211 omnine
847 3149 898 3210 in·

44 3239 46 3288 ³
114 3246 207 3317 001110,
219 3248 251 3308 01
261 3245 471 3324 impossibili
485 3246 649 3308 dubitare.

44 3327 46 3416 f
145 3343 249 3406 Subito
263 3345 386 3420 igitur,
402 3343 480 3405 dum
496 3347 604 3406 mente
628 3344 781 3421 plagatus
803 3344 895 3406 inte-

44 3451 45 3518 }
113 3437 172 3500 rins
201 3443 370 3518 cogitaret
397 3443 522 3514 inania,
546 3442 581 3503 in
609 3442 720 3519 palma
750 3442 896 3503 sinistre

44 3565 45 3568 ¹
114 3550 213 3598 nanus
240 3538 307 3601 sub
333 3538 536 3612 chirotheca,
557 3540 705 3615 graviter
731 3555 766 3600 se
793 3540 897 3601 sensit

44 3637 46 3708 ᾗ
114 3646 174 3694 esse
185 3651 395 3712 percussum,
424 3637 570 3698 sonitum
595 3636 735 3698 audiens
760 3652 896 3714 percus-

44 3747 45 3782 r
114 3734 298 3804 arenant
310 3750 386 3794 cum
395 3733 560 3810 spiculum
570 3733 751 3811 prosilitde
760 3732 893 3807 balista;

115 3841 236 3906 noxque
250 3833 324 3893 tam
336 3830 476 3891 vulnere
485 3831 773 3908 sauciatus,quam
784 3831 896 3893 sonitu

44 3999 46 4006 Ι
115 3924 312 4001 stupefactus,
322 3927 549 3989 chirothecam
561 3927 711 3988 demand
726 3927 842 3996 traxit,
860 3931 896 3990 ut

114 4019 175 4082 risu
188 4023 411 4100 dignosceret,
436 4024 523 4100 quod
537 4027 628 4086 tactu
643 4025 848 4101 perceperat,
863 4026 896 4087 et

116 4118 222 4181 auditu.
232 4124 383 4197 Crrmque
397 4121 489 4181 nulia
501 4120 617 4184 fuisset
629 4121 721 4197 prins
733 4121 770 4182 in
784 4121 894 4198 palma

116 4219 282 4289 percussio,
297 4218 475 4294 conspexit
499 4217 535 4278 in
554 4217 662 4279 medio
684 4234 802 4279 manns
816 4219 893 4295 pla·

117 4323 186 4383 1111,
198 4315 295 4391 quasi
308 4314 441 4390 sagitta
452 4315 668 4392 percussione
679 4315 840 4378 inflictam
852 4332 894 4376 ex

117 4421 169 4480 qua
183 4411 275 4474 tanta
288 4411 348 4476 ¹vis
370 4411 571 4487 procedebat
585 4412 727 4483 ardoris,
745 4413 781 4473 ut
794 4413 892 4474 vide-

949 1206 1136 1267 sanaretur.
1160 1205 1213 1266 Fit
1232 1205 1330 1265 bomo
1352 1205 1488 1265 humilis
1513 1207 1580 1265 Deo
1595 1205 1743 1277 devotus,

950 1305 1065 1363 sancto
1080 1303 1113 1363 et
1128 1301 1268 1364 fratrum
1283 1302 1399 1362 Ordini
1414 1305 1573 1379 perpetua
1593 1302 1744 1363 familia·

949 1400 1048 1461 ritate
1063 1399 1244 1476 subjectus.
1255 1402 1362 1477 Hujus
1374 1400 1424 1460 rei
1439 1400 1507 1461 tam
1519 1399 1666 1460 solemne
1682 1400 1747 1460 mi-

949 1496 1112 1565 raculum,
1120 1496 1505 1574 juramentisflrrnatum
1520 1496 1745 1568 1011011110-
1773 1518 1777 1527 ·

949 1594 997 1654 ris
1030 1595 1133 1670 sigilli
1171 1594 1319 1671 episcopi
1354 1594 1538 1655 munimine
1566 1593 1743 1667 roboratis,

950 1692 1057 1768 ipsius
1081 1692 1123 1752 ad
1151 1708 1212 1752 nos
1235 1692 1352 1754 notitia
1378 1693 1487 1754 delata
1512 1692 1673 1768 pervenit.
1699 1695 1746 1754 De

949 1789 1056 1849 000010
1077 1804 1158 1864 ergo
1187 1789 1409 1865 stigmatibus,
1436 1789 1550 1851 nullus
1574 1790 1618 1851 sit
1639 1789 1747 1851 ambi·

950 1886 1068 1961 guitati
1082 1886 1192 1960 locus;
1210 1887 1336 1947 nuliius
1347 1888 1382 1948 in
1395 1887 1469 1958 hoc,
1487 1889 1565 1964 quia
1580 1887 1746 1949 1100010-

950 1998 1014 2044 nus
1029 1985 1090 2054 eet,
1118 2000 1261 2061 nequam
1286 1986 1330 2046 sit
1355 1986 1482 2057 oculus,
1509 1986 1604 2061 quasi
1627 1985 1747 2061 hujus·

951 2080 1041 2141 modi
1053 2080 1132 2141 doni
1145 2081 1279 2158 largitio
1292 2083 1502 2159 sempiternae
1521 2083 1661 2145 bonitati
1679 2098 1746 2144 non
1859 2074 1865 2089 ’

949 2180 1123 2253 congruat
1154 2178 1190 2239 Si
1218 2180 1307 2240 enim
1335 2180 1395 2241 illo
1423 2196 1537 2241 amore
1570 2180 1745 2256 seraphico

950 2276 1056 2336 multa
1082 2276 1230 2337 membra
1256 2278 1358 2353 capiti
1380 2277 1586 2339 cohaererent
1600 2278 1744 2349 Christo,

952 2374 1033 2433 utet
1046 2373 1081 2433 in
1095 2372 1184 2434 bello
1198 2374 1300 2434 simili
1325 2377 1494 2436 armatura
1515 2374 1747 2435 invenirentur

948 2469 1126 2545 condigna,
1156 2472 1190 2533 et
1217 2472 1253 2533 in
1279 2487 1384 2547 regno
1408 2471 1450 2533 ad
1478 2471 1619 2532 similem
1637 2471 1747 2534 forent

951 2567 1093 2643 gloriam
1106 2568 1333 2641 subvehenda,
1350 2569 1462 2630 nullus
1477 2569 1541 2629 hec
1554 2582 1646 2630 sanae
1657 2584 1747 2629 men·

950 2665 1006 2737 tis,
1022 2664 1089 2727 nisi
1103 2666 1146 2728 ad
1169 2666 1293 2728 Christi
1317 2666 1472 2744 gloriam,
1496 2666 1622 2729 diceret
1642 2666 1747 2744 perti-

950 2776 1043 2823 nere.

1124 3032 1174 3092 De
1188 3031 1337 3093 mortuis
1350 3034 1538 3096 0000110110.
1565 3058 1568 3063 ·

954 3249 963 3258 “
991 3253 1028 3312 ln
1043 3253 1286 3314 castromartis
1301 3254 1432 3314 Marani
1444 3269 1546 3330 prope
1559 3258 1743 3317 >Beneven-

949 3350 1030 3419 tum,
1040 3349 1160 3411 mulier
1169 3350 1321 3427 quaedam
1335 3352 1366 3411 S.
1381 3353 1560 3412 Francisco
1580 3352 1743 3428 peculiari

950 3446 1126 3507 devotione
1145 3447 1327 3518 cohaerens,
1347 3449 1433 3508 viam
1449 3449 1614 3511 universae
1629 3452 1741 3512 earnis

950 3543 1635 3610 10100011000100100111000010000100ἰοίοι
1647 3551 1744 3609 nocte

950 3639 992 3701 ad
1003 3641 1162 3717 exequias
1172 3642 1205 3701 et
1215 3640 1347 3716 vigilias
1358 3656 1432 3702 cum
1443 3642 1610 3718 psalteriis
1622 3645 1746 3707 decan-

949 3736 1079 3808 tandas,
1108 3735 1216 3798 subito
1243 3737 1372 3798 cunctis
1399 3739 1612 3801 cernentibus
1637 3741 1745 3804 erexit

950 3849 986 3895 se
1008 3834 1129 3894 mulier
1143 3848 1243 3910 super
1257 3833 1390 3907 lectum,
1405 3836 1438 3897 et
1459 3852 1559 3897 unum
1575 3838 1746 3900 1000100-

951 3930 1039 3992 tibus
1054 3930 1272 4002 sacerdotem,
1283 3932 1451 4007 patrinum
1464 3934 1619 3997 videlicet
1633 3953 1742 4008 suum,

950 4027 1135 4100 advocavit,
1163 4028 1278 4089 dicens
1299 4030 1406 4090 :Volo
1433 4031 1601 4104 confiteri,
1637 4038 1742 4110 pater.

949 4127 1018 4202 Ego
1042 4125 1131 4186 enim
1146 4128 1288 4198 mortua,
1303 4125 1386 4187 duro
1396 4143 1487 4188 eram
1508 4130 1636 4190 carceri
1649 4147 1745 4191 man·

949 4223 1102 4300 cipanda,
1119 4223 1276 4300 quoniam
1290 4226 1472 4298 peccatum,
1488 4226 1574 4302 quod
1584 4226 1645 4287 tibi
1660 4244 1745 4304 pan-

948 4320 1035 4391 dam,
1052 4320 1192 4381 necdum
1212 4319 1364 4382 confessa
1384 4319 1522 4383 fueram.
1537 4324 1600 4384 Sed
1614 4329 1741 4398 orante,

948 4417 1066 4494 iuquit,
1082 4433 1141 4494 pro
1156 4433 1209 4478 me
1220 4420 1253 4478 S.
1270 4418 1461 4491 Franciseo,
1476 4419 1541 4487 cui,
1559 4419 1635 4481 dum
1650 4423 1745 4486 vive-

117 4506 192 4566 retur
203 4523 246 4571 ex
263 4508 325 4569 1110
346 4508 500 4570 deficere.
516 4508 670 4571 Mirabile
685 4509 791 4571 dietui
808 4510 894 4571 Nul-
947 4530 1029 4586 rem,
1051 4514 1168 4576 devota
1188 4516 1299 4576 mente
1314 4514 1450 4589 servivi,
1467 4516 1578 4598 redire
1596 4535 1685 4582 nunc
1700 4521 1741 4582 ad

118 4595 216 4664 lumin
238 4606 434 4684 chirotheca
453 4606 630 4681 vestigium
645 4605 836 4682 apparebat,
858 4608 894 4668 ut
934 4623 1068 4688 cerpus
1087 4611 1253 4673 indultum
1272 4613 1324 4674 est
1346 4613 1440 4685 mihi,
1461 4615 1498 4676 ut
1512 4615 1570 4676 illo
1593 4618 1743 4680 revelato

105 4692 214 4762 ’1010011
226 4703 334 4779 plagae
350 4701 471 4770 cerdis,
488 4704 631 4765 latenter
642 4703 770 4765 inflicta
795 4719 893 4780 poena
923 4737 924 4740 ¹
946 4711 1094 4785 0000010,
1110 4708 1346 4784 sempiternam
1364 4725 1558 4786 promerear
1570 4715 1683 4776 vitami
1703 4719 1744 4778 Et

117 4794 247 4860 11100010
275 4799 502 4877 responderet.
529 4801 659 4862 Clamat
683 4800 805 4861 exinde
832 4816 892 4878 per
946 4820 1024 4866 ecce
1046 4804 1142 4866 vobis
1161 4804 1362 4879 videntibus,
1386 4812 1560 4886 postquam
1586 4811 1743 4873 illudde·

118 4886 184 4952 duos
204 4894 283 4966 dies,
307 4897 342 4957 et
361 4896 452 4972 rugit
477 4895 590 4957 dolore
617 4896 815 4973 gravissimo
831 4897 892 4959 sti·-
944 4903 1073 4972 texero,
1102 4902 1143 4963 ad
1166 4903 1364 4978 promissam
1378 4906 1527 4982 requiem
1542 4908 1738 4984 properabo.

119 4987 252 5064 munius,
276 4993 311 5053 et
324 4992 488 5054 inereduli
515 4993 624 5054 cordis
645 4994 809 5065 velamen,
830 5010 892 5056 ex·
944 5001 1211 5076 Trementerego
1226 5001 1392 5063 sacerdoti
1406 5005 1558 5065 trementi
1574 5005 1737 5079 confessa,

120 5081 203 5156 plicat
214 5091 395 5162 universis3
410 5090 548 5152 credere
560 5106 596 5151 se
607 5091 781 5159 veraciter,
794 5107 890 5153 00000
945 5099 1019 5174 0001
1039 5097 1281 5159 absolutionem
1309 5103 1493 5176 receptam,
1517 5102 1627 5177 quiete
1649 5120 1685 5165 se
1704 5107 1739 5167 in

120 5179 252 5284 ttigmata
276 5187 382 5248 fuisse
404 5189 439 5248 in
463 5189 496 5248 S.
513 5188 692 5249 1100001000
707 5188 840 5260 fatetur,
857 5189 890 5250 01
944 5193 1029 5256 10010
1044 5195 1189 5271 collegit,
1202 5198 1236 5258 et
1252 5196 1288 5255 in
1303 5196 1441 5257 Domino
1456 5197 1598 5260 feliciter
1612 5200 1737 5264 obdor-

118 5284 192 5345 Jurat
206 5284 394 5344 contestans
410 5284 516 5344 omnis
527 5284 743 5346 dubitationis
751 5284 889 5346 absces·
944 5291 1049 5353 mivit.

121 5370 889 5457 0001οη00000.000101001101010010100
983 5390 1145 5450 10000100
1161 5384 1337 5459 Pamareo,
1358 5388 1393 5448 in
1413 5391 1578 5452 montanis
1607 5396 1735 5472 Apuliae

123 5465 180 5541 hei,
201 5491 256 5551 per
275 5492 374 5539 sacra
395 5477 460 5538 sibi
479 5477 633 5554 stigmata
652 5479 840 5551 subvenire,
857 5481 890 5542 et
943 5485 1062 5560 posite,
1083 5484 1169 5562 patri
1184 5486 1217 5547 et
1231 5484 1329 5547 matri
1345 5485 1444 5546 unica
1458 5490 1531 5550 erat
1545 5488 1614 5552 fllia
1628 5492 1663 5553 in
1678 5495 1732 5555 te·

122 5566 342 5636 multarentur
358 5589 473 5651 preces
489 5575 593 5637 multo
611 5574 797 5652 impinguat
811 5592 890 5653 pre-
942 5595 1024 5641 nera
1042 5581 1149 5653 atate,
1163 5583 1277 5642 tenere
1291 5581 1493 5658 praedilecta.
1509 5586 1734 5658 0001010011-

241 5720 354 5764 ermon.
374 5722 449 5764 rone
468 5709 515 5766 Vl.
1556 5718 1573 5774 e
