3950 6200
225 394 311 455 1207
653 394 686 453 S.
712 390 888 453 ΑΝΤΟΝΙΙ
919 390 1106 451 PADUANI
1137 390 1275 451 OPERA
1305 390 1452 451 OMNIA.
1498 443 1502 451 .
1795 388 1869 448 1208

225 566 292 613 non
313 552 498 628 quiescam,
516 550 620 612 donec
644 550 838 627 egrediatur
853 550 888 612 ut
903 548 1019 626 splen·
1073 563 1154 624 gere
1169 548 1251 610 lacis
1261 548 1494 611 tahuciiernm
1505 547 1612 616 vocat,
1626 561 1723 623 quem
1735 546 1769 608 et
1779 546 1867 624 prius

224 649 285 711 dor
295 650 407 727 justus
423 652 507 725 ejus,
524 650 557 711 et
578 649 733 710 Salvator
748 652 821 725 ejus
837 650 873 709 ut
891 648 1019 724 lampas
1074 644 1815 721 auroram,scilicetJoannem,quiproductus
1823 648 1870 707 est

224 745 435 807 accendatur.
452 764 470 806 a
485 748 523 807 ln
538 746 690 823 lampade
704 746 770 807 tria
789 750 877 817 sunt,
894 744 1018 812 lumen,
1073 745 1108 805 in
1119 760 1180 805 sno
1195 748 1354 821 tempore,
1367 745 1400 804 in
1415 744 1481 804 line
1494 742 1624 803 scilicet
1638 742 1736 815 legis,
1750 744 1785 804 et
1797 746 1870 803 ortu

223 843 358 915 vitrum,
375 845 409 904 et
422 844 541 905 oleum.
567 847 692 905 Lumen
708 845 758 905 est
775 842 946 914 divinitas,
961 842 1018 902 ri·
1073 842 1201 917 gratiae.
1219 845 1265 903 De
1279 842 1342 902 hoc
1358 840 1512 901 Lucifero
1523 839 1682 900 habemus
1693 840 1871 901 Ecclesias-

223 940 311 1001 trum
340 939 541 1012 humanitas,
578 941 687 1001 oleum
724 940 845 1015 gratia,
874 954 947 1016 quae
982 938 1019 999 in
1074 939 1133 1001 tici
1145 936 1583 1019 (50,oet7):‹Quasistella
1594 937 1870 998 matutinainme·

224 1036 355 1099 Christo
368 1037 468 1098 simul
484 1037 628 1099 fuerunt.
1074 1038 1128 1101 dio
1144 1038 1286 1106 nebulae,
1301 1039 1335 1099 et
1351 1036 1447 1113 quasi
1468 1035 1548 1095 luna
1573 1034 1672 1111 plena
1692 1035 1730 1095 in
1755 1034 1869 1095 diebus

263 1135 415 1194 Lucerna
439 1134 540 1195 etiam
556 1135 631 1206 ista,
658 1149 731 1210 quae
756 1133 886 1193 Christo
902 1132 1019 1209 parata
1073 1137 1144 1197 suis
1172 1136 1272 1207 lucet,
1299 1137 1333 1196 et
1356 1134 1452 1212 quasi
1471 1133 1522 1193 sol
1541 1131 1713 1207 refulgens
1737 1132 1788 1194 sic
1815 1132 1868 1192 ille

222 1229 284 1300 est,
310 1229 432 1291 dicitur
458 1234 604 1293 loannes
630 1230 791 1308 Baptista,
818 1230 859 1290 de
888 1244 954 1307 quo
981 1229 1016 1288 in
1073 1233 1206 1295 refulsit
1218 1233 1254 1293 in
1269 1230 1392 1309 templo
1415 1231 1517 1292 Dei.»
1537 1233 1684 1293 ioannes
1696 1245 1869 1307 compara-

224 1328 407 1403 Evangelio
422 1326 532 1406 (Joan.
559 1330 589 1400 5,
605 1327 660 1407 35)
676 1345 683 1386 :
700 1331 760 1389 llic
782 1328 862 1389 erat
877 1331 1019 1389 incorrat
1072 1333 1127 1393 tur
1152 1330 1319 1402 Lucifero,
1348 1329 1419 1390 sive
1445 1327 1552 1389 stellae
1579 1328 1763 1399 matutinae,
1795 1328 1869 1404 quia

223 1428 361 1497 ardens,
378 1426 412 1486 et
425 1430 551 1487 tacens.
567 1427 647 1486 llaec
662 1424 763 1485 missa
777 1425 937 1485 estaDeo
952 1426 1021 1484 Pa·
1073 1427 1162 1491 sicut
1188 1427 1285 1490 stella
1315 1426 1373 1487 illa
1400 1429 1530 1487 noctem
1551 1424 1721 1499 terminat,
1739 1425 1869 1486 etdiern

222 1523 285 1594 tre,
303 1523 340 1583 ut
357 1522 450 1584 viam
467 1523 602 1599 pararet
620 1522 763 1594 Christo,
788 1521 876 1583 sicut
896 1521 1020 1583 dicitur
1073 1525 1220 1597 inchoat,
1258 1529 1293 1586 et
1324 1523 1477 1586 omnibus
1504 1522 1610 1583 stellis
1638 1522 1868 1584 recedentibus

223 1619 399 1680 Malachiae
415 1617 459 1698 (3,
477 1618 509 1698 1)
526 1622 660 1681 :chicce
675 1635 736 1695 ego
752 1618 846 1681 mitto
860 1618 1017 1695 angelum
1073 1638 1139 1684 uon
1165 1622 1293 1683 recedit
1319 1623 1405 1699 ipsa,
1432 1620 1539 1681 donec
1563 1620 1668 1682 solem
1690 1619 1865 1681 ostendat:

223 1732 345 1785 meum,
373 1719 405 1779 et
439 1716 642 1794 praeparabit
670 1718 760 1778 viam
793 1719 870 1778 ante
898 1716 1018 1778 taciem
1072 1720 1123 1781 sic
1135 1722 1168 1781 et
1180 1719 1449 1794 loannes-legem
1464 1716 1666 1788 terminarit,
1682 1718 1716 1777 et
1727 1717 1867 1792 gratiam

223 1829 343 1875 meam.
360 1817 471 1876 »llaec
486 1815 624 1877 lucerna
639 1813 702 1875 suit
718 1830 859 1875 accensa
873 1815 906 1874 in
923 1815 1018 1875 utero
1072 1816 1255 1890 inchoavit,
1267 1815 1465 1879 etonrnibus
1474 1814 1645 1892 prophetis
1658 1830 1720 1890 per
1732 1816 1867 1875 mortem

223 1912 339 1973 matris
376 1929 437 1989 per
475 1912 774 1974 sanctificationem
795 1913 1016 1981 :decollavit
1072 1914 1305 1976 recedentibus
1318 1914 1389 1990 ipse
1399 1928 1466 1974 non
1477 1912 1627 1983 recessit,
1639 1911 1747 1972 donec
1757 1927 1867 1972 rernm

223 2008 343 2087 inquit,
355 2011 472 2083 trasone
479 2013 515 2070 tn
526 2009 708 2071 oteromco
717 2006 776 2087 (1).
787 2008 944 2085 Exposita
957 2007 1020 2069 luit
1072 2011 1187 2084 solem,
1203 2012 1289 2072 idest
1299 2009 1871 2085 Christum,,digitodemonstrarit

223 2105 258 2166 in
273 2105 403 2167 deserto
418 2122 478 2183 per
491 2106 781 2184 praedicationem
796 2105 883 2167 unde
898 2128 905 2166 ε
921 2110 1019 2167 Puer
1074 2109 1177 2170 Stella
1199 2109 1300 2170 etiam
1325 2107 1384 2169 illa
1406 2107 1608 2169 dormientes
1626 2107 1767 2180 excitat,
1783 2122 1867 2167 som·

220 2203 530 2276 otrtemcresccdot,
547 2205 580 2266 et
595 2204 1018 2279 corrsortohotarsptrttu:
1073 2206 1226 2268 nolentos
1261 2207 1445 2282 increpat-2
1470 2204 1520 2265 sic
1546 2205 1579 2266 et
1599 2206 1762 2266 loannes.
1788 2203 1866 2265 Audi

221 2302 256 2363 et
277 2302 355 2363 erat
369 2305 406 2362 in
436 2302 583 2364 desertis
606 2317 714 2376 usque
737 2305 774 2363 tn
788 2304 881 2363 diem
897 2301 1017 2362 osten-
1073 2302 1313 2364 excitationem·
1338 2301 1572 2363 dormientium
1590 2304 1689 2375 :Eoo
1711 2315 1786 2361 voc
1798 2306 1864 2362 cto-

223 2401 332 2459 stom's
345 2413 420 2459 socr
431 2401 477 2460 oct
489 2402 600 2461 Israel
611 2397 669 2476 (2).
688 2399 841 2460 Extincta
856 2396 920 2459 tuit
933 2412 1019 2459 mar·
1071 2401 1202 2461 montis
1225 2402 1263 2460 in
1289 2400 1424 2461 deserto
1442 2414 1453 2458 :
1471 2398 1621 2474 Diripitc
1636 2402 1734 2458 otum
1748 2401 1864 2459 Domi·

221 2495 309 2571 tyrio
347 2512 408 2573 per
444 2497 563 2573 capitis
597 2496 874 2573 amputationem
905 2494 1016 2556 unde:
1071 2500 1110 2558 nt
1125 2496 1219 2575 (5).»
1245 2496 1330 2558 hudi
1346 2495 1607 2572 increpationem
1629 2495 1871 2556 somnolentis:

153 2622 160 2629 ·
222 2592 325 2654 Misso
339 2593 540 2671 spiculatore
557 2594 715 2671 praecepit
733 2592 882 2655 Herodes
897 2607 1018 2668 ampu-
1072 2598 1256 2656 Gerstmtno
1281 2598 1497 2669 viperarum,
1519 2595 1596 2667 aaa
1611 2607 1673 2653 oos
1690 2591 1805 2653 docuit
1820 2589 1871 2669 (6),

221 2689 287 2751 tari
303 2693 402 2766 caput
411 2688 470 2769 (3).
485 2691 685 2763 Notandum,
701 2691 786 2767 quod
800 2689 1018 2751 sicutaurora
1071 2695 1194 2768 strpere
1206 2707 1228 2753 o
1240 2693 1391 2753 venturo
1404 2693 1480 2751 tro?
1497 2693 1578 2750 Jam
1599 2692 1737 2751 securta
1753 2693 1798 2750 od
1810 2704 1871 2750 ro-.

222 2787 381 2864 praecedit
394 2788 494 2859 diem,
512 2788 560 2848 sic
574 2786 915 2862 loanneschristum3
931 2786 1018 2847 unde
1072 2791 1327 2851 dicernorhoris
1340 2785 1387 2867 (7)
1401 2788 1515 2863 postte
1527 2788 1580 2848 est
1596 2785 1659 2866 (8).

223 2883 360 2945 lucerna
381 2884 539 2960 praecedit
553 2887 756 2961 sequentem.
782 2887 856 2961 Ipse
870 2886 1017 2945 loannes
1111 2886 1188 2947 Fuit
1202 2886 1303 2947 etiam
1317 2888 1466 2949 Joannes
1483 2883 1578 2961 quasi
1592 2883 1692 2944 stella
1709 2883 1747 2943 in
1762 2882 1869 2943 medio-

223 2996 346 3042 aurora
366 2981 503 3056 dicitur3
525 2981 612 3041 unde
632 2974 693 3042 Job
713 2980 776 3059 (38,
798 2980 871 3059 12):
887 2997 906 3040 s
921 2982 1017 3041 Nun·
1071 2983 1214 3057 nebulae,
1239 2982 1325 3045 idest
1347 2981 1541 3059 temporalis
1560 2980 1696 3057 gloriae,
1711 2982 1745 3041 et
1758 2979 1861 3040 excal-

222 3077 301 3157 quid
315 3079 391 3156 post
404 3079 512 3141 ortum
530 3079 622 3142 tuum
642 3078 830 3156 praecepisti
856 3076 1014 3150 diluculo,
1071 3080 1197 3155 lentiae,
1217 3082 1312 3157 cujus
1331 3080 1400 3142 rita
1416 3078 1563 3152 austera,
1574 3077 1671 3139 cibus
1686 3076 1793 3139 mellis
1806 3075 1863 3137 sil·

221 3178 254 3238 et
279 3176 453 3238 ostendisti
477 3193 609 3239 aurorae
631 3176 741 3238 locum
757 3193 865 3237 suum.
881 3194 900 3235 a
915 3178 1016 3238 Ortus
1071 3178 1191 3240 vestris
1212 3179 1249 3240 et
1272 3178 1488 3248 locustarum,
1511 3175 1645 3237 habitus
1659 3191 1755 3236 zonae
1770 3173 1861 3251 pelli·

221 3273 345 3335 Christi
356 3274 538 3335 secundum
551 3274 759 3336 divinitatem
770 3278 862 3336 ortus
870 3274 1016 3336 aeternus
1071 3291 1139 3337 oeae
1154 3274 1195 3336 de
1212 3274 1290 3351 pilis
1305 3274 1508 3336 camelorum
1525 3271 1584 3352 (9),
1606 3270 1767 3332 nebulam
1786 3273 1870 3333 tem·-

221 3373 272 3434 est
286 3393 294 3432 :
310 3373 402 3434 ortus
416 3388 496 3434 rero
510 3371 651 3435 Joannis
668 3371 860 3449 temporalis
872 3374 942 3445 est3
959 3371 1016 3448 qui
1071 3372 1198 3448 poralis
1212 3370 1554 3448 gloriaedisgregavit
1570 3371 1664 3430 Luna
1676 3384 1761 3430 vero
1773 3369 1862 3445 plena

221 3472 313 3533 ortus
335 3485 396 3546 per
421 3469 604 3530 diluculum
628 3470 792 3545 signatur,
822 3470 898 3546 quia
930 3468 1018 3530 sicut
1071 3469 1288 3546 luit,quando
1304 3484 1363 3545 per
1377 3467 1490 3528 radios
1505 3466 1759 3544 predicationis
1773 3469 1861 3527 tene·

221 3567 403 3628 diluculum
419 3566 578 3644 praecedit
592 3567 707 3639 solem,
725 3567 774 3628 sic
794 3569 941 3629 loannes
958 3581 1016 3628 or·
1069 3566 1148 3628 bras
1156 3566 1365 3642 ignorantiae,
1378 3567 1411 3627 et
1420 3564 1581 3626 caecitatis
1589 3565 1753 3625 excussit.
1768 3561 1862 3634 Quasi

220 3666 290 3727 tum
319 3665 453 3738 Christi,
470 3666 527 3743 qui
542 3665 593 3726 est
613 3665 663 3726 sol
675 3665 815 3742 jnstitiae
835 3663 1015 3725 secundum
1071 3663 1121 3724 sol
1143 3662 1249 3739 fulget
1262 3664 1297 3724 in
1311 3663 1433 3739 templo
1454 3661 1525 3734 Dei,
1542 3662 1704 3738 quiajam
1718 3664 1870 3737 sumptus.

222 3762 474 3832 humanitatem.
505 3763 670 3839 Praecepit
692 3778 772 3838 ergo
787 3765 885 3834 Deus,
903 3762 936 3822 et
956 3777 1015 3822 os·
1071 3760 1112 3821 ad
1128 3761 1286 3822 aeternam
1301 3760 1462 3838 requiem,
1488 3758 1627 3836 praemio
1642 3756 1750 3833 fulget
1764 3759 1861 3818 mira-

220 3859 327 3921 tendit
342 3875 473 3921 aurorae
495 3860 605 3921 locum
630 3875 726 3920 suum
753 3875 827 3921 cum
853 3861 1017 3921 Joannem
1071 3858 1131 3920 bili
1148 3856 1227 3937 (10).
1246 3858 1402 3934 Sequitur
1416 3858 1452 3917 in
1466 3856 1528 3919 Job
1545 3878 1553 3916 :
1568 3856 1608 3917 st
1621 3858 1806 3933 vesperum
1818 3870 1864 3914 su·

222 3956 330 4017 ortum
357 3972 452 4016 suum
481 3956 671 4033 praecedere
695 3955 784 4028 tecit,
805 3957 841 4017 ut
858 3956 1016 4033 tanquam
1072 3970 1131 4032 per
1146 3955 1232 4015 lilios
1254 3956 1353 4016 terrae
1373 3968 1576 4029 consurgere
1590 3951 1688 4013 lacis.
1704 3954 1869 4028 vesperus.

221 4068 343 4114 aurora
365 4052 535 4114 devideret
564 4055 693 4114 noctem
718 4052 801 4129 legis
826 4069 845 4113 a
865 4052 919 4113 die
933 4068 1016 4129 gra·
1071 4048 1870 4122 asistelladiomtermlnans,etnocteminitians„

221 4150 289 4212 aa.
320 4150 381 4212 Vel
411 4155 503 4213 locris
528 4149 627 4211 aliter
651 4151 760 4227 potest
784 4150 937 4227 intelligi.
970 4152 1017 4211 De
1072 4150 1134 4211 Hic
1144 4151 1195 4211 est
1208 4149 1373 4221 diabolus,
1389 4147 1654 4225 quisuperlllios
1666 4148 1780 4217 terrae,
1794 4144 1863 4206 illos

221 4250 351 4308 loanne
392 4247 481 4307 enim
521 4245 644 4307 dicitur
679 4244 726 4324 (4)
761 4247 890 4308 :Inter
916 4247 1018 4309 notos
1072 4246 1213 4318 scilicet,
1227 4246 1283 4323 qui
1296 4248 1431 4308 terrena
1447 4246 1609 4323 quaerent,
1623 4259 1692 4305 non
1707 4241 1868 4311 coelmtia,

221 4347 407 4406 mullerem
434 4359 504 4405 noo
539 4346 700 4406 surremit
733 4346 849 4416 major
883 4347 1018 4406 Joomze
1072 4343 1193 4404 divinae
1204 4340 1871 4418 gratiaeterminatdiemmtuoctempee

221 4442 397 4515 raptata
418 4442 452 4502 et
480 4442 591 4502 statim
618 4440 796 4504 subditur:
821 4443 885 4507 dni
900 4441 1017 4502 autem
1072 4439 1138 4502 cati
1150 4439 1331 4506 ministrat..

222 4541 340 4598 asinar
358 4539 410 4599 est
439 4542 477 4599 ta
496 4553 604 4615 reparo
627 4545 809 4613 coeloram,
830 4542 947 4612 major
967 4538 1018 4599 est

221 4649 272 4705 ea,
289 4633 375 4694 idest
401 4633 563 4710 Christus.
592 4637 654 4695 llio
678 4637 728 4698 est
753 4636 846 4697 locus
872 4650 1017 4709 aurorae,

222 4734 240 4795 J
244 4731 363 4792 oannis
377 4730 543 4803 videlicet,
558 4734 595 4793 ut
608 4731 686 4794 licet
701 4733 864 4795 sitminor
874 4732 1016 4804 Christo,

222 4828 375 4890 omnibus
388 4830 466 4891 aliis
481 4829 526 4891 sit
539 4829 611 4906 ipse
626 4831 744 4906 major.

263 4929 343 4987 ltem
367 4926 408 4988 de
430 4927 546 4988 eodem
568 4927 603 4987 in
631 4927 748 4989 eodem
774 4927 835 4990 Job
856 4926 921 5007 (38,
938 4923 1017 5006 32):

220 5024 412 5101 ‹Nunquid
428 5023 585 5101 producis
604 5025 796 5087 Luciferum
815 5025 850 5085 in
870 5026 1019 5100 tempore

222 5144 295 5198 suo,
312 5130 345 5191 et
358 5132 542 5207 vesperum
556 5147 656 5210 super
670 5131 758 5192 tilios
770 5132 868 5193 terrae
884 5146 1021 5191 consur·

259 5386 300 5454 (l)
315 5386 399 5467 Luca
419 5387 444 5455 l,
461 5385 504 5442 ll.
1110 5385 1153 5452 (6)
1169 5383 1255 5456 vulg.
1270 5399 1277 5440 :
1294 5382 1419 5440 ostendit
1431 5383 1523 5441 vobis.

272 5454 504 5592 stelas:
1112 5452 1443 5594 lillis-resr-

261 5528 539 5660 ‹tiuaoninsn
1122 5569 1325 5666 sinereris.

260 5662 304 5730 lo)
324 5666 407 5723 toan.
425 5669 451 5736 l,
466 5667 511 5723 ΞΒ.
1126 5668 1171 5734 td)
1188 5668 1309 5737 Lucet,
1324 5664 1388 5726 sau
1405 5665 1448 5724 lt.
