3950 6200
272 275 333 336 939
693 281 726 340 S.
754 280 930 344 ANTONII
957 285 1146 348 Pandam
1174 289 1312 350 OPERA
1340 289 1488 352 OMNIA.
1835 294 1881 358 tto

269 434 500 502 «Ettenebrae
519 438 617 502 erant
638 454 740 516 super
765 439 884 504 faciens
898 442 1011 524 abyssi
1027 461 1063 506 »i
1117 462 1136 507 ‹
1160 447 1410 511 Descenderunt
1439 448 1481 512 ad
1507 446 1675 512 infernum
1708 462 1780 509 cum
1802 451 1881 512 amis

268 533 353 596 Ecce
364 531 560 607 obscuritas,
577 551 651 613 qnae
666 538 716 598 est
730 537 766 599 iu
780 538 913 618 abysso,
929 541 1016 604 idest
1027 543 1063 606 in
1118 543 1200 617 suis,
1215 548 1397 620 posuerunt
1414 544 1544 621 gladios
1565 560 1644 605 suos
1664 542 1726 605 sub
1750 546 1882 622 capitibus

268 630 369 694 corde
379 646 559 707 perverso:
576 649 594 693 c
609 636 649 696 ct
662 635 804 712 Spiritus
820 638 879 700 Dei
895 638 1064 702 ferebatur
1118 640 1199 711 suis,
1217 641 1249 703 et
1264 640 1398 703 fuerunt
1416 641 1610 719 iniquitates
1627 656 1755 706 eorum.
1770 641 1801 701 in
1813 644 1881 703 ossi·
1936 707 1938 716 ,

268 742 369 803 super
396 744 535 806 aquas»
560 752 568 790 i
593 733 678 794 Ecce
701 733 861 811 iniquitas
897 735 958 815 (l),
982 738 1063 814 quia
1118 735 1179 796 bus
1195 753 1321 809 eorum,
1338 738 1416 816 quia
1441 737 1711 799 terrorrfortium
1733 737 1807 798 facti
1826 743 1882 800 sunt

269 825 413 902 Spiritus
437 829 578 889 Sanctus
606 832 779 908 expectat,
802 834 840 894 ut
864 834 1062 911 accipiatur,
1118 832 1152 894 in
1164 834 1253 895 terra
1263 835 1601 897 viventium.»Gladii
1618 837 1697 895 sunt
1709 834 1882 896 munimenta

267 923 343 986 ideo
358 925 529 997 reclamat,
541 927 577 987 ut
587 928 763 990 revocetur
776 929 818 992 ab
832 930 945 1009 aliquo
961 932 1065 1010 poeni·
1118 930 1266 1002 malitiae,
1283 948 1359 992 cum
1382 932 1502 1009 quibus
1524 933 1635 993 tamen
1658 930 1881 993 descenduntin

266 1022 368 1094 iente,
382 1022 438 1084 cui
452 1025 589 1099 paratus
609 1027 660 1089 est
673 1026 850 1089 infundere
869 1044 964 1090 suam
979 1044 1062 1106 gra-
1118 1026 1295 1088 infernum.
1313 1027 1440 1090 Bellum
1465 1031 1516 1090 est
1539 1029 1749 1105 impugnatio
1761 1029 1881 1103 Itonion

267 1119 361 1180 tiam
1119 1123 1205 1185 uude
1221 1124 1283 1187 iob
1302 1123 1367 1204 (15,
1383 1125 1772 1204 25ad2i):‹Tetendit
1788 1125 1882 1188 adver·

307 1220 389 1279 Item
407 1217 448 1279 de
463 1218 527 1280 hac
547 1233 639 1296 pace,
665 1220 762 1282 lsaiae
785 1219 850 1300 (57,
877 1221 928 1300 19)
942 1243 949 1282 :
962 1239 980 1282 ‹
995 1224 1062 1299 ligo
1118 1238 1176 1282 sus
1188 1224 1291 1284 Deum
1305 1239 1441 1285 manum
1456 1240 1563 1296 suam,
1576 1225 1611 1286 et
1624 1224 1742 1285 contra
1754 1224 1884 1302 Omnipo-

268 1315 381 1376 creavi
413 1313 558 1378 fructum
591 1317 757 1380 labiorum
790 1335 906 1396 pacem
935 1320 979 1394 ei,
1006 1319 1061 1397 qui
1117 1318 1240 1379 tentem
1264 1317 1441 1381 roboratus
1464 1320 1548 1380 est:
1578 1318 1730 1380 cucurrit
1753 1319 1883 1379 adversus

267 1412 366 1489 longe
379 1414 443 1502 best,
455 1414 554 1491 etqui
570 1430 672 1494 prope
687 1418 749 1488 est,
760 1417 794 1477 et
807 1415 925 1478 sanavi
940 1432 1063 1480 euin.»
1118 1415 1220 1476 Deum
1243 1413 1290 1493 (1)
1313 1417 1425 1477 erecto
1449 1416 1549 1487 collo,
1577 1419 1611 1476 et
1638 1414 1756 1492 pingui
1784 1415 1885 1476 cervice

267 1511 408 1572 Fructus
423 1509 599 1584 labiorum,
616 1527 713 1589 quem
734 1512 895 1580 babemus
909 1530 968 1592 per
982 1530 1064 1576 con·
1117 1515 1266 1573 armatus
1280 1514 1342 1574 est.
1365 1513 1546 1589 Gregorius
1559 1512 1607 1592 (5)
1625 1533 1633 1572 :
1648 1512 1883 1574 ‹Contralicun

266 1605 464 1680 sessionem,
483 1608 565 1670 «est
586 1608 657 1685 ipse
676 1609 828 1672 Christus
848 1625 915 1688 pax
935 1613 1060 1680 nostra,
1117 1624 1237 1669 manns
1256 1609 1450 1681 extendere,
1466 1611 1518 1672 est
1529 1610 1563 1674 in
1585 1624 1690 1686 prava
1705 1608 1884 1685 operatione,

266 1704 324 1784 qui
347 1704 425 1766 fecit
448 1706 590 1782 utraque
613 1722 715 1770 unum
730 1722 749 1768 r
764 1705 826 1786 (2).
848 1710 885 1770 ln
900 1707 963 1769 bac
981 1723 1063 1785 pace
1117 1703 1281 1782 despectis
1293 1706 1525 1786 ejusjudioiis,
1545 1707 1885 1784 perseveraremus

267 1800 430 1878 confregit
453 1803 613 1870 Dominus
644 1805 827 1880 potentias,
855 1819 971 1866 arcum
996 1804 1062 1884 (3),
1117 1802 1382 1880 omnipotentem
1403 1803 1591 1875 roboratur,
1615 1803 1695 1884 quia
1721 1802 1885 1880 prosperari

268 1901 416 1967 scutum.
443 1899 610 1976 gladium,
637 1903 671 1961 et
696 1899 820 1962 bellum
849 1922 857 1962 ι
884 1904 1060 1979 potentias,
1117 1901 1151 1961 in
1166 1916 1227 1962 sua
1242 1901 1371 1963 malitia
1386 1901 1599 1977 permittitur.
1614 1900 1678 1973 Qui
1700 1902 1808 1961 erecto
1819 1898 1885 1959 collo

265 1996 413 2073 inquam,
430 1999 517 2058 Deus
528 1997 887 2072 confringet3crcum,
899 1998 987 2062 idest
1001 1999 1063 2061 do·
1116 1997 1279 2062 adversus
1305 2000 1411 2064 usum
1447 1998 1611 2069 cucurrit,
1641 1997 1727 2060 idest
1759 1997 1795 2057 in
1817 1995 1884 2056 milo

265 2091 345 2165 liim,
362 2093 449 2154 unde
473 2096 557 2155 Osee
580 2094 723 2173 (7‚15et
738 2095 789 2173 16)
808 2117 815 2157 :
832 2100 874 2158 ln
888 2111 945 2159 mc
967 2100 1062 2172 cogi-
1116 2110 1217 2172 opere
1239 2095 1445 2158 obstaculum
1470 2094 1513 2155 de
1535 2094 1740 2156 adversitate
1762 2109 1823 2155 non
1838 2092 1887 2153 ln·

265 2191 429 2254 taverunt
442 2194 623 2265 malitium,
637 2193 931 2275 reversarentur
945 2195 1061 2256 essent
1115 2191 1199 2262 buit,
1214 2192 1291 2252 dum
1305 2209 1379 2271 quae
1394 2192 1543 2254 Creatori
1556 2207 1617 2253 suo
1632 2190 1816 2269 displicent
1829 2206 1885 2252 cum

180 2279 185 2286 '
264 2289 389 2362 absque
405 2291 503 2364 jiipo,
525 2291 609 2365 sacti
630 2291 711 2351 sect
733 2296 833 2365 quusi
852 2306 957 2354 ercam
969 2294 1062 2353 doto-
1115 2289 1256 2352 audacia
1273 2289 1488 2367 perpetravit.
1509 2289 1631 2364 Pingui
1652 2288 1783 2349 cervice
1800 2288 1885 2347 :Pin-

264 2400 336 2447 aas.
350 2388 456 2448 Arcus
481 2386 615 2447 dolosus
637 2387 772 2463 proiicit
804 2387 957 2465 sagittam
979 2403 1061 2450 con-
1115 2387 1190 2466 guis
1200 2387 1316 2449 cervix
1329 2389 1381 2450 est
1400 2386 1556 2464 opulenta
1569 2385 1726 2463 superbia
1740 2383 1886 2446 affluenti·

265 2485 318 2544 tra
344 2484 512 2548 tenentem
532 2500 647 2548 arcum
664 2506 671 2544 :
688 2485 736 2546 sie
751 2485 860 2548 malus
872 2484 953 2548 facit
974 2502 1059 2547 cou—
1115 2484 1176 2544 bus
1189 2483 1302 2556 rebus,
1315 2483 1412 2562 quasi
1426 2483 1540 2545 multis
1560 2482 1719 2545 carnibus
1732 2482 1820 2544 fulta.
1834 2481 1885 2540 Fa·

265 2580 426 2641 vertendo
450 2581 561 2642 dolum
583 2597 680 2644 suurn
702 2582 737 2642 in
752 2584 868 2654 Deum,
884 2583 1061 2660 cogitando
1115 2582 1199 2644 ciem
1226 2580 1413 2643 crassitudo
1440 2580 1565 2657 operit,
1590 2581 1670 2657 quia
1700 2583 1884 2642 terrenarum

266 2677 406 2756 malum3
429 2678 462 2742 et
487 2694 570 2754 quos
592 2680 679 2746 tueri
697 2678 843 2753 deberet,
859 2681 1012 2757 percutit,
1028 2684 1061 2744 et
1115 2693 1227 2740 rerum
1247 2677 1453 2740 abundantia
1472 2678 1595 2738 mentis
1611 2677 1728 2738 oculos
1743 2675 1883 2753 premit»

264 2774 410 2836 inimicis
423 2775 541 2851 parcit.
556 2776 699 2837 Scutum
713 2778 763 2840 est
774 2775 893 2838 mentis
906 2777 1060 2842 obstiua·
1155 2776 1200 2837 nt
1211 2777 1375 2839 dubitatio
1387 2778 1462 2850 qius
1477 2778 1514 2835 iit
1527 2778 1621 2836 Sion.
1639 2774 1722 2836 Sion
1743 2774 1884 2847 interpre-

264 2872 322 2934 tio.
340 2870 401 2936 Job
414 2870 479 2948 (41,
493 2871 526 2948 6)
544 2892 552 2930 i
568 2888 587 2934 c
606 2873 733 2954 Corpus
756 2876 828 2950 ejus
849 2873 945 2953 quasi
966 2878 1059 2936 scuta
1115 2875 1205 2934 tatur
1218 2872 1366 2949 specula,
1388 2870 1441 2934 vel
1455 2871 1660 2942 mandatum,
1679 2872 1713 2931 et
1728 2885 1803 2931 vere
1815 2870 1885 2928 Deus

264 2967 391 3039 fusilia,
416 2969 450 3029 et
476 2970 682 3045 compactum
707 2969 854 3048 squamis
882 2983 957 3032 sese
979 2988 1061 3047 pre·
1116 2970 1244 3032 habitat
1257 2973 1294 3032 tu
1314 2972 1407 3040 Sion,
1422 2968 1500 3050 quia
1511 2968 1546 3030 in
1566 2966 1796 3029 observatione
1808 2979 1888 3026 man·

264 3064 593 3133 mentibus.»0mne
615 3081 686 3138 vas,
702 3064 788 3144 quod
803 3066 904 3129 fusile
917 3069 980 3141 est,
993 3068 1059 3129 du·
1115 3067 1267 3139 datorum
1293 3064 1354 3128 Dei
1373 3066 1409 3129 tlt
1429 3080 1497 3143 pax
1517 3064 1650 3131 Domini
1673 3063 1710 3127 iu
1729 3062 1821 3126 corde
1838 3061 1887 3121 bo-

264 3178 338 3231 rum
353 3164 413 3234 est,
431 3164 487 3225 sed
504 3164 627 3239 quanto
642 3164 718 3241 plus
729 3166 765 3226 in
782 3165 887 3227 altum
897 3166 1058 3239 elevatur,
1115 3165 1233 3238 minis;
1259 3164 1346 3226 unde
1374 3164 1408 3225 in
1426 3166 1557 3225 Joanne
1575 3161 1711 3241 (1123)
1729 3184 1736 3221 :
1752 3178 1769 3221 ‹
1784 3160 1816 3221 Si
1827 3156 1889 3235 quis

263 3276 338 3323 cum
347 3259 641 3335 labitiir,fragilius
652 3259 828 3336 frangitur.
841 3265 968 3341 Corpus
979 3280 1060 3343 ergo
1115 3262 1270 3325 mandata
1290 3277 1364 3323 mea
1390 3260 1577 3321 servaverit
1602 3256 1672 3339 (6),
1696 3262 1793 3321 Pater
1809 3270 1887 3318 meus

263 3358 461 3429 Leviatlian,
481 3374 596 3418 omnes
614 3358 733 3439 iniqui,
753 3358 809 3437 qui
829 3375 888 3436 per
905 3360 1059 3422 obstina·
1114 3361 1231 3437 diliget
1247 3375 1334 3431 eum,
1351 3358 1437 3421 etad
1450 3373 1527 3419 eum
1551 3357 1737 3429 veniemus,
1758 3356 1788 3417 et
1803 3368 1887 3414 man·

262 3456 388 3522 tionem
412 3455 487 3517 duri
511 3457 599 3529 sunt,
623 3456 682 3516 sed
709 3471 768 3535 per
791 3456 894 3529 vitam
909 3456 1057 3535 fragiles,
1114 3458 1241 3521 sionem
1282 3456 1368 3537 apud
1408 3470 1484 3519 eum
1524 3453 1698 3516 faciemus.
1726 3470 1745 3513 r
1773 3444 1889 3513 Habitat

263 3553 366 3615 scutis
383 3550 540 3617 fusilibus
559 3555 805 3633 comparantur,
817 3555 895 3631 quia
909 3571 951 3617 ne
966 3554 1008 3617 ad
1023 3572 1060 3621 se
1114 3554 1214 3616 etlam
1240 3558 1278 3615 iti
1299 3556 1394 3624 Sion,
1415 3550 1502 3634 quod
1529 3554 1627 3611 sonat
1654 3549 1846 3628 speculatio;
1859 3546 1889 3617 ¹et

262 3649 515 3726 corripientium
530 3649 632 3711 verba
653 3650 860 3727 perveniant,
882 3651 980 3731 quasi
994 3651 1058 3712 ad·
1113 3651 1148 3711 iu
1170 3648 1451 3727 contemplatione
1474 3647 1649 3725 sapientia
1670 3647 1707 3708 fit
1723 3646 1809 3713 locus
1834 3657 1886 3718 pa-

262 3747 467 3811 versantium
487 3745 612 3824 jaculis
633 3748 726 3811 scuta
749 3746 980 3809 defensionum
994 3765 1059 3829 pa·
1114 3747 1240 3818 citieus,
1263 3746 1351 3807 unde
1371 3745 1408 3807 in
1436 3744 1627 3806 Proverbiis
1650 3741 1697 3822 (8,
1720 3741 1886 3821 12):‹fgo

261 3846 349 3904 rant.
363 3861 381 3903 c
394 3844 605 3920 compactum
622 3845 770 3921 squamis
784 3859 859 3907 sese
877 3847 1060 3922 prementi·
1114 3845 1278 3922 sapientia
1296 3843 1411 3905 habito
1431 3843 1466 3904 in
1479 3841 1631 3912 consilio,
1648 3844 1682 3903 et
1697 3839 1827 3900 eruditis
1844 3836 1887 3895 in-

260 3939 365 4003 bus.»
380 3942 505 4017 Corpus
527 3939 662 4013 diaboli,
684 3939 770 4003 idest
792 3941 965 4016 reprobus,
982 3958 1058 4005 cum
1113 3946 1240 4005 tersum
1271 3938 1529 4017 cogitationibus
1548 3956 1587 4012 »3
1617 3940 1652 3999 et
1683 3930 1887 4001 Ecclesiastici

262 4039 304 4103 de
318 4037 494 4114 iniquitate
517 4038 708 4114 corripitur,
733 4035 854 4115 quibus
877 4038 967 4107 vaiet
984 4040 1058 4101 ter·
1116 4039 1180 4118 (38,
1193 4038 1247 4115 25)
1266 4059 1274 4098 ε
1291 4036 1407 4098 Scribe
1426 4036 1460 4099 in
1480 4033 1711 4111 temporeotii,
1726 4031 1883 4093 etinten-

261 4134 587 4213 giversationibusse
597 4150 760 4197 excusare
771 4137 1058 4216 conaturetquasi
1113 4152 1194 4215 pore
1214 4134 1393 4197 vacuitatis
1411 4132 1562 4197 invenies
1577 4129 1683 4203 illam,
1694 4129 1746 4190 vel
1757 4130 1800 4190 sic
1813 4149 1820 4185 :
1835 4128 1888 4185 Sa-

262 4233 424 4312 quasdam
448 4231 652 4294 defensionis
679 4247 837 4308 squamas
864 4232 990 4310 oincit,
1015 4250 1058 4296 ne
1114 4233 1273 4310 pientiam
1297 4230 1406 4293 scribe
1423 4229 1472 4311 (7)
1489 4229 1525 4291 in
1545 4228 1696 4304 tempore
1717 4223 1885 4290 vacuatis

259 4331 412 4407 transfigi
443 4329 594 4392 veritatis
620 4330 752 4406 sagittis
777 4329 894 4406 possit.
920 4330 1058 4393 Gladius
1113 4332 1146 4392 et
1160 4331 1216 4407 qui
1235 4328 1432 4393 immoratur
1447 4325 1495 4413 (8)
1510 4327 1598 4397 actu,
1620 4323 1809 4402 sapientiam
1821 4334 1890 4398 per·

261 4429 502 4503 confringetur,
532 4426 575 4488 de
594 4442 659 4507 quo
681 4426 866 4489 Ezechielis
890 4425 957 4507 (32,
978 4427 1056 4507 27)=
1113 4428 1224 4505 cipiet.

262 4656 334 4718 crat,
345 4662 380 4705 ac
390 4662 481 4706 vacua
491 4656 576 4715 terra,
591 4654 658 4705 cum
673 4647 767 4706 adlato
781 4653 840 4706 tota
854 4647 967 4721 abysso,
984 4647 1058 4706 idest
1113 4646 1262 4706 babctzlbi
1272 4643 1415 4718 confregit
1465 4643 1569 4701 tentiae
1579 4642 1885 4723 urcuummeummetc

621 4720 1057 4849 marcianicum
1113 4716 1407 4860 inuium
1426 4713 1694 4843 ,refirma
1707 4709 1813 4842 un

263 4788 784 4946 {Jffiqflfflss‘gffqffssfipssumunuffi
803 4806 1059 4933 eitunesppegruit
1113 4831 1255 4920 tumsetc.
1525 4825 1543 4859 ⁰
1698 4830 1707 4856 ’
1807 4819 1816 4847 ’

263 4930 1057 5085 ‘litatiliintitttnlitttrlrntttin
1148 4930 1473 5069 dfificilius
1488 5010 1514 5054 ο.
1528 4993 1637 5065 isui,
1652 5012 1683 5055 i.
1695 4990 1823 5081 urie.

262 5090 290 5132 in
327 5072 556 5139 ticaeS.lsidori,
578 5069 652 5153 apud
671 5070 801 5128 Glossein
823 5069 896 5153 ord,
914 5070 1056 5128 dicentis:
1149 5071 1289 5153 (bivulg.
1305 5081 1574 5195 sormonembgicisijm
1585 5080 1730 5210 1ᾙὲηὲ
1748 5129 1887 5219 mm

263 5141 1055 5295 uttttlftnttltt'ltttltttlltrftlltl
1112 5143 1884 5297 1111111111111111111111111

263 5286 384 5355 tobatur,
396 5284 451 5369 scd
464 5282 702 5367 superferebatur,
716 5297 796 5355 quasi
809 5291 912 5356 potens
926 5291 1056 5341 naturam
1112 5284 1310 5349 interlinearis,
1327 5289 1355 5337 et
1370 5285 1609 5361 passim-antiqua
1626 5280 1724 5361 biblia,
1736 5285 1764 5334 et
1779 5268 1886 5332 fam

264 5357 461 5414 ticoniuslone
471 5356 500 5413 ln
513 5355 615 5412 melius
627 5366 771 5412 revocure.
788 5375 801 5403 i
1112 5356 1180 5411 llss.
1197 5352 1252 5409 Sed
1265 5353 1387 5434 Vulgata
1403 5350 1567 5419 :Sapientia
1579 5351 1687 5407 ocrim.

300 5427 342 5567 8))
358 5426 720 5565 ξξῧῗῧᾶὔξέἂῖὴωηιίεε,
735 5509 842 5552 areum.
861 5493 914 5553 Ubi
933 5495 1055 5568 Vulgata
1147 5424 1189 5494 (8)
1206 5423 1290 5496 Μ’
1308 5428 1473 5478 mmmm·
