3950 6200
1773 364 1845 427 lidi

210 369 288 430 1163
631 366 664 425 S.
686 362 861 425 nNrortll
891 363 1077 451 Pandunt
1107 364 1245 427 OPERA
1267 328 1423 427 OMNIA.

207 526 338 591 scillcet
369 525 496 587 mentes
533 524 782 601 persecutorum
817 521 912 583 illurn
946 536 1002 598 pa·
1096 523 1335 600 sequiturssst
1348 529 1457 600 repen
1476 523 1573 585 taem
1586 537 1654 585 non
1669 538 1754 585 mim
1766 526 1845 586 obti-

204 639 284 687 nem
309 621 481 684 baberent.
511 624 592 692 Hoc,
620 620 771 697 inquam,
785 618 953 681 faciebant
966 619 1002 679 in
1059 622 1125 682 tos.
1139 624 1209 683 Lex
1223 621 1312 682 enim
1328 621 1458 684 Domini
1473 622 1534 691 est,
1547 623 1583 683 ut
1595 620 1846 683 ordineturtes·

207 720 382 783 animabus
397 720 480 791 suis,
496 718 560 780 hoc
583 721 634 780 est
657 718 693 779 in
714 716 863 793 periculo
880 716 1002 779 animae
1057 719 1238 779 tamentum
1263 733 1363 795 super
1383 717 1559 789 sacrificia,
1582 718 1671 780 sieut
1688 717 1844 780 babemus

207 835 289 891 suae,
313 818 399 881 idest
424 818 514 888 vitae,
538 831 637 893 quam
659 815 761 877 vitam
784 815 919 891 propter
940 814 1003 875 boc
1058 815 1093 875 in
1108 814 1250 876 Psalmis
1272 815 1338 895 (49,
1350 814 1383 893 5)
1401 836 1408 874 :
1423 830 1441 875 s
1456 817 1663 892 congregate
1678 816 1730 877 illi
1747 819 1846 878 Sanc-

207 1012 465 1091 persecutionis.

249 1110 341 1183 Quod
357 1112 468 1171 autern
483 1110 610 1169 mantes
622 1108 871 1184 persecutorum
888 1105 1006 1166 dican-

208 1209 265 1269 tur
290 1207 469 1278 desertum,
499 1204 660 1268 babemus
688 1205 724 1265 in
750 1204 846 1266 ioele
872 1201 917 1281 (2,
943 1201 1004 1281 3);

210 1305 346 1377 «Quasi
372 1304 489 1365 hortus
512 1301 694 1378 voluptatis
715 1302 805 1363 terra
824 1315 936 1361 coram
951 1313 1004 1362 eo,

211 1404 331 1480 etpost
345 1418 419 1463 eum
431 1400 575 1462 solitudo
588 1399 836 1470 deserti,›idest
848 1398 922 1474 ipsa
935 1412 1007 1475 per·

212 1501 396 1571 secutione,
425 1498 658 1574 etcorporum
687 1496 844 1572 passione
862 1508 1006 1571 supera-

214 1596 295 1658 bant
322 1597 487 1672 Martyres
512 1609 591 1655 suos
614 1593 855 1670 persecutores,
890 1590 1008 1668 acqui·

212 1696 325 1757 rentes
340 1693 389 1755 eis
405 1692 507 1754 istum
520 1707 655 1769 panem3
678 1689 764 1751 unde
779 1689 875 1751 Isaiae
891 1688 936 1766 (9,
950 1687 984 1768 5)
998 1709 1005 1747 :

214 1793 263 1855 «J
267 1806 367 1867 ugnm
383 1790 630 1866 onerisejus,et
639 1788 767 1864 virgam
777 1786 907 1847 bumeri
922 1788 1007 1876 eius,

212 1892 247 1951 et
261 1891 429 1965 sceptrum
446 1885 616 1949 exactoris
639 1888 712 1961 ejus
726 1883 905 1960 superasti,
921 1883 1009 1945 sicut

217 1987 253 2047 in
277 1986 330 2047 die
358 1985 505 2046 Madian.
534 1999 553 2043 s
580 1981 743 2058 Loquitur
768 1980 935 2056 Propheta
965 1980 1007 2041 ad

220 2083 401 2161 quemlibet
423 2084 619 2156 Martyrum.
634 2083 763 2155 lupum
789 2081 906 2140 orieris
920 2080 1007 2151 ejus.

215 2184 337 2257 iugum
363 2179 488 2241 diaboli
505 2177 629 2239 dicitur
647 2174 817 2252 superbia,
837 2189 896 2251 par
909 2189 1008 2251 quam

212 2280 342 2340 tantum
358 2277 565 2354 ponderavit,
582 2275 667 2352 quod
683 2273 802 2334 coelum
816 2288 891 2351 eum
906 2271 1011 2332 susti·

216 2391 297 2437 nere
310 2391 378 2437 uon
394 2376 511 2452 potuit,
526 2371 733 2449 imodeJecit.
756 2374 860 2446 Virpa
872 2370 1010 2431 numeri

214 2473 357 2537 avaritia
381 2473 442 2542 est,
468 2487 532 2548 qua
547 2468 743 2545 iiagellatur
762 2467 860 2529 bomo
888 2465 1009 2527 edia-

213 2570 319 2632 bolo:
341 2569 422 2631 lacit
448 2570 536 2631 euim
560 2568 729 2629 bominem
758 2578 950 2641 properare,
977 2564 1012 2623 et

216 2669 405 2730 discurrere
418 2682 477 2742 per
499 2665 653 2741 regiones
673 2663 822 2723 diversas
837 2675 939 2722 causa
952 2659 1010 2719 lu-

217 2762 346 2839 crandi,
359 2764 447 2824 sicut
461 2762 643 2830 asinarius,
659 2758 713 2837 qui
732 2756 859 2819 babens
879 2756 1009 2832 virgam

218 2863 256 2923 in
268 2876 368 2921 mann
382 2855 826 2936 percutitasinum,utoitius
839 2856 893 2915 eat
902 2870 913 2926 3
923 2853 1011 2912 unde

220 2956 362 3034 Osee(l,
376 2954 428 3033 16)
445 2971 452 3014 :
467 2954 589 3026 «Quasi
603 2967 706 3014 vacca
721 2951 901 3013 lasciviens
913 2949 1013 3011 decli·

219 3055 313 3118 navit
342 3052 461 3126 lsrael,
491 3051 544 3114 vel
574 3048 755 3116 secundum
785 3047 886 3110 aliam
916 3047 1010 3109 litte·

218 3169 292 3216 ram
320 3150 370 3231 (i)
398 3173 405 3212 ε
432 3167 451 3211 s
479 3152 589 3212 Vacca
617 3163 776 3225 percussa
804 3147 915 3208 oestro
944 3142 1010 3223 ().

219 3250 431 3312 Declinantes
456 3247 546 3309 enim
574 3248 696 3323 ajugo
717 3244 802 3321 legis
830 3242 1012 3305 Dominicae

220 3348 373 3410 diabolus
401 3346 544 3423 percutit
566 3347 676 3405 oestro
698 3340 861 3409 avaritiae,
886 3338 1014 3402 etfacit

221 3462 311 3506 nunc
324 3445 397 3515 bac,
415 3458 504 3504 nunc
525 3442 604 3503 illac
622 3440 830 3512 discurrere3
853 3440 887 3500 et
913 3439 1012 3499 iere·

220 3539 296 3603 miae
304 3539 368 3619 (46,
377 3539 448 3619 adl:
465 3538 681 3600 «stimulator
696 3536 806 3598 veniet
823 3534 1015 3610 eiabnqui·

222 3637 514 3715 ionessequitur:
525 3636 569 3698 Ei
579 3635 754 3709 sceptrum
766 3633 942 3694 secutoris
949 3632 1012 3692 etc.

221 3738 370 3798 Exactor
380 3736 504 3797 dicitur
517 3735 643 3802 venter,
654 3732 711 3809 qui
725 3731 912 3805 sceptrum,
928 3727 1016 3788 idest

223 3834 445 3911 principatum
459 3831 552 3892 tenet
567 3828 603 3890 iu
621 3829 757 3890 bomine
772 3825 904 3903 quando
917 3826 1016 3885 bomo

224 3940 324 4001 nimis
335 3938 432 3998 datus
439 3937 491 3997 est
500 3934 603 4011 gulae3
615 3932 701 3995 unde
714 3930 942 4008 legitur,quod
952 3930 1018 3990 Na·

223 4034 394 4098 buzardan
407 4033 562 4110 princeps
572 4028 1015 4108 coquorum(3)scilicetgu-

223 4134 277 4206 lae,
288 4125 867 4197 destruxitmurosierusalem,idest
877 4125 1017 4193 virtutes

224 4222 1018 4305 animae;quuasceptrum,siveprincipatum,et

224 4330 355 4404 virgam
381 4325 522 4396 humeri,
548 4323 581 4385 et
608 4322 719 4383 oneris
740 4322 859 4397 jugum
882 4319 1019 4393 superat

225 4436 363 4510 Martyr.
373 4432 462 4493 sicut
475 4433 513 4491 tn
527 4432 581 4491 cite
590 4430 743 4498 Medion,
760 4425 845 4486 idest
858 4424 893 4484 in
906 4423 1018 4484 souitu

223 4529 312 4592 tubae
340 4526 598 4606 predicationis.
630 4524 778 4596 Qualiter
801 4518 1020 4597 triumphavit

225 4628 361 4687 dedeon
375 4624 418 4683 de
430 4621 623 4684 Madianiiis
640 4620 673 4680 in
689 4634 771 4681 sono
783 4617 882 4689 tubae,
896 4620 1019 4677 eicon-

226 4721 389 4784 sractione
416 4716 671 4793 laguncularum
688 4736 696 4775 :
713 4715 761 4776 sic
790 4715 955 4791 Martyres
982 4712 1018 4772 in

170 4829 177 4836 ·
224 4835 307 4882 sono
330 4815 590 4895 predicationis,
606 4814 640 4874 et
660 4811 887 4874 contractione
899 4810 1020 4885 lagun-

224 4917 376 4978 cularum
388 4927 525 4974 suorum
537 4924 713 4987 corporum
728 4905 1020 4981 triumphaverunt

224 5015 265 5075 de
280 5012 412 5074 diabolo
423 5008 611 5086 significato
626 5021 686 5083 per
698 5002 846 5071 Madian,
862 5001 947 5080 quod
961 5003 1018 5063 in·

204 5177 209 5187 ,
223 5110 427 5190 terpretatur
438 5103 671 5168 contradictio.

259 5259 299 5332 (ῖ)
311 5258 413 5318 versio
427 5269 515 5330 grace
533 5253 619 5311 billi.

259 5334 302 5402 (²)
317 5332 411 5389 Vacca
427 5340 561 5399 percussa
572 5330 679 5380 oestro.
695 5321 723 5378 S.
734 5320 926 5393 Hieronymus
934 5317 984 5376 lib.
994 5320 1018 5376 1.

222 5403 460 5462 commeatuum
479 5398 553 5455 Osee
566 5409 630 5467 cap.
650 5393 677 5450 i.
696 5392 753 5448 ait:
776 5393 831 5448 Pro
852 5390 1019 5446 lasciviente

223 5487 320 5539 vacca,
330 5469 405 5528 billi
416 5469 621 5526 transtulerunt
631 5470 839 5529 reprimeres:
851 5476 914 5532 qua
922 5467 1018 5517 oestro

223 5545 350 5614 asiloque
378 5553 512 5612 percusse
531 5537 591 5594 sit:
612 5549 697 5606 quem
711 5532 952 5662 miggotabeuum
966 5543 1017 5586 vo·

223 5618 299 5668 cent.
320 5614 360 5667 De
381 5623 437 5682 quo
455 5616 485 5665 et
501 5606 638 5688 Virgilius
653 5606 681 5660 in
696 5605 736 5664 lll
818 5605 890 5676 rgic.
909 5601 957 5658 lib.
969 5615 1015 5656 re·

224 5681 278 5735 ten
304 5681 383 5735 :Cui
405 5690 509 5734 nomeu
529 5676 601 5736 asilo
625 5676 785 5733 Romanum
810 5680 873 5730 est:
888 5680 1017 5729 oestrum

99 918 106 929 '
208 914 419 994 exponebant
444 930 465 977 a
492 912 578 975 facie
599 912 715 989 gladii,
732 911 819 974 idest
839 911 876 995 in
895 910 1004 973 madio
1058 914 1110 974 tos
1123 915 1207 989 ejus,
1224 912 1279 989 qui
1293 912 1783 991 ordinanttestamentnmejus
1796 930 1848 975 su·

1060 1025 1119 1085 per
1142 1010 1320 1071 sacrificia.
1337 1012 1617 1073 »Testamentum
1632 1014 1707 1088 ejus
1720 1013 1774 1072 est
1786 1012 1848 1073 vita

1060 1110 1198 1179 aeterna,
1213 1123 1287 1184 quie
1302 1108 1466 1185 promissa
1478 1111 1530 1170 est
1544 1109 1579 1169 iu
1591 1110 1794 1170 testamento
1807 1107 1848 1187 (l)

1061 1203 1139 1266 liliis
1164 1204 1319 1277 Abrabae,
1345 1206 1377 1267 si
1403 1205 1670 1268 sacrificaverint
1693 1205 1756 1285 (5),
1770 1206 1850 1283 idest

1061 1303 1090 1363 si
1105 1318 1237 1380 corpus,
1249 1304 1283 1367 et
1293 1303 1754 1380 propriamvoluutatemiieo
1770 1319 1852 1365 mac·
1899 1374 1902 1379 ,

1061 1400 1206 1462 taverint
1230 1422 1244 1465 ε,
1267 1401 1397 1477 oportet
1420 1401 1509 1463 enim
1534 1401 1728 1477 praecedere
1754 1401 1852 1472 istud,

1061 1497 1191 1558 scilicet
1216 1498 1419 1559 sacrificium
1448 1498 1630 1575 martyrii:
1657 1500 1693 1559 et
1717 1498 1770 1559 sic
1795 1499 1852 1560 erit

1062 1594 1144 1656 ordo
1169 1597 1291 1656 rectus.
1312 1597 1391 1656 Haec
1418 1597 1469 1657 est
1492 1611 1572 1671 ergo
1597 1594 1793 1667 baereditas,
1816 1595 1854 1655 de

1063 1708 1127 1769 qua
1148 1691 1301 1753 subditur
1316 1709 1324 1752 ε
1339 1693 1555 1754 Hoeredttete
1574 1696 1745 1766 αοοοῖεῑοῖ
1756 1693 1853 1754 testi·

1062 1792 1180 1850 moreio
1195 1789 1268 1849 tue.
1283 1789 1357 1849 Nou
1374 1788 1455 1850 dicit
1475 1788 1629 1864 gloriam,
1644 1790 1684 1849 ut
1696 1788 1854 1850 observa-

1063 1889 1114 1947 ret
1137 1885 1321 1960 legitimum
1349 1885 1500 1947 ordinem
1526 1906 1534 1945 z
1559 1884 1617 1946 sed
1644 1886 1851 1958 testimonie,

1064 1985 1151 2045 idest
1173 1982 1348 2059 martyria,
1369 1997 1430 2059 per
1452 1998 1527 2059 que
1546 1982 1735 2059 acquiritur
1749 1983 1857 2044 nere-

1064 2082 1162 2143 ditas.
1176 2085 1204 2143 A
1219 2080 1298 2141 liliis
1324 2078 1472 2140 zehedaei
1495 2078 1699 2156 postpositus
1718 2082 1773 2141 est
1796 2081 1856 2143 ista

1064 2179 1161 2250 ordo,
1174 2194 1272 2255 quem
1291 2175 1448 2239 volebant
1469 2175 1737 2253 praetermittere,
1761 2181 1798 2239 ut
1817 2177 1854 2238 ad

1064 2276 1204 2351 gloriam
1231 2274 1441 2337 festinarent.
1465 2274 1648 2351 Respondit
1675 2276 1857 2336 :Potestis

1065 2376 1177 2435 bibere
1194 2375 1345 2443 cattcem,
1363 2386 1464 2445 quem
1489 2386 1552 2447 epo
1573 2372 1745 2433 bibituram
1758 2375 1857 2433 sumt

1066 2469 1195 2548 (Mattb.
1211 2470 1263 2542 20,
1276 2467 1342 2547 22).
1359 2468 1394 2529 Si
1410 2468 1513 2544 igitur
1534 2468 1716 2530 baereditas
1745 2472 1855 2530 nostra

1065 2568 1150 2642 baec,
1171 2580 1373 2643 magnopere
1396 2564 1580 2628 cavendum
1603 2567 1664 2637 est,
1682 2581 1726 2627 ne
1744 2565 1856 2627 demus

1065 2681 1138 2727 eam
1162 2680 1222 2741 pro
1246 2662 1416 2734 lenticula,
1439 2663 1526 2725 sicut
1549 2662 1629 2724 iecit
1651 2665 1743 2724 Fsau
1764 2662 1854 2742 (deu.

1065 2766 1116 2838 25,
1142 2762 1209 2841 30),
1237 2763 1270 2824 et
1296 2761 1385 2822 unde
1409 2760 1655 2822 denomineuur
1681 2764 1805 2832 Edem,
1824 2762 1854 2822 et

1065 2859 1198 2921 taudem
1211 2858 1385 2919 audiamus
1409 2857 1496 2934 qnod
1519 2858 1643 2934 legitur
1657 2858 1695 2918 in
1719 2857 1856 2919 Tbrenis

1067 2956 1111 3031 (l,
1125 2955 1179 3033 21)
1196 2970 1235 3014 :c
1251 2951 1375 3020 Gaude,
1391 2955 1425 3014 et
1444 2952 1560 3014 loetare
1575 2952 1644 3014 tilia
1659 2952 1852 3029 Edem,quae

1067 3052 1198 3115 habitas
1213 3051 1248 3113 in
1270 3055 1359 3113 terra
1375 3052 1445 3113 Hus
1462 3050 1523 3112 :ad
1539 3051 1572 3112 te
1589 3065 1723 3128 quoque
1737 3065 1853 3127 perve-

1066 3153 1136 3213 niet
1148 3151 1249 3221 calix,
1265 3149 1498 3222 inebriaberis,
1514 3149 1612 3225 atque
1627 3148 1820 3210 nudaberis.
1837 3163 1857 3207 a

1067 3249 1207 3311 liabitas
1232 3249 1267 3309 iu
1289 3251 1379 3309 terra
1399 3249 1483 3320 lius,
1498 3246 1586 3307 idest
1597 3245 1704 3307 babes
1719 3249 1856 3307 menam

1067 3347 1104 3407 in
1131 3346 1286 3415 terrenis,
1312 3346 1346 3407 et
1371 3342 1521 3421 sequeris
1543 3343 1686 3404 consilia
1713 3343 1856 3415 diaboli;

1068 3443 1122 3505 cui
1137 3443 1259 3504 dicitur
1281 3441 1430 3504 ironice:
1447 3443 1575 3512 Gaude,
1589 3441 1623 3501 et
1637 3441 1774 3502 ioetere.
1794 3442 1856 3500 ie-

1068 3541 1255 3602 rumtemen
1271 3539 1313 3600 ad
1326 3540 1358 3600 te
1373 3538 1545 3615 perveniet
1565 3537 1656 3598 calix
1667 3553 1777 3614 poenae
1789 3539 1859 3598 ine-

1069 3637 1184 3699 brians
1210 3651 1326 3698 omues
1350 3634 1520 3707 malesei
1542 3634 1653 3710 gratia
1668 3634 1853 3695 nudaberis

1111 3739 1197 3802 Quia
1224 3733 1392 3795 sorditatio
1416 3735 1530 3794 cordis
1552 3735 1622 3792 neci
1653 3732 1755 3792 saint.
1783 3733 1857 3792 Haeo

1069 3826 1856 3905 testimonia,idestmartyriaeanitettosanciis

1072 3933 1216 3993 luerunt.
1255 3929 1316 3990 Vel
1345 3927 1415 3988 dlia
1451 3925 1553 3987 Edem
1575 3925 1689 3987 anima
1713 3927 1764 3987 est
1787 3940 1855 4001 qua

1072 4029 1255 4089 delectatur
1270 4024 1479 4100 insanguine
1494 4024 1622 4099 peccati
1635 4025 1669 4083 et
1681 4023 1774 4083 vitiis
1786 4036 1857 4082 car-

1073 4126 1135 4186 nis.
1150 4128 1259 4186 Edoni
1278 4123 1520 4198 interpretatur
1541 4120 1760 4195 sanguineus,
1775 4116 1853 4196 quod

1073 4237 1192 4284 nomen
1208 4223 1294 4281 Esau
1309 4221 1371 4290 est,
1384 4220 1480 4295 cujus
1495 4217 1577 4289 iilia,
1592 4215 1855 4293 concupiscentia

1073 4323 1219 4388 terrena,
1239 4317 1293 4379 oui
1318 4315 1445 4377 ironice
1466 4313 1588 4375 dicitur
1601 4336 1611 4374 z
1626 4313 1752 4384 Gaude,
1778 4311 1855 4373 idest

1072 4417 1197 4495 gaudes
1224 4430 1325 4484 nunc,
1348 4415 1383 4474 et
1402 4412 1542 4481 laetaris,
1571 4426 1645 4486 quae
1671 4410 1801 4472 habitas
1823 4408 1855 4469 in

1072 4516 1162 4576 terra
1186 4515 1268 4583 lius,
1295 4511 1381 4572 idest
1404 4508 1630 4570 consiliatoris
1655 4506 1789 4577 diaboli,
1804 4503 1855 4582 qui

1073 4625 1206 4687 semper
1219 4607 1364 4670 consulit
1375 4622 1426 4678 ea,
1441 4620 1515 4682 quae
1539 4605 1626 4665 mala
1641 4607 1730 4666 sunt
1745 4601 1804 4664 Sed
1817 4599 1854 4661 ad

1072 4709 1105 4771 te
1118 4706 1290 4785 perveniet
1299 4703 1493 4775 calix,idest
1502 4701 1612 4779 passio
1626 4704 1762 4764 aeternae
1775 4699 1858 4759 dam·

1074 4804 1233 4874 nationis,
1246 4818 1319 4881 quae
1332 4799 1485 4862 omnibus
1497 4798 1717 4876 promittitur,
1729 4796 1784 4875 qui
1801 4808 1854 4871 pro

1072 4909 1206 4963 terrena
1241 4897 1511 4975 concupiscentia
1542 4895 1775 4964 vendiderunt,
1807 4888 1854 4952 vel

1073 4999 1220 5062 vendunt
1233 4995 1462 5058 nereditatem
1473 4995 1646 5064 aeternam,
1659 4993 1747 5053 sieut
1766 4993 1852 5050 asan

1074 5096 1166 5171 Quod
1192 5110 1258 5157 non
1281 5092 1419 5163 iaciunt,
1447 5089 1563 5169 quiin
1586 5104 1627 5149 ea
1660 5083 1853 5166 acquirenda

1073 5244 1424 5304 Graiiverterevocantce.

1109 5317 1150 5388 (3)
1160 5315 1294 5383 Princeps
1351 5301 1851 5376 noranconsuteannotetiouemtl)

1073 5386 1108 5444 ad
1128 5384 1328 5442 Sermoneml.
1356 5381 1431 5448 xvi,
1446 5381 1501 5436 col.
1519 5379 1580 5436 765.

1109 5456 1151 5524 (ti
1166 5459 1237 5512 den.
1250 5454 1296 5522 22,
1306 5453 1340 5509 lt
1354 5450 1390 5509 ad
1406 5452 1449 5508 la.

1108 5527 1149 5598 (si
1161 5527 1190 5584 Si
1202 5523 1434 5581 sacrificaverint.
1448 5522 1522 5579 ven.
1536 5516 1622 5586 Beda,
1634 5519 1760 5591 Expedi.
1771 5518 1798 5573 iu
1806 5514 1852 5593 ⁶²?

1071 5588 1851 5737 nistrirncnaansvrc
