<?xml version="1.0" encoding="UTF-8"?>
<!DOCTYPE html PUBLIC "-//W3C//DTD XHTML 1.0 Transitional//EN"
    "http://www.w3.org/TR/xhtml1/DTD/xhtml1-transitional.dtd">
<html xmlns="http://www.w3.org/1999/xhtml" xml:lang="en" lang="en">
 <head>
  <title>
</title>
<meta http-equiv="Content-Type" content="text/html;charset=utf-8" />
  <meta name='ocr-system' content='tesseract 3.04.00' />
  <meta name='ocr-capabilities' content='ocr_page ocr_carea ocr_par ocr_line ocrx_word'/>
</head>
<body>
  <div class='ocr_page' id='page_1' title='image "./mediiaevibiblio09bottgoog_0379.png"; bbox 0 0 3950 6200; ppageno 0'>
   <div class='ocr_carea' id='block_1_1' title="bbox 1657 258 1718 317">
    <p class='ocr_par' dir='ltr' id='par_1_1' title="bbox 1657 258 1718 317">
     <span class='ocr_line' id='line_1_1' title="bbox 1657 258 1718 317; baseline 0 0"><span class='ocrx_word' id='word_1_1' title='bbox 1657 258 1718 317; x_wconf 77' lang='lat'><strong>482</strong></span> 
     </span>
    </p>
   </div>
   <div class='ocr_carea' id='block_1_2' title="bbox 123 236 1147 337">
    <p class='ocr_par' dir='ltr' id='par_1_2' title="bbox 123 236 1147 337">
     <span class='ocr_line' id='line_1_2' title="bbox 123 236 1147 337; baseline -0.019 -1"><span class='ocrx_word' id='word_1_2' title='bbox 123 273 168 337; x_wconf 83' lang='lat' dir='ltr'><strong>m</strong></span> <span class='ocrx_word' id='word_1_3' title='bbox 349 236 368 265; x_wconf 29' lang='grc' dir='ltr'>Χ</span> <span class='ocrx_word' id='word_1_4' title='bbox 644 254 968 325; x_wconf 77' lang='lat' dir='ltr'><strong>raonssomarm.</strong></span> <span class='ocrx_word' id='word_1_5' title='bbox 983 287 1025 304; x_wconf 90' lang='lat'>-</span> <span class='ocrx_word' id='word_1_6' title='bbox 1038 257 1147 318; x_wconf 79' lang='lat' dir='ltr'><strong>vrrs.</strong></span> 
     </span>
    </p>
   </div>
   <div class='ocr_carea' id='block_1_3' title="bbox 56 414 1723 1863">
    <p class='ocr_par' dir='ltr' id='par_1_3' title="bbox 56 414 1723 1863">
     <span class='ocr_line' id='line_1_3' title="bbox 118 414 1718 503; baseline -0.008 -13"><span class='ocrx_word' id='word_1_7' title='bbox 118 434 171 500; x_wconf 84' lang='lat' dir='ltr'><strong>tua,</strong></span> <span class='ocrx_word' id='word_1_8' title='bbox 184 427 214 489; x_wconf 87' lang='lat' dir='ltr'><strong>ut</strong></span> <span class='ocrx_word' id='word_1_9' title='bbox 232 438 296 503; x_wconf 78' lang='lat' dir='ltr'><strong>qua</strong></span> <span class='ocrx_word' id='word_1_10' title='bbox 315 421 482 485; x_wconf 77' lang='lat' dir='ltr'><strong>didicisset</strong></span> <span class='ocrx_word' id='word_1_11' title='bbox 507 419 624 497; x_wconf 79' lang='lat' dir='ltr'><strong>semel,</strong></span> <span class='ocrx_word' id='word_1_12' title='bbox 638 435 678 482; x_wconf 89' lang='lat' dir='ltr'><strong>ea</strong></span> <span class='ocrx_word' id='word_1_13' title='bbox 695 433 866 495; x_wconf 91' lang='lat' dir='ltr'><strong>nunqnam</strong></span> <span class='ocrx_word' id='word_1_14' title='bbox 922 418 1070 491; x_wconf 89' lang='lat' dir='ltr'><strong>sanctus,</strong></span> <span class='ocrx_word' id='word_1_15' title='bbox 1086 415 1318 494; x_wconf 75' lang='lat' dir='ltr'><strong>Apostolorum</strong></span> <span class='ocrx_word' id='word_1_16' title='bbox 1333 414 1368 476; x_wconf 92' lang='lat' dir='ltr'><strong>in</strong></span> <span class='ocrx_word' id='word_1_17' title='bbox 1383 415 1528 491; x_wconf 86' lang='lat' dir='ltr'><strong>modum,</strong></span> <span class='ocrx_word' id='word_1_18' title='bbox 1541 414 1718 478; x_wconf 87' lang='lat' dir='ltr'><strong>scientiam</strong></span> 
     </span>
     <span class='ocr_line' id='line_1_4' title="bbox 119 512 1718 591; baseline -0.009 -2"><span class='ocrx_word' id='word_1_19' title='bbox 119 517 723 590; x_wconf 77' lang='lat' dir='ltr'><strong>oblivionadediscaretnrathberalium</strong></span> <span class='ocrx_word' id='word_1_20' title='bbox 732 516 866 589; x_wconf 89' lang='lat' dir='ltr'><strong>artium,</strong></span> <span class='ocrx_word' id='word_1_21' title='bbox 923 514 1114 590; x_wconf 88' lang='lat' dir='ltr'><strong>linguarum</strong></span> <span class='ocrx_word' id='word_1_22' title='bbox 1139 513 1287 577; x_wconf 91' lang='lat' dir='ltr'><strong>omnium</strong></span> <span class='ocrx_word' id='word_1_23' title='bbox 1317 512 1500 585; x_wconf 79' lang='lat' dir='ltr'>habuisset,</span> <span class='ocrx_word' id='word_1_24' title='bbox 1529 514 1563 575; x_wconf 86' lang='lat' dir='ltr'><strong>et</strong></span> <span class='ocrx_word' id='word_1_25' title='bbox 1587 513 1623 574; x_wconf 89' lang='lat' dir='ltr'><strong>in</strong></span> <span class='ocrx_word' id='word_1_26' title='bbox 1652 529 1718 591; x_wconf 87' lang='lat' dir='ltr'><strong>qua</strong></span> 
     </span>
     <span class='ocr_line' id='line_1_5' title="bbox 118 610 1719 697; baseline -0.009 -11"><span class='ocrx_word' id='word_1_27' title='bbox 118 624 173 685; x_wconf 86' lang='lat' dir='ltr'><strong>emt</strong></span> <span class='ocrx_word' id='word_1_28' title='bbox 201 617 413 697; x_wconf 79' lang='lat' dir='ltr'><strong>philosophias,</strong></span> <span class='ocrx_word' id='word_1_29' title='bbox 444 615 517 677; x_wconf 86' lang='lat' dir='ltr'><strong>erat</strong></span> <span class='ocrx_word' id='word_1_30' title='bbox 551 614 731 692; x_wconf 86' lang='lat' dir='ltr'><strong>Scripturae</strong></span> <span class='ocrx_word' id='word_1_31' title='bbox 763 627 868 674; x_wconf 86' lang='lat' dir='ltr'><strong>sacrae</strong></span> <span class='ocrx_word' id='word_1_32' title='bbox 923 614 1012 674; x_wconf 88' lang='lat' dir='ltr'><strong>esset</strong></span> <span class='ocrx_word' id='word_1_33' title='bbox 1042 613 1142 673; x_wconf 89' lang='lat' dir='ltr'><strong>natus</strong></span> <span class='ocrx_word' id='word_1_34' title='bbox 1175 611 1330 688; x_wconf 90' lang='lat' dir='ltr'><strong>quisque,</strong></span> <span class='ocrx_word' id='word_1_35' title='bbox 1359 610 1474 672; x_wconf 90' lang='lat' dir='ltr'><strong>eadem</strong></span> <span class='ocrx_word' id='word_1_36' title='bbox 1500 610 1573 688; x_wconf 89' lang='lat' dir='ltr'><strong>ipse</strong></span> <span class='ocrx_word' id='word_1_37' title='bbox 1603 610 1719 688; x_wconf 89' lang='lat' dir='ltr'><strong>lingua</strong></span> 
     </span>
     <span class='ocr_line' id='line_1_6' title="bbox 117 708 1717 796; baseline -0.006 -16"><span class='ocrx_word' id='word_1_38' title='bbox 117 719 202 796; x_wconf 89' lang='lat' dir='ltr'><strong>ampla</strong></span> <span class='ocrx_word' id='word_1_39' title='bbox 215 715 356 791; x_wconf 83' lang='lat' dir='ltr'><strong>cognitio.</strong></span> <span class='ocrx_word' id='word_1_40' title='bbox 371 712 646 790; x_wconf 81' lang='lat' dir='ltr'><strong>Eratpaedicandi</strong></span> <span class='ocrx_word' id='word_1_41' title='bbox 661 711 748 773; x_wconf 89' lang='lat' dir='ltr'><strong>ratio</strong></span> <span class='ocrx_word' id='word_1_42' title='bbox 763 711 867 781; x_wconf 88' lang='lat' dir='ltr'><strong>tanta,</strong></span> <span class='ocrx_word' id='word_1_43' title='bbox 924 709 1055 772; x_wconf 88' lang='lat' dir='ltr'><strong>locutus</strong></span> <span class='ocrx_word' id='word_1_44' title='bbox 1081 709 1179 771; x_wconf 86' lang='lat' dir='ltr'><strong>osset.</strong></span> <span class='ocrx_word' id='word_1_45' title='bbox 1207 708 1242 768; x_wconf 91' lang='lat' dir='ltr'><strong>Id</strong></span> <span class='ocrx_word' id='word_1_46' title='bbox 1271 710 1382 771; x_wconf 89' lang='lat' dir='ltr'><strong>eutem</strong></span> <span class='ocrx_word' id='word_1_47' title='bbox 1400 708 1513 769; x_wconf 91' lang='lat' dir='ltr'><strong>multis</strong></span> <span class='ocrx_word' id='word_1_48' title='bbox 1535 708 1570 770; x_wconf 91' lang='lat' dir='ltr'><strong>in</strong></span> <span class='ocrx_word' id='word_1_49' title='bbox 1596 710 1717 771; x_wconf 84' lang='lat' dir='ltr'><strong>civita·</strong></span> 
     </span>
     <span class='ocr_line' id='line_1_7' title="bbox 118 804 1721 894; baseline -0.005 -18"><span class='ocrx_word' id='word_1_50' title='bbox 118 815 257 894; x_wconf 83' lang='lat' dir='ltr'><strong>quodsivo</strong></span> <span class='ocrx_word' id='word_1_51' title='bbox 276 812 460 874; x_wconf 79' lang='lat' dir='ltr'><strong>hortaretur</strong></span> <span class='ocrx_word' id='word_1_52' title='bbox 474 809 515 871; x_wconf 93' lang='lat' dir='ltr'><strong>ad</strong></span> <span class='ocrx_word' id='word_1_53' title='bbox 528 810 705 887; x_wconf 90' lang='lat' dir='ltr'><strong>jejunium,</strong></span> <span class='ocrx_word' id='word_1_54' title='bbox 721 807 762 869; x_wconf 91' lang='lat' dir='ltr'><strong>ad</strong></span> <span class='ocrx_word' id='word_1_55' title='bbox 777 807 869 869; x_wconf 90' lang='lat' dir='ltr'><strong>elee-</strong></span> <span class='ocrx_word' id='word_1_56' title='bbox 923 807 1024 879; x_wconf 90' lang='lat' dir='ltr'><strong>tibus,</strong></span> <span class='ocrx_word' id='word_1_57' title='bbox 1052 821 1092 867; x_wconf 91' lang='lat' dir='ltr'><strong>ac</strong></span> <span class='ocrx_word' id='word_1_58' title='bbox 1119 820 1209 882; x_wconf 85' lang='lat' dir='ltr'><strong>saepe</strong></span> <span class='ocrx_word' id='word_1_59' title='bbox 1235 804 1358 867; x_wconf 84' lang='lat' dir='ltr'><strong>iactum</strong></span> <span class='ocrx_word' id='word_1_60' title='bbox 1393 820 1454 867; x_wconf 87' lang='lat' dir='ltr'><strong>sua</strong></span> <span class='ocrx_word' id='word_1_61' title='bbox 1483 806 1721 883; x_wconf 84' lang='lat' dir='ltr'><strong>praedicatione</strong></span> 
     </span>
     <span class='ocr_line' id='line_1_8' title="bbox 117 902 1717 989; baseline -0.006 -13"><span class='ocrx_word' id='word_1_62' title='bbox 117 926 266 989; x_wconf 66' lang='lat' dir='ltr'><strong>nosquam,</strong></span> <span class='ocrx_word' id='word_1_63' title='bbox 292 909 330 969; x_wconf 89' lang='lat' dir='ltr'><strong>ad</strong></span> <span class='ocrx_word' id='word_1_64' title='bbox 353 907 593 985; x_wconf 86' lang='lat' dir='ltr'><strong>poenitentiam,</strong></span> <span class='ocrx_word' id='word_1_65' title='bbox 612 905 660 966; x_wconf 61' lang='lat' dir='ltr'><strong>,ad</strong></span> <span class='ocrx_word' id='word_1_66' title='bbox 679 902 870 982; x_wconf 88' lang='lat' dir='ltr'><strong>hujusmodi</strong></span> <span class='ocrx_word' id='word_1_67' title='bbox 925 905 1064 975; x_wconf 88' lang='lat' dir='ltr'><strong>constat,</strong></span> <span class='ocrx_word' id='word_1_68' title='bbox 1077 904 1114 965; x_wconf 88' lang='lat' dir='ltr'><strong>ut</strong></span> <span class='ocrx_word' id='word_1_69' title='bbox 1128 905 1183 981; x_wconf 87' lang='lat' dir='ltr'><strong>qui</strong></span> <span class='ocrx_word' id='word_1_70' title='bbox 1198 902 1364 975; x_wconf 81' lang='lat' dir='ltr'><strong>audirent,</strong></span> <span class='ocrx_word' id='word_1_71' title='bbox 1381 904 1572 981; x_wconf 81' lang='lat' dir='ltr'><strong>peccatores</strong></span> <span class='ocrx_word' id='word_1_72' title='bbox 1587 904 1628 965; x_wconf 90' lang='lat' dir='ltr'><strong>ad</strong></span> <span class='ocrx_word' id='word_1_73' title='bbox 1642 920 1717 982; x_wconf 88' lang='lat' dir='ltr'><strong>poe-</strong></span> 
     </span>
     <span class='ocr_line' id='line_1_9' title="bbox 116 1000 1720 1086; baseline -0.004 -16"><span class='ocrx_word' id='word_1_74' title='bbox 116 1010 227 1086; x_wconf 84' lang='lat' dir='ltr'><strong>mliqua,</strong></span> <span class='ocrx_word' id='word_1_75' title='bbox 245 1022 311 1083; x_wconf 83' lang='lat' dir='ltr'><strong>quae</strong></span> <span class='ocrx_word' id='word_1_76' title='bbox 330 1005 370 1066; x_wconf 88' lang='lat' dir='ltr'><strong>ad</strong></span> <span class='ocrx_word' id='word_1_77' title='bbox 391 1004 476 1066; x_wconf 87' lang='lat' dir='ltr'><strong>bene</strong></span> <span class='ocrx_word' id='word_1_78' title='bbox 498 1019 538 1066; x_wconf 85' lang='lat' dir='ltr'><strong>ac</strong></span> <span class='ocrx_word' id='word_1_79' title='bbox 552 1003 667 1065; x_wconf 85' lang='lat' dir='ltr'><strong>sancte</strong></span> <span class='ocrx_word' id='word_1_80' title='bbox 690 1000 870 1064; x_wconf 84' lang='lat' dir='ltr'><strong>vivendum</strong></span> <span class='ocrx_word' id='word_1_81' title='bbox 926 1002 1099 1064; x_wconf 88' lang='lat' dir='ltr'><strong>nitentiam</strong></span> <span class='ocrx_word' id='word_1_82' title='bbox 1115 1000 1338 1077; x_wconf 85' lang='lat' dir='ltr'><strong>pervenirent,</strong></span> <span class='ocrx_word' id='word_1_83' title='bbox 1351 1002 1497 1063; x_wconf 89' lang='lat' dir='ltr'><strong>usurarii</strong></span> <span class='ocrx_word' id='word_1_84' title='bbox 1508 1017 1629 1063; x_wconf 87' lang='lat' dir='ltr'><strong>usuras</strong></span> <span class='ocrx_word' id='word_1_85' title='bbox 1641 1002 1720 1063; x_wconf 90' lang='lat' dir='ltr'><strong>red-</strong></span> 
     </span>
     <span class='ocr_line' id='line_1_10' title="bbox 116 1097 1721 1181; baseline -0.004 -13"><span class='ocrx_word' id='word_1_86' title='bbox 116 1105 221 1176; x_wconf 91' lang='lat' dir='ltr'><strong>ducunt,</strong></span> <span class='ocrx_word' id='word_1_87' title='bbox 237 1104 397 1181; x_wconf 81' lang='lat' dir='ltr'><strong>vitamque</strong></span> <span class='ocrx_word' id='word_1_88' title='bbox 415 1104 576 1165; x_wconf 80' lang='lat' dir='ltr'><strong>aeternam</strong></span> <span class='ocrx_word' id='word_1_89' title='bbox 590 1116 631 1162; x_wconf 90' lang='lat' dir='ltr'><strong>ac</strong></span> <span class='ocrx_word' id='word_1_90' title='bbox 648 1099 789 1162; x_wconf 85' lang='lat' dir='ltr'><strong>salutem</strong></span> <span class='ocrx_word' id='word_1_91' title='bbox 801 1098 872 1160; x_wconf 89' lang='lat' dir='ltr'><strong>ani·</strong></span> <span class='ocrx_word' id='word_1_92' title='bbox 925 1098 1053 1170; x_wconf 92' lang='lat' dir='ltr'><strong>derent,</strong></span> <span class='ocrx_word' id='word_1_93' title='bbox 1072 1099 1264 1160; x_wconf 85' lang='lat' dir='ltr'><strong>meretrices</strong></span> <span class='ocrx_word' id='word_1_94' title='bbox 1276 1097 1450 1170; x_wconf 87' lang='lat' dir='ltr'><strong>nuberent,</strong></span> <span class='ocrx_word' id='word_1_95' title='bbox 1477 1099 1640 1161; x_wconf 88' lang='lat' dir='ltr'><strong>carcerati</strong></span> <span class='ocrx_word' id='word_1_96' title='bbox 1659 1098 1721 1161; x_wconf 86' lang='lat' dir='ltr'><strong>ab·</strong></span> 
     </span>
     <span class='ocr_line' id='line_1_11' title="bbox 115 1195 1720 1279; baseline -0.004 -15"><span class='ocrx_word' id='word_1_97' title='bbox 115 1219 161 1264; x_wconf 79' lang='lat' dir='ltr'><strong>na</strong></span> <span class='ocrx_word' id='word_1_98' title='bbox 173 1201 374 1279; x_wconf 91' lang='lat' dir='ltr'><strong>pollicentur;</strong></span> <span class='ocrx_word' id='word_1_99' title='bbox 388 1199 460 1261; x_wconf 87' lang='lat' dir='ltr'><strong>sive</strong></span> <span class='ocrx_word' id='word_1_100' title='bbox 473 1199 690 1261; x_wconf 84' lang='lat' dir='ltr'><strong>inveheretur</strong></span> <span class='ocrx_word' id='word_1_101' title='bbox 703 1197 738 1257; x_wconf 91' lang='lat' dir='ltr'><strong>in</strong></span> <span class='ocrx_word' id='word_1_102' title='bbox 753 1211 872 1272; x_wconf 90' lang='lat' dir='ltr'><strong>super·</strong></span> <span class='ocrx_word' id='word_1_103' title='bbox 926 1196 1146 1264; x_wconf 79' lang='lat' dir='ltr'><strong>solverentur,</strong></span> <span class='ocrx_word' id='word_1_104' title='bbox 1157 1195 1285 1257; x_wconf 89' lang='lat' dir='ltr'><strong>inimici</strong></span> <span class='ocrx_word' id='word_1_105' title='bbox 1300 1195 1567 1272; x_wconf 81' lang='lat' dir='ltr'><strong>pacificarentur.</strong></span> <span class='ocrx_word' id='word_1_106' title='bbox 1577 1195 1720 1259; x_wconf 81' lang='lat' dir='ltr'><strong>confes-</strong></span> 
     </span>
     <span class='ocr_line' id='line_1_12' title="bbox 113 1293 1721 1371; baseline -0.002 -10"><span class='ocrx_word' id='word_1_107' title='bbox 113 1300 190 1370; x_wconf 87' lang='lat' dir='ltr'><strong>biam,</strong></span> <span class='ocrx_word' id='word_1_108' title='bbox 199 1300 230 1360; x_wconf 91' lang='lat' dir='ltr'><strong>in</strong></span> <span class='ocrx_word' id='word_1_109' title='bbox 242 1297 424 1369; x_wconf 83' lang='lat' dir='ltr'><strong>avaritiam,</strong></span> <span class='ocrx_word' id='word_1_110' title='bbox 441 1296 476 1357; x_wconf 90' lang='lat' dir='ltr'><strong>in</strong></span> <span class='ocrx_word' id='word_1_111' title='bbox 488 1295 672 1365; x_wconf 91' lang='lat' dir='ltr'><strong>libidinem,</strong></span> <span class='ocrx_word' id='word_1_112' title='bbox 685 1295 719 1355; x_wconf 93' lang='lat' dir='ltr'><strong>ln</strong></span> <span class='ocrx_word' id='word_1_113' title='bbox 735 1294 872 1371; x_wconf 89' lang='lat' dir='ltr'><strong>peccata</strong></span> <span class='ocrx_word' id='word_1_114' title='bbox 927 1295 1054 1355; x_wconf 89' lang='lat' dir='ltr'><strong>sionem</strong></span> <span class='ocrx_word' id='word_1_115' title='bbox 1078 1308 1158 1355; x_wconf 83' lang='lat' dir='ltr'><strong>vero</strong></span> <span class='ocrx_word' id='word_1_116' title='bbox 1187 1293 1272 1366; x_wconf 85' lang='lat' dir='ltr'><strong>fleri,</strong></span> <span class='ocrx_word' id='word_1_117' title='bbox 1294 1294 1467 1369; x_wconf 88' lang='lat' dir='ltr'><strong>tantopere</strong></span> <span class='ocrx_word' id='word_1_118' title='bbox 1488 1293 1657 1367; x_wconf 83' lang='lat' dir='ltr'><strong>suadebat,</strong></span> <span class='ocrx_word' id='word_1_119' title='bbox 1683 1298 1721 1358; x_wconf 88' lang='lat' dir='ltr'><strong>ut</strong></span> 
     </span>
     <span class='ocr_line' id='line_1_13' title="bbox 115 1390 1720 1473; baseline -0.002 -15"><span class='ocrx_word' id='word_1_120' title='bbox 115 1400 217 1468; x_wconf 73' lang='lat' dir='ltr'><strong>cahra,</strong></span> <span class='ocrx_word' id='word_1_121' title='bbox 231 1411 299 1473; x_wconf 84' lang='lat' dir='ltr'><strong>quae</strong></span> <span class='ocrx_word' id='word_1_122' title='bbox 310 1394 427 1456; x_wconf 81' lang='lat' dir='ltr'><strong>noxios</strong></span> <span class='ocrx_word' id='word_1_123' title='bbox 442 1393 483 1455; x_wconf 91' lang='lat' dir='ltr'><strong>ad</strong></span> <span class='ocrx_word' id='word_1_124' title='bbox 504 1393 613 1455; x_wconf 81' lang='lat' dir='ltr'><strong>intera</strong></span> <span class='ocrx_word' id='word_1_125' title='bbox 627 1392 784 1465; x_wconf 81' lang='lat' dir='ltr'><strong>trahunt3</strong></span> <span class='ocrx_word' id='word_1_126' title='bbox 801 1390 872 1452; x_wconf 83' lang='lat' dir='ltr'><strong>sive</strong></span> <span class='ocrx_word' id='word_1_127' title='bbox 926 1390 1093 1454; x_wconf 86' lang='lat' dir='ltr'><strong>interdum</strong></span> <span class='ocrx_word' id='word_1_128' title='bbox 1115 1391 1225 1454; x_wconf 87' lang='lat' dir='ltr'><strong>clerus</strong></span> <span class='ocrx_word' id='word_1_129' title='bbox 1240 1390 1347 1452; x_wconf 90' lang='lat' dir='ltr'><strong>omnis</strong></span> <span class='ocrx_word' id='word_1_130' title='bbox 1361 1390 1587 1453; x_wconf 78' lang='lat' dir='ltr'><strong>confitentium</strong></span> <span class='ocrx_word' id='word_1_131' title='bbox 1602 1391 1720 1454; x_wconf 89' lang='lat' dir='ltr'><strong>multi·</strong></span> 
     </span>
     <span class='ocr_line' id='line_1_14' title="bbox 114 1486 1721 1571; baseline -0.003 -16"><span class='ocrx_word' id='word_1_132' title='bbox 114 1494 238 1571; x_wconf 82' lang='lat' dir='ltr'><strong>paginam</strong></span> <span class='ocrx_word' id='word_1_133' title='bbox 259 1507 386 1553; x_wconf 88' lang='lat' dir='ltr'><strong>sacram</strong></span> <span class='ocrx_word' id='word_1_134' title='bbox 412 1490 481 1552; x_wconf 91' lang='lat' dir='ltr'><strong>ullo</strong></span> <span class='ocrx_word' id='word_1_135' title='bbox 501 1491 536 1551; x_wconf 94' lang='lat' dir='ltr'><strong>in</strong></span> <span class='ocrx_word' id='word_1_136' title='bbox 557 1504 681 1567; x_wconf 86' lang='lat' dir='ltr'><strong>genere</strong></span> <span class='ocrx_word' id='word_1_137' title='bbox 700 1486 870 1566; x_wconf 81' lang='lat' dir='ltr'><strong>aperiret3</strong></span> <span class='ocrx_word' id='word_1_138' title='bbox 927 1487 1033 1551; x_wconf 87' lang='lat' dir='ltr'><strong>tudini</strong></span> <span class='ocrx_word' id='word_1_139' title='bbox 1058 1503 1125 1550; x_wconf 90' lang='lat' dir='ltr'><strong>non</strong></span> <span class='ocrx_word' id='word_1_140' title='bbox 1140 1488 1223 1550; x_wconf 87' lang='lat' dir='ltr'><strong>satis</strong></span> <span class='ocrx_word' id='word_1_141' title='bbox 1238 1489 1336 1549; x_wconf 87' lang='lat' dir='ltr'><strong>esset.</strong></span> <span class='ocrx_word' id='word_1_142' title='bbox 1353 1487 1479 1565; x_wconf 86' lang='lat' dir='ltr'><strong>Quippe</strong></span> <span class='ocrx_word' id='word_1_143' title='bbox 1493 1488 1600 1551; x_wconf 89' lang='lat' dir='ltr'><strong>auditi</strong></span> <span class='ocrx_word' id='word_1_144' title='bbox 1612 1489 1721 1566; x_wconf 91' lang='lat' dir='ltr'><strong>pleri-</strong></span> 
     </span>
     <span class='ocr_line' id='line_1_15' title="bbox 115 1584 1722 1664; baseline -0.001 -13.071"><span class='ocrx_word' id='word_1_145' title='bbox 115 1591 167 1652; x_wconf 81' lang='lat' dir='ltr'><strong>sirs</strong></span> <span class='ocrx_word' id='word_1_146' title='bbox 185 1590 405 1652; x_wconf 87' lang='lat' dir='ltr'><strong>testamentum</strong></span> <span class='ocrx_word' id='word_1_147' title='bbox 432 1589 529 1651; x_wconf 79' lang='lat' dir='ltr'><strong>retus</strong></span> <span class='ocrx_word' id='word_1_148' title='bbox 550 1587 592 1648; x_wconf 90' lang='lat' dir='ltr'><strong>ad</strong></span> <span class='ocrx_word' id='word_1_149' title='bbox 612 1601 732 1649; x_wconf 83' lang='lat' dir='ltr'><strong>noram</strong></span> <span class='ocrx_word' id='word_1_150' title='bbox 749 1584 872 1646; x_wconf 83' lang='lat' dir='ltr'><strong>Christi</strong></span> <span class='ocrx_word' id='word_1_151' title='bbox 927 1586 992 1664; x_wconf 87' lang='lat' dir='ltr'><strong>que</strong></span> <span class='ocrx_word' id='word_1_152' title='bbox 1002 1587 1089 1659; x_wconf 87' lang='lat' dir='ltr'><strong>sunt,</strong></span> <span class='ocrx_word' id='word_1_153' title='bbox 1100 1586 1156 1663; x_wconf 91' lang='lat' dir='ltr'><strong>qui</strong></span> <span class='ocrx_word' id='word_1_154' title='bbox 1167 1600 1204 1647; x_wconf 89' lang='lat' dir='ltr'><strong>so</strong></span> <span class='ocrx_word' id='word_1_155' title='bbox 1214 1586 1424 1663; x_wconf 88' lang='lat' dir='ltr'><strong>perquietem</strong></span> <span class='ocrx_word' id='word_1_156' title='bbox 1439 1586 1626 1648; x_wconf 88' lang='lat' dir='ltr'><strong>admonitos</strong></span> <span class='ocrx_word' id='word_1_157' title='bbox 1642 1586 1722 1649; x_wconf 87' lang='lat' dir='ltr'><strong>late·</strong></span> 
     </span>
     <span class='ocr_line' id='line_1_16' title="bbox 56 1682 1720 1764; baseline 0 -17"><span class='ocrx_word' id='word_1_158' title='bbox 56 1688 57 1729; x_wconf 50' lang='lat' dir='ltr'><strong>t</strong></span> <span class='ocrx_word' id='word_1_159' title='bbox 112 1686 473 1764; x_wconf 77' lang='lat' dir='ltr'><strong>logenamommodaret</strong></span> <span class='ocrx_word' id='word_1_160' title='bbox 488 1683 871 1752; x_wconf 82' lang='lat' dir='ltr'><strong>casensimadeoolare,</strong></span> <span class='ocrx_word' id='word_1_161' title='bbox 927 1682 1186 1760; x_wconf 63' lang='lat' dir='ltr'><strong>maturatque</strong></span> <span class='ocrx_word' id='word_1_162' title='bbox 1200 1683 1261 1746; x_wconf 88' lang='lat' dir='ltr'><strong>Vir</strong></span> <span class='ocrx_word' id='word_1_163' title='bbox 1273 1683 1332 1745; x_wconf 85' lang='lat' dir='ltr'><strong>Dei</strong></span> <span class='ocrx_word' id='word_1_164' title='bbox 1343 1683 1478 1756; x_wconf 89' lang='lat' dir='ltr'><strong>diceret,</strong></span> <span class='ocrx_word' id='word_1_165' title='bbox 1489 1683 1720 1762; x_wconf 87' lang='lat' dir='ltr'><strong>adimplerent.</strong></span> 
     </span>
     <span class='ocr_line' id='line_1_17' title="bbox 56 1780 1723 1863; baseline -0.001 -18"><span class='ocrx_word' id='word_1_166' title='bbox 56 1854 57 1863; x_wconf 8' lang='grc' dir='ltr'>ἵ</span> <span class='ocrx_word' id='word_1_167' title='bbox 113 1800 141 1845; x_wconf 83' lang='lat' dir='ltr'><strong>ac</strong></span> <span class='ocrx_word' id='word_1_168' title='bbox 152 1784 275 1846; x_wconf 90' lang='lat' dir='ltr'><strong>dilucide</strong></span> <span class='ocrx_word' id='word_1_169' title='bbox 288 1782 484 1862; x_wconf 83' lang='lat' dir='ltr'><strong>explicaret,</strong></span> <span class='ocrx_word' id='word_1_170' title='bbox 498 1782 783 1859; x_wconf 84' lang='lat' dir='ltr'><strong>interpretaretur,</strong></span> <span class='ocrx_word' id='word_1_171' title='bbox 795 1795 874 1842; x_wconf 88' lang='lat' dir='ltr'><strong>ehu·</strong></span> <span class='ocrx_word' id='word_1_172' title='bbox 968 1780 1004 1842; x_wconf 93' lang='lat' dir='ltr'><strong>Id</strong></span> <span class='ocrx_word' id='word_1_173' title='bbox 1019 1796 1149 1859; x_wconf 88' lang='lat' dir='ltr'><strong>quoque</strong></span> <span class='ocrx_word' id='word_1_174' title='bbox 1168 1782 1372 1856; x_wconf 89' lang='lat' dir='ltr'><strong>institutum,</strong></span> <span class='ocrx_word' id='word_1_175' title='bbox 1392 1783 1529 1844; x_wconf 89' lang='lat' dir='ltr'><strong>auctore</strong></span> <span class='ocrx_word' id='word_1_176' title='bbox 1544 1782 1615 1859; x_wconf 88' lang='lat' dir='ltr'><strong>ipso</strong></span> <span class='ocrx_word' id='word_1_177' title='bbox 1628 1798 1723 1861; x_wconf 86' lang='lat' dir='ltr'><strong>coep·</strong></span> 
     </span>
    </p>
   </div>
   <div class='ocr_carea' id='block_1_4' title="bbox 56 1868 877 3223">
    <p class='ocr_par' dir='ltr' id='par_1_4' title="bbox 56 1868 876 2918">
     <span class='ocr_line' id='line_1_18' title="bbox 56 1868 871 1959; baseline -0.006 -16"><span class='ocrx_word' id='word_1_178' title='bbox 56 1868 57 1871; x_wconf 47' lang='lat'>&#39;</span> <span class='ocrx_word' id='word_1_179' title='bbox 113 1881 221 1954; x_wconf 82' lang='lat' dir='ltr'><strong>ciceret,</strong></span> <span class='ocrx_word' id='word_1_180' title='bbox 245 1881 327 1959; x_wconf 92' lang='lat' dir='ltr'><strong>quod</strong></span> <span class='ocrx_word' id='word_1_181' title='bbox 358 1881 444 1942; x_wconf 91' lang='lat' dir='ltr'><strong>nihil</strong></span> <span class='ocrx_word' id='word_1_182' title='bbox 468 1879 644 1942; x_wconf 89' lang='lat' dir='ltr'><strong>dicendum</strong></span> <span class='ocrx_word' id='word_1_183' title='bbox 668 1879 871 1950; x_wconf 86' lang='lat' dir='ltr'><strong>remaneret,</strong></span> 
     </span>
     <span class='ocr_line' id='line_1_19' title="bbox 113 1974 873 2051; baseline -0.005 -12"><span class='ocrx_word' id='word_1_184' title='bbox 113 1979 153 2039; x_wconf 83' lang='lat' dir='ltr'><strong>sed</strong></span> <span class='ocrx_word' id='word_1_185' title='bbox 163 1978 292 2041; x_wconf 82' lang='lat' dir='ltr'><strong>hactum</strong></span> <span class='ocrx_word' id='word_1_186' title='bbox 315 1978 409 2040; x_wconf 90' lang='lat' dir='ltr'><strong>docti</strong></span> <span class='ocrx_word' id='word_1_187' title='bbox 424 1977 570 2040; x_wconf 89' lang='lat' dir='ltr'><strong>simulet</strong></span> <span class='ocrx_word' id='word_1_188' title='bbox 589 1974 715 2037; x_wconf 84' lang='lat' dir='ltr'><strong>indocti</strong></span> <span class='ocrx_word' id='word_1_189' title='bbox 729 1974 873 2051; x_wconf 91' lang='lat' dir='ltr'><strong>collige-</strong></span> 
     </span>
     <span class='ocr_line' id='line_1_20' title="bbox 112 2072 873 2153; baseline -0.007 -16"><span class='ocrx_word' id='word_1_190' title='bbox 112 2077 174 2147; x_wconf 84' lang='lat' dir='ltr'><strong>rent</strong></span> <span class='ocrx_word' id='word_1_191' title='bbox 192 2078 368 2153; x_wconf 85' lang='lat' dir='ltr'><strong>portarent,</strong></span> <span class='ocrx_word' id='word_1_192' title='bbox 389 2074 560 2137; x_wconf 89' lang='lat' dir='ltr'><strong>haberent.</strong></span> <span class='ocrx_word' id='word_1_193' title='bbox 577 2075 705 2149; x_wconf 89' lang='lat' dir='ltr'><strong>Nempe</strong></span> <span class='ocrx_word' id='word_1_194' title='bbox 727 2088 803 2135; x_wconf 89' lang='lat' dir='ltr'><strong>cum</strong></span> <span class='ocrx_word' id='word_1_195' title='bbox 817 2072 873 2132; x_wconf 92' lang='lat' dir='ltr'><strong>di-</strong></span> 
     </span>
     <span class='ocr_line' id='line_1_21' title="bbox 112 2170 873 2250; baseline -0.003 -18"><span class='ocrx_word' id='word_1_196' title='bbox 112 2173 389 2246; x_wconf 70' lang='lat' dir='ltr'><strong>remuneratam</strong></span> <span class='ocrx_word' id='word_1_197' title='bbox 412 2173 453 2235; x_wconf 91' lang='lat' dir='ltr'><strong>de</strong></span> <span class='ocrx_word' id='word_1_198' title='bbox 473 2171 631 2250; x_wconf 86' lang='lat' dir='ltr'><strong>potentia,</strong></span> <span class='ocrx_word' id='word_1_199' title='bbox 653 2170 706 2233; x_wconf 83' lang='lat' dir='ltr'><strong>vel</strong></span> <span class='ocrx_word' id='word_1_200' title='bbox 735 2171 873 2232; x_wconf 91' lang='lat' dir='ltr'><strong>miseri-</strong></span> 
     </span>
     <span class='ocr_line' id='line_1_22' title="bbox 112 2267 874 2348; baseline -0.005 -17"><span class='ocrx_word' id='word_1_201' title='bbox 112 2270 196 2331; x_wconf 83' lang='lat' dir='ltr'><strong>mrdia</strong></span> <span class='ocrx_word' id='word_1_202' title='bbox 204 2272 326 2348; x_wconf 87' lang='lat' dir='ltr'><strong>optimi,</strong></span> <span class='ocrx_word' id='word_1_203' title='bbox 338 2287 381 2333; x_wconf 87' lang='lat' dir='ltr'><strong>ac</strong></span> <span class='ocrx_word' id='word_1_204' title='bbox 391 2270 508 2332; x_wconf 83' lang='lat' dir='ltr'><strong>aeterni</strong></span> <span class='ocrx_word' id='word_1_205' title='bbox 519 2269 590 2342; x_wconf 85' lang='lat' dir='ltr'><strong>bei,</strong></span> <span class='ocrx_word' id='word_1_206' title='bbox 601 2270 660 2331; x_wconf 89' lang='lat' dir='ltr'><strong>aut</strong></span> <span class='ocrx_word' id='word_1_207' title='bbox 670 2267 712 2330; x_wconf 92' lang='lat' dir='ltr'><strong>de</strong></span> <span class='ocrx_word' id='word_1_208' title='bbox 721 2267 874 2329; x_wconf 90' lang='lat' dir='ltr'><strong>habenda</strong></span> 
     </span>
     <span class='ocr_line' id='line_1_23' title="bbox 111 2366 873 2446; baseline -0.003 -19"><span class='ocrx_word' id='word_1_209' title='bbox 111 2367 323 2431; x_wconf 85' lang='lat' dir='ltr'><strong>interhominos</strong></span> <span class='ocrx_word' id='word_1_210' title='bbox 346 2368 483 2446; x_wconf 83' lang='lat' dir='ltr'><strong>pietate,</strong></span> <span class='ocrx_word' id='word_1_211' title='bbox 507 2366 694 2438; x_wconf 88' lang='lat' dir='ltr'><strong>clementia,</strong></span> <span class='ocrx_word' id='word_1_212' title='bbox 720 2366 873 2436; x_wconf 89' lang='lat' dir='ltr'><strong>caritate,</strong></span> 
     </span>
     <span class='ocr_line' id='line_1_24' title="bbox 112 2462 875 2540; baseline -0.001 -16"><span class='ocrx_word' id='word_1_213' title='bbox 112 2467 153 2526; x_wconf 84' lang='lat' dir='ltr'><strong>rut</strong></span> <span class='ocrx_word' id='word_1_214' title='bbox 168 2465 228 2527; x_wconf 88' lang='lat' dir='ltr'><strong>ulla</strong></span> <span class='ocrx_word' id='word_1_215' title='bbox 242 2465 281 2527; x_wconf 86' lang='lat' dir='ltr'><strong>de</strong></span> <span class='ocrx_word' id='word_1_216' title='bbox 294 2466 435 2537; x_wconf 80' lang='lat' dir='ltr'><strong>virtute,</strong></span> <span class='ocrx_word' id='word_1_217' title='bbox 453 2480 513 2526; x_wconf 90' lang='lat' dir='ltr'><strong>seu</strong></span> <span class='ocrx_word' id='word_1_218' title='bbox 532 2465 574 2525; x_wconf 92' lang='lat' dir='ltr'><strong>de</strong></span> <span class='ocrx_word' id='word_1_219' title='bbox 589 2464 671 2526; x_wconf 76' lang='lat' dir='ltr'><strong>vitio</strong></span> <span class='ocrx_word' id='word_1_220' title='bbox 686 2462 811 2540; x_wconf 89' lang='lat' dir='ltr'><strong>aliquo,</strong></span> <span class='ocrx_word' id='word_1_221' title='bbox 828 2462 875 2523; x_wconf 91' lang='lat' dir='ltr'><strong>ita</strong></span> 
     </span>
     <span class='ocr_line' id='line_1_25' title="bbox 111 2560 875 2640; baseline 0.001 -21"><span class='ocrx_word' id='word_1_222' title='bbox 111 2560 221 2635; x_wconf 86' lang='lat' dir='ltr'><strong>dicebat,</strong></span> <span class='ocrx_word' id='word_1_223' title='bbox 234 2564 278 2635; x_wconf 92' lang='lat' dir='ltr'><strong>ut,</strong></span> <span class='ocrx_word' id='word_1_224' title='bbox 294 2561 574 2640; x_wconf 86' lang='lat' dir='ltr'><strong>quemadmodum</strong></span> <span class='ocrx_word' id='word_1_225' title='bbox 595 2561 702 2632; x_wconf 86' lang='lat' dir='ltr'><strong>erant,</strong></span> <span class='ocrx_word' id='word_1_226' title='bbox 730 2561 776 2621; x_wconf 85' lang='lat' dir='ltr'><strong>ita</strong></span> <span class='ocrx_word' id='word_1_227' title='bbox 801 2575 875 2620; x_wconf 87' lang='lat' dir='ltr'><strong>csse</strong></span> 
     </span>
     <span class='ocr_line' id='line_1_26' title="bbox 112 2657 876 2735; baseline 0 -16"><span class='ocrx_word' id='word_1_228' title='bbox 112 2659 280 2733; x_wconf 86' lang='lat' dir='ltr'><strong>peritissimo</strong></span> <span class='ocrx_word' id='word_1_229' title='bbox 300 2664 334 2723; x_wconf 89' lang='lat' dir='ltr'><strong>et</strong></span> <span class='ocrx_word' id='word_1_230' title='bbox 362 2661 475 2722; x_wconf 87' lang='lat' dir='ltr'><strong>sancto</strong></span> <span class='ocrx_word' id='word_1_231' title='bbox 490 2674 511 2721; x_wconf 89' lang='lat' dir='ltr'><strong>a</strong></span> <span class='ocrx_word' id='word_1_232' title='bbox 525 2659 617 2730; x_wconf 87' lang='lat' dir='ltr'><strong>Viro,</strong></span> <span class='ocrx_word' id='word_1_233' title='bbox 634 2673 695 2720; x_wconf 87' lang='lat' dir='ltr'><strong>nec</strong></span> <span class='ocrx_word' id='word_1_234' title='bbox 709 2657 841 2735; x_wconf 91' lang='lat' dir='ltr'><strong>quidem</strong></span> <span class='ocrx_word' id='word_1_235' title='bbox 857 2673 876 2719; x_wconf 93' lang='lat' dir='ltr'><strong>e</strong></span> 
     </span>
     <span class='ocr_line' id='line_1_27' title="bbox 112 2755 874 2836; baseline 0.003 -22"><span class='ocrx_word' id='word_1_236' title='bbox 112 2756 214 2829; x_wconf 70' lang='lat' dir='ltr'><strong>rivulis,</strong></span> <span class='ocrx_word' id='word_1_237' title='bbox 227 2759 281 2820; x_wconf 88' lang='lat' dir='ltr'><strong>sed</strong></span> <span class='ocrx_word' id='word_1_238' title='bbox 304 2758 444 2836; x_wconf 84' lang='lat' dir='ltr'><strong>proprio</strong></span> <span class='ocrx_word' id='word_1_239' title='bbox 459 2772 478 2818; x_wconf 96' lang='lat' dir='ltr'><strong>e</strong></span> <span class='ocrx_word' id='word_1_240' title='bbox 490 2755 580 2818; x_wconf 82' lang='lat' dir='ltr'><strong>sonte</strong></span> <span class='ocrx_word' id='word_1_241' title='bbox 594 2770 724 2832; x_wconf 76' lang='lat' dir='ltr'><strong>magna</strong></span> <span class='ocrx_word' id='word_1_242' title='bbox 736 2755 874 2832; x_wconf 88' lang='lat' dir='ltr'><strong>sapien-</strong></span> 
     </span>
     <span class='ocr_line' id='line_1_28' title="bbox 111 2852 652 2918; baseline -0.004 -5"><span class='ocrx_word' id='word_1_243' title='bbox 111 2852 267 2917; x_wconf 84' lang='lat' dir='ltr'><strong>tisbausta</strong></span> <span class='ocrx_word' id='word_1_244' title='bbox 282 2856 399 2918; x_wconf 89' lang='lat' dir='ltr'><strong>omnia</strong></span> <span class='ocrx_word' id='word_1_245' title='bbox 411 2854 615 2916; x_wconf 84' lang='lat' dir='ltr'><strong>viderentur.</strong></span> <span class='ocrx_word' id='word_1_246' title='bbox 641 2886 652 2911; x_wconf 77' lang='lat' dir='ltr'><em>l</em></span> 
     </span>
    </p>

    <p class='ocr_par' dir='ltr' id='par_1_5' title="bbox 111 2949 877 3223">
     <span class='ocr_line' id='line_1_29' title="bbox 138 2949 876 3031; baseline 0 -21"><span class='ocrx_word' id='word_1_247' title='bbox 138 2952 335 3031; x_wconf 82' lang='lat' dir='ltr'><strong>hratquoqus</strong></span> <span class='ocrx_word' id='word_1_248' title='bbox 348 2951 384 3013; x_wconf 93' lang='lat' dir='ltr'><strong>in</strong></span> <span class='ocrx_word' id='word_1_249' title='bbox 398 2967 438 3014; x_wconf 91' lang='lat' dir='ltr'><strong>eo</strong></span> <span class='ocrx_word' id='word_1_250' title='bbox 455 2950 620 3012; x_wconf 89' lang='lat' dir='ltr'><strong>mirabilis</strong></span> <span class='ocrx_word' id='word_1_251' title='bbox 632 2949 785 3028; x_wconf 86' lang='lat' dir='ltr'><strong>quaedam</strong></span> <span class='ocrx_word' id='word_1_252' title='bbox 797 2964 876 3011; x_wconf 88' lang='lat' dir='ltr'><strong>sua·</strong></span> 
     </span>
     <span class='ocr_line' id='line_1_30' title="bbox 111 3044 877 3127; baseline 0.001 -20"><span class='ocrx_word' id='word_1_253' title='bbox 111 3044 195 3122; x_wconf 86' lang='lat' dir='ltr'><strong>dandi,</strong></span> <span class='ocrx_word' id='word_1_254' title='bbox 221 3049 504 3127; x_wconf 79' lang='lat' dir='ltr'><strong>dissuadendique</strong></span> <span class='ocrx_word' id='word_1_255' title='bbox 529 3046 682 3122; x_wconf 75' lang='lat' dir='ltr'><strong>facultas,</strong></span> <span class='ocrx_word' id='word_1_256' title='bbox 704 3061 745 3111; x_wconf 84' lang='lat' dir='ltr'><strong>ac</strong></span> <span class='ocrx_word' id='word_1_257' title='bbox 765 3046 877 3110; x_wconf 81' lang='lat' dir='ltr'><strong>terror</strong></span> 
     </span>
     <span class='ocr_line' id='line_1_31' title="bbox 112 3145 876 3223; baseline 0.004 -18"><span class='ocrx_word' id='word_1_258' title='bbox 112 3146 216 3221; x_wconf 89' lang='lat' dir='ltr'><strong>quidam</strong></span> <span class='ocrx_word' id='word_1_259' title='bbox 229 3164 302 3210; x_wconf 90' lang='lat' dir='ltr'><strong>cum</strong></span> <span class='ocrx_word' id='word_1_260' title='bbox 318 3163 436 3210; x_wconf 89' lang='lat' dir='ltr'><strong>amore</strong></span> <span class='ocrx_word' id='word_1_261' title='bbox 443 3149 477 3209; x_wconf 90' lang='lat' dir='ltr'><strong>et</strong></span> <span class='ocrx_word' id='word_1_262' title='bbox 486 3148 625 3209; x_wconf 88' lang='lat' dir='ltr'><strong>caritate</strong></span> <span class='ocrx_word' id='word_1_263' title='bbox 637 3146 781 3214; x_wconf 90' lang='lat' dir='ltr'><strong>dicendi,</strong></span> <span class='ocrx_word' id='word_1_264' title='bbox 790 3145 876 3223; x_wconf 92' lang='lat' dir='ltr'><strong>quod</strong></span> 
     </span>
    </p>
   </div>
   <div class='ocr_carea' id='block_1_5' title="bbox 927 1878 1727 3223">
    <p class='ocr_par' dir='ltr' id='par_1_6' title="bbox 927 1878 1727 3223">
     <span class='ocr_line' id='line_1_32' title="bbox 927 1878 1725 1953; baseline -0.001 -11"><span class='ocrx_word' id='word_1_265' title='bbox 927 1880 1009 1952; x_wconf 86' lang='lat' dir='ltr'><strong>tum,</strong></span> <span class='ocrx_word' id='word_1_266' title='bbox 1032 1879 1122 1941; x_wconf 92' lang='lat' dir='ltr'><strong>hunc</strong></span> <span class='ocrx_word' id='word_1_267' title='bbox 1148 1878 1250 1940; x_wconf 89' lang='lat' dir='ltr'><strong>istum</strong></span> <span class='ocrx_word' id='word_1_268' title='bbox 1268 1878 1303 1940; x_wconf 89' lang='lat' dir='ltr'><strong>in</strong></span> <span class='ocrx_word' id='word_1_269' title='bbox 1325 1878 1413 1941; x_wconf 87' lang='lat' dir='ltr'><strong>diem</strong></span> <span class='ocrx_word' id='word_1_270' title='bbox 1427 1881 1549 1953; x_wconf 90' lang='lat' dir='ltr'><strong>manet,</strong></span> <span class='ocrx_word' id='word_1_271' title='bbox 1564 1881 1601 1942; x_wconf 91' lang='lat' dir='ltr'><strong>ut</strong></span> <span class='ocrx_word' id='word_1_272' title='bbox 1613 1880 1725 1942; x_wconf 88' lang='lat' dir='ltr'><strong>homi·</strong></span> 
     </span>
     <span class='ocr_line' id='line_1_33' title="bbox 928 1976 1723 2054; baseline 0.001 -15"><span class='ocrx_word' id='word_1_273' title='bbox 928 1993 1008 2039; x_wconf 91' lang='lat' dir='ltr'><strong>num</strong></span> <span class='ocrx_word' id='word_1_274' title='bbox 1021 1977 1197 2040; x_wconf 89' lang='lat' dir='ltr'><strong>societates</strong></span> <span class='ocrx_word' id='word_1_275' title='bbox 1211 1979 1292 2054; x_wconf 91' lang='lat' dir='ltr'><strong>quot</strong></span> <span class='ocrx_word' id='word_1_276' title='bbox 1305 1976 1498 2038; x_wconf 88' lang='lat' dir='ltr'><strong>solennibus</strong></span> <span class='ocrx_word' id='word_1_277' title='bbox 1514 1976 1607 2040; x_wconf 83' lang='lat' dir='ltr'><strong>iestis</strong></span> <span class='ocrx_word' id='word_1_278' title='bbox 1618 1978 1723 2040; x_wconf 87' lang='lat' dir='ltr'><strong>disci-</strong></span> 
     </span>
     <span class='ocr_line' id='line_1_34' title="bbox 929 2073 1722 2152; baseline 0.003 -16"><span class='ocrx_word' id='word_1_279' title='bbox 929 2075 1055 2152; x_wconf 91' lang='lat' dir='ltr'><strong>plinam</strong></span> <span class='ocrx_word' id='word_1_280' title='bbox 1079 2077 1192 2150; x_wconf 89' lang='lat' dir='ltr'><strong>agant,</strong></span> <span class='ocrx_word' id='word_1_281' title='bbox 1220 2073 1432 2137; x_wconf 73' lang='lat' dir='ltr'><strong>ac&#39;vestibus</strong></span> <span class='ocrx_word' id='word_1_282' title='bbox 1447 2077 1583 2137; x_wconf 87' lang='lat' dir='ltr'><strong>mutatis</strong></span> <span class='ocrx_word' id='word_1_283' title='bbox 1602 2078 1722 2139; x_wconf 88' lang='lat' dir='ltr'><strong>euntes</strong></span> 
     </span>
     <span class='ocr_line' id='line_1_35' title="bbox 928 2171 1721 2249; baseline 0.001 -15"><span class='ocrx_word' id='word_1_284' title='bbox 928 2173 999 2234; x_wconf 92' lang='lat' dir='ltr'><strong>bini</strong></span> <span class='ocrx_word' id='word_1_285' title='bbox 1014 2171 1056 2234; x_wconf 89' lang='lat' dir='ltr'><strong>ad</strong></span> <span class='ocrx_word' id='word_1_286' title='bbox 1075 2173 1135 2233; x_wconf 90' lang='lat' dir='ltr'><strong>Dei</strong></span> <span class='ocrx_word' id='word_1_287' title='bbox 1153 2171 1276 2249; x_wconf 87' lang='lat' dir='ltr'><strong>templa</strong></span> <span class='ocrx_word' id='word_1_288' title='bbox 1289 2188 1363 2233; x_wconf 87' lang='lat' dir='ltr'><strong>sese</strong></span> <span class='ocrx_word' id='word_1_289' title='bbox 1376 2172 1513 2234; x_wconf 88' lang='lat' dir='ltr'><strong>souticis</strong></span> <span class='ocrx_word' id='word_1_290' title='bbox 1534 2173 1721 2237; x_wconf 80' lang='lat' dir='ltr'><strong>verberent.</strong></span> 
     </span>
     <span class='ocr_line' id='line_1_36' title="bbox 930 2269 1723 2346; baseline 0.001 -13"><span class='ocrx_word' id='word_1_291' title='bbox 930 2269 1120 2333; x_wconf 84' lang='lat' dir='ltr'><strong>Eccelinum</strong></span> <span class='ocrx_word' id='word_1_292' title='bbox 1132 2272 1255 2343; x_wconf 90' lang='lat' dir='ltr'><strong>autem,</strong></span> <span class='ocrx_word' id='word_1_293' title='bbox 1276 2269 1330 2346; x_wconf 93' lang='lat' dir='ltr'><strong>qui</strong></span> <span class='ocrx_word' id='word_1_294' title='bbox 1349 2269 1413 2330; x_wconf 92' lang='lat' dir='ltr'><strong>hoc</strong></span> <span class='ocrx_word' id='word_1_295' title='bbox 1427 2270 1463 2330; x_wconf 90' lang='lat' dir='ltr'><strong>in</strong></span> <span class='ocrx_word' id='word_1_296' title='bbox 1477 2271 1599 2346; x_wconf 90' lang='lat' dir='ltr'><strong>angulo</strong></span> <span class='ocrx_word' id='word_1_297' title='bbox 1617 2271 1723 2334; x_wconf 82' lang='lat' dir='ltr'><strong>Italiac</strong></span> 
     </span>
     <span class='ocr_line' id='line_1_37' title="bbox 929 2367 1721 2444; baseline 0.001 -15"><span class='ocrx_word' id='word_1_298' title='bbox 929 2367 1169 2436; x_wconf 83' lang='lat' dir='ltr'><strong>dominaretur,</strong></span> <span class='ocrx_word' id='word_1_299' title='bbox 1179 2382 1219 2428; x_wconf 92' lang='lat' dir='ltr'><strong>ac</strong></span> <span class='ocrx_word' id='word_1_300' title='bbox 1232 2367 1434 2429; x_wconf 79' lang='lat' dir='ltr'><strong>saevbsimus</strong></span> <span class='ocrx_word' id='word_1_301' title='bbox 1443 2369 1606 2444; x_wconf 65' lang='lat' dir='ltr'><strong>tmannus</strong></span> <span class='ocrx_word' id='word_1_302' title='bbox 1620 2371 1721 2441; x_wconf 87' lang='lat' dir='ltr'><strong>esset,</strong></span> 
     </span>
     <span class='ocr_line' id='line_1_38' title="bbox 929 2462 1724 2540; baseline 0.001 -13"><span class='ocrx_word' id='word_1_303' title='bbox 929 2465 989 2527; x_wconf 84' lang='lat' dir='ltr'><strong>Vir</strong></span> <span class='ocrx_word' id='word_1_304' title='bbox 1008 2465 1079 2537; x_wconf 88' lang='lat' dir='ltr'><strong>Dei,</strong></span> <span class='ocrx_word' id='word_1_305' title='bbox 1093 2467 1234 2526; x_wconf 83' lang='lat' dir='ltr'><strong>Veronae</strong></span> <span class='ocrx_word' id='word_1_306' title='bbox 1250 2463 1312 2526; x_wconf 89' lang='lat' dir='ltr'><strong>boc</strong></span> <span class='ocrx_word' id='word_1_307' title='bbox 1322 2462 1396 2537; x_wconf 86' lang='lat' dir='ltr'><strong>suit,</strong></span> <span class='ocrx_word' id='word_1_308' title='bbox 1410 2480 1532 2540; x_wconf 87' lang='lat' dir='ltr'><strong>magna</strong></span> <span class='ocrx_word' id='word_1_309' title='bbox 1541 2465 1582 2527; x_wconf 93' lang='lat' dir='ltr'><strong>ob</strong></span> <span class='ocrx_word' id='word_1_310' title='bbox 1595 2465 1724 2529; x_wconf 87' lang='lat' dir='ltr'><strong>scelera</strong></span> 
     </span>
     <span class='ocr_line' id='line_1_39' title="bbox 929 2560 1722 2641; baseline 0.001 -17"><span class='ocrx_word' id='word_1_311' title='bbox 929 2561 1105 2639; x_wconf 88' lang='lat' dir='ltr'><strong>intrepide,</strong></span> <span class='ocrx_word' id='word_1_312' title='bbox 1133 2560 1303 2638; x_wconf 84' lang='lat' dir='ltr'><strong>animique</strong></span> <span class='ocrx_word' id='word_1_313' title='bbox 1333 2561 1542 2624; x_wconf 79' lang='lat' dir='ltr'><strong>vehementia</strong></span> <span class='ocrx_word' id='word_1_314' title='bbox 1568 2560 1722 2641; x_wconf 82' lang='lat' dir='ltr'><strong>quadam,</strong></span> 
     </span>
     <span class='ocr_line' id='line_1_40' title="bbox 930 2658 1724 2738; baseline 0.001 -17"><span class='ocrx_word' id='word_1_315' title='bbox 930 2675 970 2721; x_wconf 85' lang='lat' dir='ltr'><strong>ac</strong></span> <span class='ocrx_word' id='word_1_316' title='bbox 990 2658 1167 2721; x_wconf 81' lang='lat' dir='ltr'><strong>minatoria</strong></span> <span class='ocrx_word' id='word_1_317' title='bbox 1196 2658 1393 2736; x_wconf 80' lang='lat' dir='ltr'><strong>increpavit.</strong></span> <span class='ocrx_word' id='word_1_318' title='bbox 1416 2658 1477 2720; x_wconf 90' lang='lat' dir='ltr'><strong>Ille</strong></span> <span class='ocrx_word' id='word_1_319' title='bbox 1496 2661 1606 2722; x_wconf 89' lang='lat' dir='ltr'><strong>autem</strong></span> <span class='ocrx_word' id='word_1_320' title='bbox 1628 2662 1724 2738; x_wconf 88' lang='lat' dir='ltr'><strong>quasi</strong></span> 
     </span>
     <span class='ocr_line' id='line_1_41' title="bbox 930 2754 1722 2833; baseline 0.003 -16"><span class='ocrx_word' id='word_1_321' title='bbox 930 2771 1037 2833; x_wconf 87' lang='lat' dir='ltr'><strong>agnus</strong></span> <span class='ocrx_word' id='word_1_322' title='bbox 1065 2771 1145 2817; x_wconf 83' lang='lat' dir='ltr'><strong>mox</strong></span> <span class='ocrx_word' id='word_1_323' title='bbox 1169 2771 1188 2817; x_wconf 91' lang='lat' dir='ltr'><strong>s</strong></span> <span class='ocrx_word' id='word_1_324' title='bbox 1213 2754 1292 2833; x_wconf 91' lang='lat' dir='ltr'><strong>lupo</strong></span> <span class='ocrx_word' id='word_1_325' title='bbox 1323 2754 1441 2829; x_wconf 84' lang='lat' dir='ltr'><strong>iactus,</strong></span> <span class='ocrx_word' id='word_1_326' title='bbox 1469 2757 1722 2833; x_wconf 88' lang='lat' dir='ltr'><strong>patientissime,</strong></span> 
     </span>
     <span class='ocr_line' id='line_1_42' title="bbox 930 2853 1726 2933; baseline 0.005 -19"><span class='ocrx_word' id='word_1_327' title='bbox 930 2869 1005 2931; x_wconf 80' lang='lat' dir='ltr'><strong>quae</strong></span> <span class='ocrx_word' id='word_1_328' title='bbox 1019 2853 1154 2915; x_wconf 87' lang='lat' dir='ltr'><strong>sanctus</strong></span> <span class='ocrx_word' id='word_1_329' title='bbox 1168 2853 1306 2928; x_wconf 89' lang='lat' dir='ltr'><strong>diceret,</strong></span> <span class='ocrx_word' id='word_1_330' title='bbox 1321 2853 1497 2929; x_wconf 88' lang='lat' dir='ltr'><strong>toleravit;</strong></span> <span class='ocrx_word' id='word_1_331' title='bbox 1513 2870 1726 2933; x_wconf 90' lang='lat' dir='ltr'><strong>appensoque</strong></span> 
     </span>
     <span class='ocr_line' id='line_1_43' title="bbox 930 2951 1727 3029; baseline 0.005 -17"><span class='ocrx_word' id='word_1_332' title='bbox 930 2951 972 3013; x_wconf 94' lang='lat' dir='ltr'><strong>ad</strong></span> <span class='ocrx_word' id='word_1_333' title='bbox 987 2952 1109 3013; x_wconf 90' lang='lat' dir='ltr'><strong>collum</strong></span> <span class='ocrx_word' id='word_1_334' title='bbox 1130 2951 1276 3027; x_wconf 90' lang='lat' dir='ltr'><strong>cingulo,</strong></span> <span class='ocrx_word' id='word_1_335' title='bbox 1292 2967 1333 3013; x_wconf 89' lang='lat' dir='ltr'><strong>ac</strong></span> <span class='ocrx_word' id='word_1_336' title='bbox 1352 2951 1493 3029; x_wconf 78' lang='lat' dir='ltr'><strong>genibus</strong></span> <span class='ocrx_word' id='word_1_337' title='bbox 1507 2953 1678 3015; x_wconf 88' lang='lat' dir='ltr'><strong>humiliter</strong></span> <span class='ocrx_word' id='word_1_338' title='bbox 1691 2954 1727 3016; x_wconf 93' lang='lat' dir='ltr'><strong>in</strong></span> 
     </span>
     <span class='ocr_line' id='line_1_44' title="bbox 930 3049 1726 3128; baseline 0.005 -16"><span class='ocrx_word' id='word_1_339' title='bbox 930 3052 1055 3112; x_wconf 85' lang='lat' dir='ltr'><strong>terram</strong></span> <span class='ocrx_word' id='word_1_340' title='bbox 1081 3049 1190 3122; x_wconf 83' lang='lat' dir='ltr'><strong>flexis,</strong></span> <span class='ocrx_word' id='word_1_341' title='bbox 1217 3050 1350 3112; x_wconf 80' lang='lat' dir='ltr'><strong>reniam</strong></span> <span class='ocrx_word' id='word_1_342' title='bbox 1376 3049 1481 3128; x_wconf 86' lang='lat' dir='ltr'><strong>petiit</strong></span> <span class='ocrx_word' id='word_1_343' title='bbox 1510 3051 1631 3115; x_wconf 88' lang='lat' dir='ltr'><strong>Postea</strong></span> <span class='ocrx_word' id='word_1_344' title='bbox 1645 3067 1726 3116; x_wconf 79' lang='lat' dir='ltr'><strong>vero</strong></span> 
     </span>
     <span class='ocr_line' id='line_1_45' title="bbox 930 3147 1726 3223; baseline 0.001 -14"><span class='ocrx_word' id='word_1_345' title='bbox 930 3147 1216 3223; x_wconf 81' lang='lat' dir='ltr'><strong>interrogantibus</strong></span> <span class='ocrx_word' id='word_1_346' title='bbox 1230 3147 1348 3209; x_wconf 89' lang='lat' dir='ltr'><strong>amicis</strong></span> <span class='ocrx_word' id='word_1_347' title='bbox 1364 3168 1373 3207; x_wconf 77' lang='grc' dir='ltr'>ι</span> <span class='ocrx_word' id='word_1_348' title='bbox 1391 3163 1451 3209; x_wconf 92' lang='lat' dir='ltr'><strong>cur</strong></span> <span class='ocrx_word' id='word_1_349' title='bbox 1469 3148 1563 3210; x_wconf 87' lang='lat' dir='ltr'><strong>tanta</strong></span> <span class='ocrx_word' id='word_1_350' title='bbox 1584 3149 1726 3211; x_wconf 92' lang='lat' dir='ltr'><strong>humili-</strong></span> 
     </span>
    </p>
   </div>
   <div class='ocr_carea' id='block_1_6' title="bbox 109 3242 1728 3518">
    <p class='ocr_par' dir='ltr' id='par_1_7' title="bbox 109 3242 1728 3518">
     <span class='ocr_line' id='line_1_46' title="bbox 110 3242 1728 3324; baseline 0.005 -23"><span class='ocrx_word' id='word_1_351' title='bbox 110 3242 292 3308; x_wconf 81' lang='lat' dir='ltr'><strong>rebementer</strong></span> <span class='ocrx_word' id='word_1_352' title='bbox 319 3244 530 3307; x_wconf 86' lang='lat' dir='ltr'><strong>audientium</strong></span> <span class='ocrx_word' id='word_1_353' title='bbox 558 3245 687 3306; x_wconf 91' lang='lat' dir='ltr'><strong>animos</strong></span> <span class='ocrx_word' id='word_1_354' title='bbox 702 3244 874 3316; x_wconf 82' lang='lat' dir='ltr'><strong>excitaret,</strong></span> <span class='ocrx_word' id='word_1_355' title='bbox 930 3246 1011 3313; x_wconf 86' lang='lat' dir='ltr'><strong>tate,</strong></span> <span class='ocrx_word' id='word_1_356' title='bbox 1034 3246 1068 3306; x_wconf 85' lang='lat' dir='ltr'><strong>et</strong></span> <span class='ocrx_word' id='word_1_357' title='bbox 1088 3244 1250 3322; x_wconf 85' lang='lat' dir='ltr'><strong>patientia</strong></span> <span class='ocrx_word' id='word_1_358' title='bbox 1273 3260 1354 3306; x_wconf 90' lang='lat' dir='ltr'><strong>usus</strong></span> <span class='ocrx_word' id='word_1_359' title='bbox 1372 3246 1473 3317; x_wconf 88' lang='lat' dir='ltr'><strong>esset,</strong></span> <span class='ocrx_word' id='word_1_360' title='bbox 1493 3262 1569 3307; x_wconf 89' lang='lat' dir='ltr'><strong>cum</strong></span> <span class='ocrx_word' id='word_1_361' title='bbox 1582 3248 1650 3324; x_wconf 89' lang='lat' dir='ltr'><strong>pati</strong></span> <span class='ocrx_word' id='word_1_362' title='bbox 1664 3262 1728 3309; x_wconf 90' lang='lat' dir='ltr'><strong>au-</strong></span> 
     </span>
     <span class='ocr_line' id='line_1_47' title="bbox 110 3339 1727 3415; baseline 0.004 -15"><span class='ocrx_word' id='word_1_363' title='bbox 110 3339 239 3415; x_wconf 85' lang='lat' dir='ltr'><strong>allicerst,</strong></span> <span class='ocrx_word' id='word_1_364' title='bbox 266 3344 503 3406; x_wconf 85' lang='lat' dir='ltr'><strong>commoveret</strong></span> <span class='ocrx_word' id='word_1_365' title='bbox 532 3341 612 3403; x_wconf 80' lang='lat' dir='ltr'><strong>Erat</strong></span> <span class='ocrx_word' id='word_1_366' title='bbox 631 3342 718 3414; x_wconf 85' lang='lat' dir='ltr'><strong>lama</strong></span> <span class='ocrx_word' id='word_1_367' title='bbox 732 3340 876 3402; x_wconf 91' lang='lat' dir='ltr'><strong>nominis</strong></span> <span class='ocrx_word' id='word_1_368' title='bbox 931 3342 1015 3413; x_wconf 91' lang='lat' dir='ltr'><strong>dire,</strong></span> <span class='ocrx_word' id='word_1_369' title='bbox 1032 3341 1073 3403; x_wconf 92' lang='lat' dir='ltr'><strong>de</strong></span> <span class='ocrx_word' id='word_1_370' title='bbox 1092 3356 1129 3402; x_wconf 89' lang='lat' dir='ltr'><strong>se</strong></span> <span class='ocrx_word' id='word_1_371' title='bbox 1152 3341 1219 3403; x_wconf 91' lang='lat' dir='ltr'><strong>dici</strong></span> <span class='ocrx_word' id='word_1_372' title='bbox 1242 3341 1472 3414; x_wconf 90' lang='lat' dir='ltr'><strong>contumelias,</strong></span> <span class='ocrx_word' id='word_1_373' title='bbox 1497 3359 1565 3404; x_wconf 91' lang='lat' dir='ltr'><strong>non</strong></span> <span class='ocrx_word' id='word_1_374' title='bbox 1580 3344 1727 3409; x_wconf 85' lang='lat' dir='ltr'><strong>soleretl</strong></span> 
     </span>
     <span class='ocr_line' id='line_1_48' title="bbox 109 3434 1728 3518; baseline 0.005 -22"><span class='ocrx_word' id='word_1_375' title='bbox 109 3434 333 3503; x_wconf 80' lang='lat' dir='ltr'><strong>dochetsancti</strong></span> <span class='ocrx_word' id='word_1_376' title='bbox 349 3439 435 3511; x_wconf 88' lang='lat' dir='ltr'><strong>Viri,</strong></span> <span class='ocrx_word' id='word_1_377' title='bbox 459 3454 532 3517; x_wconf 86' lang='lat' dir='ltr'><strong>quae</strong></span> <span class='ocrx_word' id='word_1_378' title='bbox 551 3438 650 3501; x_wconf 89' lang='lat' dir='ltr'><strong>iacile</strong></span> <span class='ocrx_word' id='word_1_379' title='bbox 674 3439 812 3515; x_wconf 92' lang='lat' dir='ltr'><strong>populos</strong></span> <span class='ocrx_word' id='word_1_380' title='bbox 835 3438 876 3499; x_wconf 90' lang='lat' dir='ltr'><strong>ad</strong></span> <span class='ocrx_word' id='word_1_381' title='bbox 932 3438 1136 3517; x_wconf 87' lang='lat' dir='ltr'><strong>Respondit:</strong></span> <span class='ocrx_word' id='word_1_382' title='bbox 1153 3454 1190 3500; x_wconf 91' lang='lat' dir='ltr'><strong>se</strong></span> <span class='ocrx_word' id='word_1_383' title='bbox 1216 3439 1289 3500; x_wconf 88' lang='lat' dir='ltr'><strong>Viri</strong></span> <span class='ocrx_word' id='word_1_384' title='bbox 1316 3439 1424 3501; x_wconf 89' lang='lat' dir='ltr'><strong>sancti</strong></span> <span class='ocrx_word' id='word_1_385' title='bbox 1447 3438 1566 3502; x_wconf 79' lang='lat' dir='ltr'><strong>faciem</strong></span> <span class='ocrx_word' id='word_1_386' title='bbox 1594 3442 1728 3518; x_wconf 78' lang='lat' dir='ltr'><strong>fulgen·</strong></span> 
     </span>
    </p>
   </div>
   <div class='ocr_carea' id='block_1_7' title="bbox 56 3535 1853 3624">
    <p class='ocr_par' dir='ltr' id='par_1_8' title="bbox 56 3535 1853 3624">
     <span class='ocr_line' id='line_1_49' title="bbox 56 3535 1853 3624; baseline 0.004 -30"><span class='ocrx_word' id='word_1_387' title='bbox 56 3559 57 3562; x_wconf 39' lang='lat'><em>*</em></span> <span class='ocrx_word' id='word_1_388' title='bbox 110 3547 136 3594; x_wconf 84' lang='lat' dir='ltr'><strong>se</strong></span> <span class='ocrx_word' id='word_1_389' title='bbox 160 3537 340 3608; x_wconf 81' lang='lat' dir='ltr'><strong>ridendum,</strong></span> <span class='ocrx_word' id='word_1_390' title='bbox 380 3538 415 3599; x_wconf 86' lang='lat' dir='ltr'><strong>ot</strong></span> <span class='ocrx_word' id='word_1_391' title='bbox 446 3535 648 3598; x_wconf 89' lang='lat' dir='ltr'><strong>audiendum</strong></span> <span class='ocrx_word' id='word_1_392' title='bbox 682 3536 875 3598; x_wconf 84' lang='lat' dir='ltr'><strong>attraheret.</strong></span> <span class='ocrx_word' id='word_1_393' title='bbox 931 3539 998 3600; x_wconf 91' lang='lat' dir='ltr'><strong>tem</strong></span> <span class='ocrx_word' id='word_1_394' title='bbox 1013 3535 1097 3598; x_wconf 90' lang='lat' dir='ltr'><strong>mire</strong></span> <span class='ocrx_word' id='word_1_395' title='bbox 1111 3536 1247 3608; x_wconf 83' lang='lat' dir='ltr'><strong>vidisse,</strong></span> <span class='ocrx_word' id='word_1_396' title='bbox 1261 3535 1450 3614; x_wconf 89' lang='lat' dir='ltr'><strong>atqueinde</strong></span> <span class='ocrx_word' id='word_1_397' title='bbox 1465 3552 1501 3600; x_wconf 88' lang='lat' dir='ltr'><strong>se</strong></span> <span class='ocrx_word' id='word_1_398' title='bbox 1515 3540 1727 3615; x_wconf 88' lang='lat' dir='ltr'><strong>perterritum</strong></span> <span class='ocrx_word' id='word_1_399' title='bbox 1847 3613 1853 3624; x_wconf 34' lang='grc' dir='ltr'><em>Ι</em></span> 
     </span>
    </p>
   </div>
   <div class='ocr_carea' id='block_1_8' title="bbox 106 3630 1734 5468">
    <p class='ocr_par' dir='ltr' id='par_1_9' title="bbox 108 3630 1731 4198">
     <span class='ocr_line' id='line_1_50' title="bbox 109 3630 1727 3712; baseline 0.003 -18"><span class='ocrx_word' id='word_1_400' title='bbox 109 3630 167 3695; x_wconf 79' lang='lat' dir='ltr'><strong>Erat</strong></span> <span class='ocrx_word' id='word_1_401' title='bbox 178 3649 245 3697; x_wconf 88' lang='lat' dir='ltr'><strong>cum</strong></span> <span class='ocrx_word' id='word_1_402' title='bbox 260 3651 300 3698; x_wconf 90' lang='lat' dir='ltr'><strong>eo</strong></span> <span class='ocrx_word' id='word_1_403' title='bbox 322 3634 437 3712; x_wconf 85' lang='lat' dir='ltr'><strong>gratia</strong></span> <span class='ocrx_word' id='word_1_404' title='bbox 452 3634 533 3705; x_wconf 88' lang='lat' dir='ltr'><strong>hei,</strong></span> <span class='ocrx_word' id='word_1_405' title='bbox 550 3648 614 3711; x_wconf 91' lang='lat' dir='ltr'><strong>qua</strong></span> <span class='ocrx_word' id='word_1_406' title='bbox 642 3648 732 3709; x_wconf 86' lang='lat' dir='ltr'><strong>saepe</strong></span> <span class='ocrx_word' id='word_1_407' title='bbox 749 3634 878 3709; x_wconf 88' lang='lat' dir='ltr'><strong>magnis</strong></span> <span class='ocrx_word' id='word_1_408' title='bbox 932 3635 1028 3707; x_wconf 91' lang='lat' dir='ltr'><strong>adeo,</strong></span> <span class='ocrx_word' id='word_1_409' title='bbox 1045 3634 1132 3711; x_wconf 90' lang='lat' dir='ltr'><strong>quod</strong></span> <span class='ocrx_word' id='word_1_410' title='bbox 1147 3634 1267 3711; x_wconf 90' lang='lat' dir='ltr'><strong>siquid</strong></span> <span class='ocrx_word' id='word_1_411' title='bbox 1286 3633 1421 3697; x_wconf 87' lang='lat' dir='ltr'><strong>sinistre</strong></span> <span class='ocrx_word' id='word_1_412' title='bbox 1442 3638 1559 3697; x_wconf 89' lang='lat' dir='ltr'><strong>contra</strong></span> <span class='ocrx_word' id='word_1_413' title='bbox 1575 3638 1727 3699; x_wconf 87' lang='lat' dir='ltr'><strong>sanctum</strong></span> 
     </span>
     <span class='ocr_line' id='line_1_51' title="bbox 110 3729 1726 3812; baseline 0.003 -21"><span class='ocrx_word' id='word_1_414' title='bbox 110 3732 250 3794; x_wconf 78' lang='lat' dir='ltr'><strong>miraculis</strong></span> <span class='ocrx_word' id='word_1_415' title='bbox 265 3732 474 3795; x_wconf 85' lang='lat' dir='ltr'><strong>coruscaret.</strong></span> <span class='ocrx_word' id='word_1_416' title='bbox 495 3732 576 3793; x_wconf 79' lang='lat' dir='ltr'><strong>Erat</strong></span> <span class='ocrx_word' id='word_1_417' title='bbox 598 3729 812 3803; x_wconf 86' lang='lat' dir='ltr'><strong>venerabilis,</strong></span> <span class='ocrx_word' id='word_1_418' title='bbox 838 3746 878 3793; x_wconf 85' lang='lat' dir='ltr'><strong>ac</strong></span> <span class='ocrx_word' id='word_1_419' title='bbox 932 3732 1141 3803; x_wconf 84' lang='lat' dir='ltr'><strong>intentasset,</strong></span> <span class='ocrx_word' id='word_1_420' title='bbox 1158 3731 1726 3812; x_wconf 82' lang='lat' dir='ltr'><strong>confestimseadaemonibusrapi,</strong></span> 
     </span>
     <span class='ocr_line' id='line_1_52' title="bbox 109 3822 1730 3908; baseline 0.007 -25"><span class='ocrx_word' id='word_1_421' title='bbox 109 3822 218 3890; x_wconf 77' lang='lat' dir='ltr'><strong>devotus</strong></span> <span class='ocrx_word' id='word_1_422' title='bbox 241 3831 419 3908; x_wconf 88' lang='lat' dir='ltr'><strong>aspectns;</strong></span> <span class='ocrx_word' id='word_1_423' title='bbox 445 3830 482 3890; x_wconf 89' lang='lat' dir='ltr'><strong>nt</strong></span> <span class='ocrx_word' id='word_1_424' title='bbox 504 3844 578 3905; x_wconf 79' lang='lat' dir='ltr'><strong>quae</strong></span> <span class='ocrx_word' id='word_1_425' title='bbox 604 3827 645 3889; x_wconf 89' lang='lat' dir='ltr'><strong>ab</strong></span> <span class='ocrx_word' id='word_1_426' title='bbox 668 3843 707 3890; x_wconf 91' lang='lat' dir='ltr'><strong>eo</strong></span> <span class='ocrx_word' id='word_1_427' title='bbox 722 3829 821 3902; x_wconf 92' lang='lat' dir='ltr'><strong>dicta,</strong></span> <span class='ocrx_word' id='word_1_428' title='bbox 838 3845 878 3892; x_wconf 90' lang='lat' dir='ltr'><strong>ea</strong></span> <span class='ocrx_word' id='word_1_429' title='bbox 932 3846 973 3893; x_wconf 90' lang='lat' dir='ltr'><strong>ac</strong></span> <span class='ocrx_word' id='word_1_430' title='bbox 986 3830 1113 3908; x_wconf 86' lang='lat' dir='ltr'><strong>portari</strong></span> <span class='ocrx_word' id='word_1_431' title='bbox 1125 3829 1167 3891; x_wconf 90' lang='lat' dir='ltr'><strong>ad</strong></span> <span class='ocrx_word' id='word_1_432' title='bbox 1179 3829 1316 3902; x_wconf 83' lang='lat' dir='ltr'><strong>inferos,</strong></span> <span class='ocrx_word' id='word_1_433' title='bbox 1333 3830 1545 3908; x_wconf 87' lang='lat' dir='ltr'><strong>cruciarique</strong></span> <span class='ocrx_word' id='word_1_434' title='bbox 1559 3833 1649 3894; x_wconf 91' lang='lat' dir='ltr'><strong>omni</strong></span> <span class='ocrx_word' id='word_1_435' title='bbox 1664 3835 1730 3896; x_wconf 93' lang='lat' dir='ltr'><strong>tor·</strong></span> 
     </span>
     <span class='ocr_line' id='line_1_53' title="bbox 109 3925 1729 4007; baseline 0.006 -23"><span class='ocrx_word' id='word_1_436' title='bbox 109 3925 181 3997; x_wconf 87' lang='lat' dir='ltr'><strong>quasi</strong></span> <span class='ocrx_word' id='word_1_437' title='bbox 203 3928 351 4004; x_wconf 85' lang='lat' dir='ltr'><strong>prolecta</strong></span> <span class='ocrx_word' id='word_1_438' title='bbox 372 3941 452 3989; x_wconf 84' lang='lat' dir='ltr'><strong>vero</strong></span> <span class='ocrx_word' id='word_1_439' title='bbox 476 3927 510 3987; x_wconf 91' lang='lat' dir='ltr'><strong>et</strong></span> <span class='ocrx_word' id='word_1_440' title='bbox 533 3925 602 3988; x_wconf 90' lang='lat' dir='ltr'><strong>alto</strong></span> <span class='ocrx_word' id='word_1_441' title='bbox 626 3927 741 3998; x_wconf 83' lang='lat' dir='ltr'><strong>abeo,</strong></span> <span class='ocrx_word' id='word_1_442' title='bbox 758 3941 879 4003; x_wconf 88' lang='lat' dir='ltr'><strong>magna</strong></span> <span class='ocrx_word' id='word_1_443' title='bbox 932 3929 1044 3991; x_wconf 90' lang='lat' dir='ltr'><strong>mento</strong></span> <span class='ocrx_word' id='word_1_444' title='bbox 1070 3928 1212 4005; x_wconf 87' lang='lat' dir='ltr'><strong>putaret.</strong></span> <span class='ocrx_word' id='word_1_445' title='bbox 1239 3929 1397 3989; x_wconf 83' lang='lat' dir='ltr'><strong>Sanctum</strong></span> <span class='ocrx_word' id='word_1_446' title='bbox 1411 3927 1511 4001; x_wconf 90' lang='lat' dir='ltr'><strong>enim,</strong></span> <span class='ocrx_word' id='word_1_447' title='bbox 1532 3945 1630 4007; x_wconf 88' lang='lat' dir='ltr'><strong>quem</strong></span> <span class='ocrx_word' id='word_1_448' title='bbox 1645 3946 1729 3994; x_wconf 92' lang='lat' dir='ltr'><strong>con-</strong></span> 
     </span>
     <span class='ocr_line' id='line_1_54' title="bbox 108 4022 1731 4103; baseline 0.009 -24"><span class='ocrx_word' id='word_1_449' title='bbox 108 4032 163 4082; x_wconf 81' lang='lat' dir='ltr'><strong>eum</strong></span> <span class='ocrx_word' id='word_1_450' title='bbox 192 4024 394 4096; x_wconf 87' lang='lat' dir='ltr'><strong>reverentia,</strong></span> <span class='ocrx_word' id='word_1_451' title='bbox 430 4024 464 4085; x_wconf 85' lang='lat' dir='ltr'><strong>ot</strong></span> <span class='ocrx_word' id='word_1_452' title='bbox 498 4022 633 4085; x_wconf 88' lang='lat' dir='ltr'><strong>silentio</strong></span> <span class='ocrx_word' id='word_1_453' title='bbox 668 4023 876 4086; x_wconf 85' lang='lat' dir='ltr'><strong>audirentur.</strong></span> <span class='ocrx_word' id='word_1_454' title='bbox 932 4024 1101 4088; x_wconf 87' lang='lat' dir='ltr'><strong>temnebat</strong></span> <span class='ocrx_word' id='word_1_455' title='bbox 1110 4026 1216 4103; x_wconf 90' lang='lat' dir='ltr'><strong>prius,</strong></span> <span class='ocrx_word' id='word_1_456' title='bbox 1227 4040 1349 4102; x_wconf 88' lang='lat' dir='ltr'><strong>magna</strong></span> <span class='ocrx_word' id='word_1_457' title='bbox 1359 4025 1479 4088; x_wconf 88' lang='lat' dir='ltr'><strong>deinde</strong></span> <span class='ocrx_word' id='word_1_458' title='bbox 1491 4026 1526 4088; x_wconf 89' lang='lat' dir='ltr'><strong>in</strong></span> <span class='ocrx_word' id='word_1_459' title='bbox 1540 4030 1731 4093; x_wconf 82' lang='lat' dir='ltr'><strong>reverentia</strong></span> 
     </span>
     <span class='ocr_line' id='line_1_55' title="bbox 108 4116 1062 4198; baseline 0.007 -20"><span class='ocrx_word' id='word_1_460' title='bbox 108 4116 283 4198; x_wconf 72' lang='lat' dir='ltr'><strong>hatbngua</strong></span> <span class='ocrx_word' id='word_1_461' title='bbox 299 4122 344 4184; x_wconf 88' lang='lat' dir='ltr'><strong>ad</strong></span> <span class='ocrx_word' id='word_1_462' title='bbox 361 4120 646 4198; x_wconf 90' lang='lat' dir='ltr'><strong>pronuntiandum</strong></span> <span class='ocrx_word' id='word_1_463' title='bbox 662 4120 829 4197; x_wconf 84' lang='lat' dir='ltr'><strong>expedita,</strong></span> <span class='ocrx_word' id='word_1_464' title='bbox 847 4122 881 4184; x_wconf 83' lang='lat' dir='ltr'><strong>et</strong></span> <span class='ocrx_word' id='word_1_465' title='bbox 933 4122 1062 4186; x_wconf 70' lang='lat' dir='ltr'><strong>habuit,</strong></span> 
     </span>
    </p>

    <p class='ocr_par' dir='ltr' id='par_1_10' title="bbox 106 4211 1734 5468">
     <span class='ocr_line' id='line_1_56' title="bbox 108 4211 1731 4300; baseline 0.009 -27"><span class='ocrx_word' id='word_1_466' title='bbox 108 4211 188 4277; x_wconf 68' lang='lat' dir='ltr'><strong>clara·</strong></span> <span class='ocrx_word' id='word_1_467' title='bbox 201 4218 301 4292; x_wconf 77' lang='lat' dir='ltr'><strong>Adde,</strong></span> <span class='ocrx_word' id='word_1_468' title='bbox 326 4217 415 4297; x_wconf 93' lang='lat' dir='ltr'><strong>quod</strong></span> <span class='ocrx_word' id='word_1_469' title='bbox 435 4218 629 4294; x_wconf 91' lang='lat' dir='ltr'><strong>loqueretur</strong></span> <span class='ocrx_word' id='word_1_470' title='bbox 651 4218 699 4279; x_wconf 91' lang='lat' dir='ltr'><strong>ita</strong></span> <span class='ocrx_word' id='word_1_471' title='bbox 714 4217 880 4294; x_wconf 90' lang='lat' dir='ltr'><strong>latine,ac</strong></span> <span class='ocrx_word' id='word_1_472' title='bbox 974 4220 1731 4300; x_wconf 76' lang='lat' dir='ltr'><strong>muaereucosvero,quacumquapraedicaret</strong></span> 
     </span>
     <span class='ocr_line' id='line_1_57' title="bbox 108 4313 1730 4401; baseline 0.009 -31"><span class='ocrx_word' id='word_1_473' title='bbox 108 4324 234 4376; x_wconf 88' lang='lat' dir='ltr'><strong>sermons</strong></span> <span class='ocrx_word' id='word_1_474' title='bbox 249 4315 400 4392; x_wconf 82' lang='lat' dir='ltr'><strong>vulgari,</strong></span> <span class='ocrx_word' id='word_1_475' title='bbox 423 4316 460 4377; x_wconf 93' lang='lat' dir='ltr'><strong>ut</strong></span> <span class='ocrx_word' id='word_1_476' title='bbox 482 4313 704 4392; x_wconf 78' lang='lat' dir='ltr'><strong>predicando,</strong></span> <span class='ocrx_word' id='word_1_477' title='bbox 721 4331 882 4393; x_wconf 89' lang='lat' dir='ltr'><strong>quacum·</strong></span> <span class='ocrx_word' id='word_1_478' title='bbox 935 4318 970 4379; x_wconf 90' lang='lat' dir='ltr'><strong>ln</strong></span> <span class='ocrx_word' id='word_1_479' title='bbox 990 4317 1137 4393; x_wconf 84' lang='lat' dir='ltr'><strong>civitate,</strong></span> <span class='ocrx_word' id='word_1_480' title='bbox 1152 4319 1281 4381; x_wconf 83' lang='lat' dir='ltr'><strong>exarsit</strong></span> <span class='ocrx_word' id='word_1_481' title='bbox 1300 4319 1440 4381; x_wconf 91' lang='lat' dir='ltr'><strong>multum</strong></span> <span class='ocrx_word' id='word_1_482' title='bbox 1458 4321 1613 4393; x_wconf 88' lang='lat' dir='ltr'><strong>Sanctus,</strong></span> <span class='ocrx_word' id='word_1_483' title='bbox 1630 4325 1730 4401; x_wconf 84' lang='lat' dir='ltr'><strong>atque</strong></span> 
     </span>
     <span class='ocr_line' id='line_1_58' title="bbox 108 4411 1731 4491; baseline 0.009 -21"><span class='ocrx_word' id='word_1_484' title='bbox 108 4420 156 4483; x_wconf 84' lang='lat' dir='ltr'><strong>que</strong></span> <span class='ocrx_word' id='word_1_485' title='bbox 175 4411 207 4473; x_wconf 92' lang='lat' dir='ltr'><strong>in</strong></span> <span class='ocrx_word' id='word_1_486' title='bbox 231 4415 327 4490; x_wconf 87' lang='lat' dir='ltr'><strong>parto</strong></span> <span class='ocrx_word' id='word_1_487' title='bbox 357 4411 464 4474; x_wconf 80' lang='lat' dir='ltr'><strong>ltaliae</strong></span> <span class='ocrx_word' id='word_1_488' title='bbox 489 4414 588 4488; x_wconf 88' lang='lat' dir='ltr'><strong>esset,</strong></span> <span class='ocrx_word' id='word_1_489' title='bbox 624 4411 881 4491; x_wconf 85' lang='lat' dir='ltr'><strong>haudquaquam</strong></span> <span class='ocrx_word' id='word_1_490' title='bbox 936 4416 970 4476; x_wconf 92' lang='lat' dir='ltr'><strong>in</strong></span> <span class='ocrx_word' id='word_1_491' title='bbox 996 4431 1054 4478; x_wconf 90' lang='lat' dir='ltr'><strong>eos</strong></span> <span class='ocrx_word' id='word_1_492' title='bbox 1082 4414 1233 4477; x_wconf 78' lang='lat' dir='ltr'><strong>invectus</strong></span> <span class='ocrx_word' id='word_1_493' title='bbox 1265 4416 1395 4489; x_wconf 90' lang='lat' dir='ltr'><strong>acerbe,</strong></span> <span class='ocrx_word' id='word_1_494' title='bbox 1429 4416 1564 4479; x_wconf 90' lang='lat' dir='ltr'><strong>illorum</strong></span> <span class='ocrx_word' id='word_1_495' title='bbox 1598 4435 1731 4484; x_wconf 88' lang='lat' dir='ltr'><strong>errores</strong></span> 
     </span>
     <span class='ocr_line' id='line_1_59' title="bbox 108 4509 1732 4597; baseline 0.008 -28"><span class='ocrx_word' id='word_1_496' title='bbox 108 4518 165 4569; x_wconf 73' lang='lat' dir='ltr'><strong>esse</strong></span> <span class='ocrx_word' id='word_1_497' title='bbox 182 4509 355 4588; x_wconf 89' lang='lat' dir='ltr'><strong>hispanus,</strong></span> <span class='ocrx_word' id='word_1_498' title='bbox 371 4510 429 4571; x_wconf 87' lang='lat' dir='ltr'><strong>sed</strong></span> <span class='ocrx_word' id='word_1_499' title='bbox 456 4509 593 4585; x_wconf 88' lang='lat' dir='ltr'><strong>latinus,</strong></span> <span class='ocrx_word' id='word_1_500' title='bbox 609 4511 840 4588; x_wconf 76' lang='lat' dir='ltr'><strong>annuiturque</strong></span> <span class='ocrx_word' id='word_1_501' title='bbox 861 4528 881 4574; x_wconf 89' lang='lat' dir='ltr'><strong>a</strong></span> <span class='ocrx_word' id='word_1_502' title='bbox 935 4529 1057 4589; x_wconf 87' lang='lat' dir='ltr'><strong>magna</strong></span> <span class='ocrx_word' id='word_1_503' title='bbox 1076 4527 1208 4589; x_wconf 87' lang='lat' dir='ltr'><strong>sempor</strong></span> <span class='ocrx_word' id='word_1_504' title='bbox 1230 4515 1372 4589; x_wconf 89' lang='lat' dir='ltr'><strong>ratione,</strong></span> <span class='ocrx_word' id='word_1_505' title='bbox 1397 4516 1610 4591; x_wconf 88' lang='lat' dir='ltr'><strong>auctoritate,</strong></span> <span class='ocrx_word' id='word_1_506' title='bbox 1631 4521 1732 4597; x_wconf 90' lang='lat' dir='ltr'><strong>atque</strong></span> 
     </span>
     <span class='ocr_line' id='line_1_60' title="bbox 107 4605 1733 4689; baseline 0.009 -23"><span class='ocrx_word' id='word_1_507' title='bbox 107 4605 321 4686; x_wconf 77' lang='lat' dir='ltr'><strong>prensatque</strong></span> <span class='ocrx_word' id='word_1_508' title='bbox 336 4610 438 4669; x_wconf 88' lang='lat' dir='ltr'><strong>natus</strong></span> <span class='ocrx_word' id='word_1_509' title='bbox 452 4607 487 4667; x_wconf 91' lang='lat' dir='ltr'><strong>in</strong></span> <span class='ocrx_word' id='word_1_510' title='bbox 502 4606 611 4682; x_wconf 88' lang='lat' dir='ltr'><strong>ltalia,</strong></span> <span class='ocrx_word' id='word_1_511' title='bbox 632 4607 735 4670; x_wconf 87' lang='lat' dir='ltr'><strong>stilla</strong></span> <span class='ocrx_word' id='word_1_512' title='bbox 747 4608 831 4686; x_wconf 91' lang='lat' dir='ltr'><strong>ipsa,</strong></span> <span class='ocrx_word' id='word_1_513' title='bbox 845 4610 881 4671; x_wconf 92' lang='lat' dir='ltr'><strong>in</strong></span> <span class='ocrx_word' id='word_1_514' title='bbox 935 4611 1102 4673; x_wconf 91' lang='lat' dir='ltr'><strong>interdum</strong></span> <span class='ocrx_word' id='word_1_515' title='bbox 1116 4610 1287 4673; x_wconf 87' lang='lat' dir='ltr'><strong>miraculis</strong></span> <span class='ocrx_word' id='word_1_516' title='bbox 1302 4611 1469 4689; x_wconf 85' lang='lat' dir='ltr'><strong>patefecit,</strong></span> <span class='ocrx_word' id='word_1_517' title='bbox 1490 4612 1598 4688; x_wconf 90' lang='lat' dir='ltr'><strong>diluit,</strong></span> <span class='ocrx_word' id='word_1_518' title='bbox 1615 4619 1733 4680; x_wconf 82' lang='lat' dir='ltr'><strong>convi-</strong></span> 
     </span>
     <span class='ocr_line' id='line_1_61' title="bbox 108 4704 1732 4788; baseline 0.01 -28"><span class='ocrx_word' id='word_1_519' title='bbox 108 4706 372 4779; x_wconf 82' lang='lat' dir='ltr'><strong>qnapraedicaret,</strong></span> <span class='ocrx_word' id='word_1_520' title='bbox 389 4704 525 4766; x_wconf 86' lang='lat' dir='ltr'><strong>civitate</strong></span> <span class='ocrx_word' id='word_1_521' title='bbox 547 4705 681 4782; x_wconf 90' lang='lat' dir='ltr'><strong>propria</strong></span> <span class='ocrx_word' id='word_1_522' title='bbox 700 4705 880 4769; x_wconf 80' lang='lat' dir='ltr'><strong>videretur.</strong></span> <span class='ocrx_word' id='word_1_523' title='bbox 936 4710 992 4771; x_wconf 90' lang='lat' dir='ltr'><strong>cit.</strong></span> <span class='ocrx_word' id='word_1_524' title='bbox 1009 4711 1103 4770; x_wconf 87' lang='lat' dir='ltr'><strong>Hanc</strong></span> <span class='ocrx_word' id='word_1_525' title='bbox 1117 4708 1206 4769; x_wconf 91' lang='lat' dir='ltr'><strong>enim</strong></span> <span class='ocrx_word' id='word_1_526' title='bbox 1221 4708 1263 4771; x_wconf 91' lang='lat' dir='ltr'><strong>oh</strong></span> <span class='ocrx_word' id='word_1_527' title='bbox 1286 4725 1368 4783; x_wconf 87' lang='lat' dir='ltr'><strong>rem,</strong></span> <span class='ocrx_word' id='word_1_528' title='bbox 1396 4712 1484 4788; x_wconf 92' lang='lat' dir='ltr'><strong>qnod</strong></span> <span class='ocrx_word' id='word_1_529' title='bbox 1499 4712 1576 4775; x_wconf 90' lang='lat' dir='ltr'><strong>illos</strong></span> <span class='ocrx_word' id='word_1_530' title='bbox 1597 4715 1732 4777; x_wconf 89' lang='lat' dir='ltr'><strong>assidue</strong></span> 
     </span>
     <span class='ocr_line' id='line_1_62' title="bbox 108 4793 1731 4888; baseline 0.01 -32"><span class='ocrx_word' id='word_1_531' title='bbox 108 4793 134 4856; x_wconf 92' lang='lat' dir='ltr'><strong>ld</strong></span> <span class='ocrx_word' id='word_1_532' title='bbox 151 4800 274 4875; x_wconf 88' lang='lat' dir='ltr'><strong>quidem</strong></span> <span class='ocrx_word' id='word_1_533' title='bbox 298 4800 478 4864; x_wconf 88' lang='lat' dir='ltr'><strong>mirabile:</strong></span> <span class='ocrx_word' id='word_1_534' title='bbox 496 4802 665 4870; x_wconf 84' lang='lat' dir='ltr'><strong>sodistud</strong></span> <span class='ocrx_word' id='word_1_535' title='bbox 681 4802 880 4876; x_wconf 90' lang='lat' dir='ltr'><strong>mirabilius,</strong></span> <span class='ocrx_word' id='word_1_536' title='bbox 936 4801 1158 4883; x_wconf 78' lang='lat' dir='ltr'><strong>impugnaret,</strong></span> <span class='ocrx_word' id='word_1_537' title='bbox 1189 4806 1223 4867; x_wconf 94' lang='lat' dir='ltr'><strong>id</strong></span> <span class='ocrx_word' id='word_1_538' title='bbox 1249 4809 1424 4871; x_wconf 88' lang='lat' dir='ltr'><strong>assecutus</strong></span> <span class='ocrx_word' id='word_1_539' title='bbox 1449 4810 1511 4883; x_wconf 88' lang='lat' dir='ltr'><strong>est,</strong></span> <span class='ocrx_word' id='word_1_540' title='bbox 1542 4812 1579 4873; x_wconf 91' lang='lat' dir='ltr'><strong>ut</strong></span> <span class='ocrx_word' id='word_1_541' title='bbox 1601 4826 1731 4888; x_wconf 85' lang='lat' dir='ltr'><strong>cogno·</strong></span> 
     </span>
     <span class='ocr_line' id='line_1_63' title="bbox 106 4896 1733 4986; baseline 0.011 -34"><span class='ocrx_word' id='word_1_542' title='bbox 106 4896 176 4966; x_wconf 88' lang='lat' dir='ltr'><strong>qnod</strong></span> <span class='ocrx_word' id='word_1_543' title='bbox 199 4901 312 4961; x_wconf 73' lang='lat' dir='ltr'><strong>Romae</strong></span> <span class='ocrx_word' id='word_1_544' title='bbox 339 4913 470 4961; x_wconf 89' lang='lat' dir='ltr'><strong>summo</strong></span> <span class='ocrx_word' id='word_1_545' title='bbox 498 4913 518 4959; x_wconf 90' lang='lat' dir='ltr'><strong>a</strong></span> <span class='ocrx_word' id='word_1_546' title='bbox 547 4899 710 4962; x_wconf 85' lang='lat' dir='ltr'><strong>Pontiiioe</strong></span> <span class='ocrx_word' id='word_1_547' title='bbox 734 4900 775 4961; x_wconf 91' lang='lat' dir='ltr'><strong>ad</strong></span> <span class='ocrx_word' id='word_1_548' title='bbox 798 4901 883 4963; x_wconf 82' lang='lat' dir='ltr'><strong>festa</strong></span> <span class='ocrx_word' id='word_1_549' title='bbox 936 4905 1048 4966; x_wconf 90' lang='lat' dir='ltr'><strong>mento</strong></span> <span class='ocrx_word' id='word_1_550' title='bbox 1069 4904 1189 4981; x_wconf 89' lang='lat' dir='ltr'><strong>ipsum,</strong></span> <span class='ocrx_word' id='word_1_551' title='bbox 1207 4907 1425 4980; x_wconf 73' lang='lat' dir='ltr'><strong>indefessum</strong></span> <span class='ocrx_word' id='word_1_552' title='bbox 1437 4911 1598 4969; x_wconf 69' lang='lat' dir='ltr'><strong>maneum</strong></span> <span class='ocrx_word' id='word_1_553' title='bbox 1617 4909 1733 4986; x_wconf 88' lang='lat' dir='ltr'><strong>appel-</strong></span> 
     </span>
     <span class='ocr_line' id='line_1_64' title="bbox 108 4987 1732 5079; baseline 0.008 -25"><span class='ocrx_word' id='word_1_554' title='bbox 108 4987 223 5058; x_wconf 80' lang='lat' dir='ltr'><strong>Puchae</strong></span> <span class='ocrx_word' id='word_1_555' title='bbox 238 4996 427 5074; x_wconf 75' lang='lat' dir='ltr'><strong>praedicare</strong></span> <span class='ocrx_word' id='word_1_556' title='bbox 446 4999 573 5073; x_wconf 87' lang='lat' dir='ltr'><strong>jussus,</strong></span> <span class='ocrx_word' id='word_1_557' title='bbox 588 4996 634 5058; x_wconf 90' lang='lat' dir='ltr'><strong>ita</strong></span> <span class='ocrx_word' id='word_1_558' title='bbox 649 4997 800 5060; x_wconf 89' lang='lat' dir='ltr'><strong>elocutus</strong></span> <span class='ocrx_word' id='word_1_559' title='bbox 819 5001 881 5071; x_wconf 90' lang='lat' dir='ltr'><strong>est,</strong></span> <span class='ocrx_word' id='word_1_560' title='bbox 937 5001 1057 5063; x_wconf 91' lang='lat' dir='ltr'><strong>larent.</strong></span> <span class='ocrx_word' id='word_1_561' title='bbox 1074 5000 1201 5079; x_wconf 85' lang='lat' dir='ltr'><strong>Quippe</strong></span> <span class='ocrx_word' id='word_1_562' title='bbox 1221 5001 1375 5076; x_wconf 78' lang='lat' dir='ltr'><strong>Arimini,</strong></span> <span class='ocrx_word' id='word_1_563' title='bbox 1390 5019 1463 5079; x_wconf 87' lang='lat' dir='ltr'><strong>quae</strong></span> <span class='ocrx_word' id='word_1_564' title='bbox 1477 5018 1545 5064; x_wconf 88' lang='lat' dir='ltr'><strong>una</strong></span> <span class='ocrx_word' id='word_1_565' title='bbox 1560 5004 1732 5067; x_wconf 90' lang='lat' dir='ltr'><strong>civitatum</strong></span> 
     </span>
     <span class='ocr_line' id='line_1_65' title="bbox 108 5088 1734 5178; baseline 0.007 -26"><span class='ocrx_word' id='word_1_566' title='bbox 108 5088 135 5146; x_wconf 79' lang='lat' dir='ltr'><strong>ut</strong></span> <span class='ocrx_word' id='word_1_567' title='bbox 148 5092 380 5165; x_wconf 67' lang='lat' dir='ltr'><strong>predicantem</strong></span> <span class='ocrx_word' id='word_1_568' title='bbox 400 5094 521 5170; x_wconf 89' lang='lat' dir='ltr'><strong>ipsum,</strong></span> <span class='ocrx_word' id='word_1_569' title='bbox 537 5109 611 5170; x_wconf 87' lang='lat' dir='ltr'><strong>quae</strong></span> <span class='ocrx_word' id='word_1_570' title='bbox 631 5093 748 5157; x_wconf 90' lang='lat' dir='ltr'><strong>aderat</strong></span> <span class='ocrx_word' id='word_1_571' title='bbox 761 5097 883 5159; x_wconf 90' lang='lat' dir='ltr'><strong>omnie</strong></span> <span class='ocrx_word' id='word_1_572' title='bbox 938 5098 1155 5172; x_wconf 86' lang='lat' dir='ltr'><strong>Romaniolae,</strong></span> <span class='ocrx_word' id='word_1_573' title='bbox 1173 5098 1297 5160; x_wconf 85' lang='lat' dir='ltr'><strong>inlecta</strong></span> <span class='ocrx_word' id='word_1_574' title='bbox 1314 5099 1447 5172; x_wconf 86' lang='lat' dir='ltr'><strong>haeresi,</strong></span> <span class='ocrx_word' id='word_1_575' title='bbox 1463 5115 1664 5178; x_wconf 80' lang='lat' dir='ltr'><strong>magnopere</strong></span> <span class='ocrx_word' id='word_1_576' title='bbox 1676 5118 1734 5164; x_wconf 93' lang='lat' dir='ltr'><strong>or-</strong></span> 
     </span>
     <span class='ocr_line' id='line_1_66' title="bbox 107 5187 1734 5270; baseline 0.009 -24"><span class='ocrx_word' id='word_1_577' title='bbox 107 5187 185 5257; x_wconf 75' lang='lat' dir='ltr'><strong>gono</strong></span> <span class='ocrx_word' id='word_1_578' title='bbox 208 5191 358 5252; x_wconf 82' lang='lat' dir='ltr'><strong>maxima</strong></span> <span class='ocrx_word' id='word_1_579' title='bbox 378 5191 412 5253; x_wconf 91' lang='lat' dir='ltr'><strong>et</strong></span> <span class='ocrx_word' id='word_1_580' title='bbox 425 5190 689 5267; x_wconf 89' lang='lat' dir='ltr'><strong>peregrinorum,</strong></span> <span class='ocrx_word' id='word_1_581' title='bbox 705 5193 739 5254; x_wconf 88' lang='lat' dir='ltr'><strong>et</strong></span> <span class='ocrx_word' id='word_1_582' title='bbox 756 5195 883 5255; x_wconf 89' lang='lat' dir='ltr'><strong>Roma·</strong></span> <span class='ocrx_word' id='word_1_583' title='bbox 937 5195 1085 5258; x_wconf 85' lang='lat' dir='ltr'><strong>thodoxa</strong></span> <span class='ocrx_word' id='word_1_584' title='bbox 1108 5193 1150 5256; x_wconf 88' lang='lat' dir='ltr'><strong>ab</strong></span> <span class='ocrx_word' id='word_1_585' title='bbox 1176 5194 1326 5256; x_wconf 78' lang='lat' dir='ltr'><strong>Ecclesia</strong></span> <span class='ocrx_word' id='word_1_586' title='bbox 1341 5194 1540 5270; x_wconf 88' lang='lat' dir='ltr'><strong>dissentiret,</strong></span> <span class='ocrx_word' id='word_1_587' title='bbox 1563 5197 1647 5260; x_wconf 91' lang='lat' dir='ltr'><strong>adeo</strong></span> <span class='ocrx_word' id='word_1_588' title='bbox 1661 5198 1734 5261; x_wconf 82' lang='lat' dir='ltr'><strong>hae·</strong></span> 
     </span>
     <span class='ocr_line' id='line_1_67' title="bbox 108 5287 1732 5373; baseline 0.012 -34"><span class='ocrx_word' id='word_1_589' title='bbox 108 5293 205 5346; x_wconf 86' lang='lat' dir='ltr'><strong>rorum</strong></span> <span class='ocrx_word' id='word_1_590' title='bbox 215 5287 342 5350; x_wconf 84' lang='lat' dir='ltr'><strong>civium</strong></span> <span class='ocrx_word' id='word_1_591' title='bbox 354 5287 540 5360; x_wconf 80' lang='lat' dir='ltr'><strong>multitudo,</strong></span> <span class='ocrx_word' id='word_1_592' title='bbox 557 5289 689 5351; x_wconf 87' lang='lat' dir='ltr'><strong>audiret</strong></span> <span class='ocrx_word' id='word_1_593' title='bbox 698 5290 808 5367; x_wconf 90' lang='lat' dir='ltr'><strong>plane,</strong></span> <span class='ocrx_word' id='word_1_594' title='bbox 822 5306 884 5354; x_wconf 88' lang='lat' dir='ltr'><strong>nec</strong></span> <span class='ocrx_word' id='word_1_595' title='bbox 937 5292 1039 5355; x_wconf 89' lang='lat' dir='ltr'><strong>resim</strong></span> <span class='ocrx_word' id='word_1_596' title='bbox 1062 5291 1291 5369; x_wconf 80' lang='lat' dir='ltr'><strong>impugnavit,</strong></span> <span class='ocrx_word' id='word_1_597' title='bbox 1316 5293 1353 5354; x_wconf 88' lang='lat' dir='ltr'><strong>ut</strong></span> <span class='ocrx_word' id='word_1_598' title='bbox 1381 5307 1448 5353; x_wconf 90' lang='lat' dir='ltr'><strong>non</strong></span> <span class='ocrx_word' id='word_1_599' title='bbox 1480 5293 1578 5356; x_wconf 90' lang='lat' dir='ltr'><strong>modo</strong></span> <span class='ocrx_word' id='word_1_600' title='bbox 1611 5296 1732 5373; x_wconf 78' lang='lat' dir='ltr'><strong>vulgus</strong></span> 
     </span>
     <span class='ocr_line' id='line_1_68' title="bbox 107 5374 1734 5468; baseline 0.012 -30"><span class='ocrx_word' id='word_1_601' title='bbox 107 5374 290 5460; x_wconf 82' lang='lat' dir='ltr'><strong>intelligeret</strong></span> <span class='ocrx_word' id='word_1_602' title='bbox 305 5385 481 5463; x_wconf 87' lang='lat' dir='ltr'><strong>quisquam</strong></span> <span class='ocrx_word' id='word_1_603' title='bbox 493 5385 759 5464; x_wconf 87' lang='lat' dir='ltr'><strong>minus,quamsi</strong></span> <span class='ocrx_word' id='word_1_604' title='bbox 772 5392 885 5453; x_wconf 89' lang='lat' dir='ltr'><strong>noster</strong></span> <span class='ocrx_word' id='word_1_605' title='bbox 938 5389 1033 5462; x_wconf 90' lang='lat' dir='ltr'><strong>rude,</strong></span> <span class='ocrx_word' id='word_1_606' title='bbox 1060 5387 1118 5451; x_wconf 90' lang='lat' dir='ltr'><strong>sed</strong></span> <span class='ocrx_word' id='word_1_607' title='bbox 1141 5388 1334 5451; x_wconf 86' lang='lat' dir='ltr'><strong>Bononinus</strong></span> <span class='ocrx_word' id='word_1_608' title='bbox 1358 5385 1406 5468; x_wconf 91' lang='lat'><strong>(1)</strong></span> <span class='ocrx_word' id='word_1_609' title='bbox 1423 5390 1495 5466; x_wconf 86' lang='lat' dir='ltr'><strong>ipse</strong></span> <span class='ocrx_word' id='word_1_610' title='bbox 1510 5392 1567 5468; x_wconf 89' lang='lat' dir='ltr'><strong>qui</strong></span> <span class='ocrx_word' id='word_1_611' title='bbox 1578 5393 1631 5454; x_wconf 77' lang='lat' dir='ltr'><strong>sir</strong></span> <span class='ocrx_word' id='word_1_612' title='bbox 1645 5398 1734 5458; x_wconf 82' lang='lat' dir='ltr'><strong>esset</strong></span> 
     </span>
    </p>
   </div>
   <div class='ocr_carea' id='block_1_9' title="bbox 108 5509 1734 5654">
    <p class='ocr_par' dir='ltr' id='par_1_11' title="bbox 108 5509 1734 5654">
     <span class='ocr_line' id='line_1_69' title="bbox 134 5509 1734 5597; baseline 0.012 -32"><span class='ocrx_word' id='word_1_613' title='bbox 134 5509 169 5580; x_wconf 75' lang='lat' dir='ltr'><strong>{ll</strong></span> <span class='ocrx_word' id='word_1_614' title='bbox 186 5515 353 5597; x_wconf 79' lang='lat' dir='ltr'><strong>bonovillus</strong></span> <span class='ocrx_word' id='word_1_615' title='bbox 365 5516 473 5573; x_wconf 78' lang='lat' dir='ltr'><strong>dicitur</strong></span> <span class='ocrx_word' id='word_1_616' title='bbox 486 5517 521 5573; x_wconf 88' lang='lat' dir='ltr'><strong>cb</strong></span> <span class='ocrx_word' id='word_1_617' title='bbox 535 5521 650 5575; x_wconf 72' lang='lat' dir='ltr'><strong>canore</strong></span> <span class='ocrx_word' id='word_1_618' title='bbox 667 5518 790 5593; x_wconf 79' lang='lat' dir='ltr'><strong>l&#39;itoenp.</strong></span> <span class='ocrx_word' id='word_1_619' title='bbox 804 5520 883 5592; x_wconf 75' lang='lat' dir='ltr'><strong>Sur,</strong></span> <span class='ocrx_word' id='word_1_620' title='bbox 894 5536 959 5594; x_wconf 88' lang='lat' dir='ltr'><strong>cap.</strong></span> <span class='ocrx_word' id='word_1_621' title='bbox 974 5521 1025 5592; x_wconf 80' lang='lat'><strong>{73</strong></span> <span class='ocrx_word' id='word_1_622' title='bbox 1037 5519 1211 5589; x_wconf 80' lang='lat' dir='ltr'><strong>bonellus,a</strong></span> <span class='ocrx_word' id='word_1_623' title='bbox 1226 5519 1398 5590; x_wconf 78' lang='lat' dir='ltr'><strong>hodelptto,</strong></span> <span class='ocrx_word' id='word_1_624' title='bbox 1411 5518 1458 5578; x_wconf 86' lang='lat' dir='ltr'><strong>iol.</strong></span> <span class='ocrx_word' id='word_1_625' title='bbox 1472 5520 1518 5592; x_wconf 85' lang='grc'><strong>80,</strong></span> <span class='ocrx_word' id='word_1_626' title='bbox 1528 5530 1558 5580; x_wconf 86' lang='lat' dir='ltr'><strong>et</strong></span> <span class='ocrx_word' id='word_1_627' title='bbox 1570 5524 1606 5582; x_wconf 84' lang='lat' dir='ltr'><strong>ab</strong></span> <span class='ocrx_word' id='word_1_628' title='bbox 1619 5530 1734 5585; x_wconf 70' lang='lat' dir='ltr'><strong>rudore</strong></span> 
     </span>
     <span class='ocr_line' id='line_1_70' title="bbox 108 5575 481 5654; baseline 0.019 -15"><span class='ocrx_word' id='word_1_629' title='bbox 108 5575 343 5654; x_wconf 70' lang='lat' dir='ltr'><strong>intersectum,</strong></span> <span class='ocrx_word' id='word_1_630' title='bbox 357 5584 436 5644; x_wconf 80' lang='lat' dir='ltr'><strong>coni.</strong></span> <span class='ocrx_word' id='word_1_631' title='bbox 452 5587 481 5646; x_wconf 88' lang='lat'><strong>8.</strong></span> 
     </span>
    </p>
   </div>
   <div class='ocr_carea' id='block_1_10' title="bbox 231 5711 1554 5779">
    <p class='ocr_par' dir='ltr' id='par_1_12' title="bbox 231 5711 1554 5779">
     <span class='ocr_line' id='line_1_71' title="bbox 231 5711 1554 5779; baseline 0.01 -15"><span class='ocrx_word' id='word_1_632' title='bbox 231 5721 350 5766; x_wconf 82' lang='grc' dir='ltr'>ιιτιιοι.</span> <span class='ocrx_word' id='word_1_633' title='bbox 369 5724 442 5768; x_wconf 79' lang='lat' dir='ltr'><strong>roim</strong></span> <span class='ocrx_word' id='word_1_634' title='bbox 460 5711 508 5771; x_wconf 74' lang='lat' dir='ltr'><strong>ill.</strong></span> <span class='ocrx_word' id='word_1_635' title='bbox 1519 5720 1554 5779; x_wconf 79' lang='lat' dir='ltr'><strong>lu</strong></span> 
     </span>
    </p>
   </div>
   <div class='ocr_carea' id='block_1_11' title="bbox 0 0 1980 6198">
    <p class='ocr_par' dir='ltr' id='par_1_13' title="bbox 0 0 1980 6198">
     <span class='ocr_line' id='line_1_72' title="bbox 0 0 1980 6198; baseline 0 0"><span class='ocrx_word' id='word_1_636' title='bbox 0 0 1980 6198; x_wconf 95' lang='lat' dir='ltr'><strong> </strong></span> 
     </span>
    </p>
   </div>
  </div>
 </body>
</html>
