3950 6200
237 397 258 456 7
787 394 987 458 MONITUM
1013 397 1068 459 Ab
1093 396 1326 461 Lucronnbi.
1853 401 1871 459 8

238 555 362 635 pientia
376 553 552 618 consilinm
570 552 620 634 (1)
642 552 791 631 ligabunt
809 569 849 616 ea
863 555 900 615 11
920 554 1035 631 digitis
1089 557 1146 618 sed
1162 557 1196 619 et
1204 572 1264 634 per
1272 556 1447 620 distinctas
1457 555 1602 619 familias
1612 557 1709 619 erant
1720 557 1874 635 dispersa.

239 654 321 727 suis,
349 668 449 731 opero
472 653 698 730 exsequendo,
714 656 748 714 et
771 652 960 714 scribebant
975 653 1035 713 illa
1090 656 1233 716 Praevidi
1255 671 1317 731 ego
1347 655 1506 726 laborem,
1527 656 1561 719 et
1581 655 1715 729 horrui3
1736 655 1793 717 sed
1809 671 1878 717 om-

239 752 275 813 in
304 751 426 813 tabulis
462 750 571 813 cordis
604 752 668 824 sui,
704 749 845 812 tirmiter
866 750 1035 812 memoriae
1089 753 1180 814 nium
1196 755 1385 815 nostrorum
1411 768 1694 831 quarumcumque
1717 753 1878 815 Minorum

171 919 174 926 ,
240 849 521 912 commendantes.
558 849 601 910 At
622 845 796 926 postquam
820 848 945 925 optima
975 848 1040 909 illa·
1090 851 1391 927 congregationum
1420 851 1633 928 praelatorum
1661 850 1877 926 benignitate,

238 945 762 1024 tabularia,riviquebinagistri
774 945 858 1007 vivis
869 944 1034 1012 abierunt,
1090 949 1148 1025 qui
1165 948 1306 1010 liberum
1320 949 1362 1011 ad
1384 964 1446 1010 sua
1467 947 1683 1025 praebuerunt
1701 963 1878 1021 accessum,

240 1046 273 1106 et
284 1060 412 1105 morum
425 1043 697 1104 dissimilitudine
712 1040 888 1120 studioque
903 1042 1037 1104 diverso
1090 1048 1159 1106 Deo
1173 1045 1257 1106 duce
1274 1047 1309 1107 ot
1327 1045 1478 1122 adjutore
1492 1045 1627 1107 tandem
1641 1060 1724 1122 opus
1744 1044 1879 1106 absolui.

240 1141 277 1203 in
291 1142 461 1204 contraria
475 1143 563 1218 rapti
578 1140 683 1202 nostri
699 1139 907 1212 consodales,
923 1140 1037 1202 varios
1131 1144 1210 1204 Haec
1223 1142 1411 1218 wadingus
1426 1143 1481 1204 cui
1501 1143 1589 1204 sicut
1600 1142 1726 1220 aliquid
1737 1141 1884 1203 substra-

240 1239 335 1311 dues,
350 1239 405 1302 nel
419 1237 588 1299 liberioris
596 1240 629 1300 et
642 1237 814 1315 amplioris
827 1238 1035 1308 litteraturae,
1091 1240 1183 1300 xisse
1193 1240 1320 1301 crimen
1334 1241 1395 1310 cst,
1407 1240 1457 1302 sic
1466 1239 1591 1316 aliquid
1603 1239 1772 1300 addidisse
1784 1241 1885 1301 teme·

241 1338 300 1400 ant
314 1336 490 1399 strictioris
505 1336 773 1413 solitariorisque
785 1335 875 1407 vitae,
889 1334 954 1395 sibi
967 1335 1038 1396 sta-
1092 1338 1186 1398 rilas.
1201 1337 1312 1398 Nullis
1336 1337 1425 1398 enim
1436 1340 1507 1414 jam
1531 1338 1681 1398 remanet
1695 1338 1882 1414 scrupulus,

241 1433 387 1507 1111111,
404 1433 440 1495 11
454 1434 632 1511 pluresque
653 1448 689 1494 se
710 1432 855 1494 familias
875 1430 1040 1493 dissocia·
1093 1450 1158 1512 qua
1181 1434 1222 1497 de
1237 1450 1341 1496 causa
1362 1435 1440 1496 ante
1460 1434 1602 1511 primam
1621 1434 1804 1496 editionem
1819 1435 1885 1496 hmo

241 1523 321 1595 runt
347 1529 408 1610 (2),
435 1531 615 1608 plurimum
642 1546 750 1607 passae
777 1531 854 1591 sunt
875 1529 1039 1606 dispendii
1093 1533 1253 1610 opuscula
1263 1547 1322 1609 per
1335 1532 1384 1594 tot
1396 1531 1589 1593 delituerint
1599 1534 1761 1609 tempora,
1769 1547 1886 1609 nempe

242 1628 380 1710 (praeter
394 1629 494 1691 aliam
515 1628 607 1688 illam
625 1629 791 1706 jacturam
806 1629 843 1689 b.
864 1627 1041 1688 Bonaven-
1094 1630 1168 1706 post
1186 1630 1302 1708 plenos
1325 1628 1585 1707 quadringentos
1607 1644 1728 1702 annos,
1751 1645 1821 1707 quo
1834 1629 1886 1690 la·

241 1729 327 1789 turae
342 1723 454 1803 aetate)
477 1724 609 1797 tabulae,
636 1725 849 1797 monimenta,
876 1724 1039 1786 archiva-
1093 1727 1174 1789 bore
1187 1728 1223 1788 in
1236 1743 1337 1788 unum
1346 1726 1497 1797 collecta,
1509 1726 1662 1804 quodque
1672 1725 1770 1788 loetns
1781 1729 1889 1788 Fran·

243 1839 307 1903 que
322 1823 525 1902 Religionis3
539 1838 601 1884 nec
613 1825 681 1883 tam
696 1820 795 1883 facile
809 1822 881 1884 erat
895 1820 1040 1897 collige·
1094 1824 1175 1887 cisci
1188 1824 1368 1901 legitimus,
1383 1826 1417 1886 et
1433 1822 1520 1901 quod
1542 1823 1693 1885 doctrina
1709 1824 1803 1886 illius
1817 1839 1886 1886 οω-

242 1937 292 1994 re,
307 1937 381 2002 quae
403 1937 470 1983 non
492 1921 599 1982 solum
623 1935 683 1998 pen
709 1920 822 1997 plures
843 1920 1038 1991 conuentus,
1095 1922 1200 1985 lestis.
1215 1922 1310 1991 Vale,
1322 1921 1430 1983 nostri
1444 1935 1571 1982 memor
1584 1920 1672 1998 apud
1687 1923 1804 1982 Deum

280 2091 323 2174 (1)
342 2099 427 2160 Pron.
439 2112 490 2156 mi.
501 2097 577 2172 Lyra
586 2094 703 2156 ibidem.
1130 2086 1577 2172 (alvidcnetmmnodulpbun,
1590 2087 1722 2161 11111111.
1733 2092 1888 2162 mmm.

1096 2169 1162 2221 ante
1175 2161 1276 2220 Labros
1288 2161 1397 2219 fictu.
1413 2158 1529 2231 811111.
