3950 6200
214 340 255 397 43
648 336 703 394 Ao
727 334 866 395 OPERA
892 335 924 394 S.
950 335 1170 395 FRANCISCI
1194 333 1422 394 Asslslhrls
1815 334 1854 391 44

214 495 299 557 toris
314 493 460 556 moribus
482 510 549 554 non
569 493 737 571 probatur,
752 497 786 556 et
799 510 842 555 ex
856 493 1008 570 exemplo

216 593 280 653 sibi
293 592 389 653 iidem
404 592 551 662 sortitur,
564 594 754 652 necessario
767 591 933 653 latendum
946 597 1006 660 est,

216 705 301 761 eam,
318 706 390 766 quae
406 690 502 766 plene
522 681 669 749 moribus
690 689 844 750 Auctoris
867 691 1007 759 constat,

216 787 367 848 omnibus
384 786 553 846 meliorem
567 789 599 847 et
614 787 837 847 efficaciorem
854 802 936 846 esse.

256 885 331 945 Scio
343 885 485 961 quidem,
498 885 587 944 inter
601 888 741 945 Sanctus
753 886 785 945 et
797 885 947 953 Sanctos,
962 885 1010 943 iu·

215 984 267 1044 ter
282 982 399 1043 merita
409 984 441 1042 et
454 982 571 1042 merita
585 981 807 1042 differentiam
819 997 892 1041 esse
906 981 1011 1041 maxi-

216 1080 556 1151 mam,utBeruardus
575 1077 1009 1158 docuit(1),disputati0nes

216 1180 326 1239 autem
343 1178 377 1238 et
389 1177 635 1238 controversias
651 1177 691 1237 de
706 1192 821 1237 eorum
836 1191 1011 1252 compara·

215 1275 306 1336 tione
318 1277 350 1336 et
364 1275 484 1350 gloria,
505 1274 641 1336 inutiles
657 1275 690 1336 et
705 1274 910 1350 periculosas
923 1289 1007 1344 esse,

215 1387 277 1433 nec
291 1372 373 1433 viris
388 1371 452 1448 piis
468 1373 672 1441 conveniret,
694 1387 769 1432 cum
791 1367 900 1448 potius
924 1387 1008 1432 con-

215 1455 397 1532 troversias
421 1470 585 1540 excitent,
613 1486 711 1547 quam
740 1470 896 1530 imitandi
920 1470 1011 1529 desi·

216 1566 344 1627 derium
357 1568 391 1628 et
402 1568 610 1628 devotionem
625 1585 631 1628 :
647 1569 745 1644 atque
760 1567 807 1628 ita
823 1566 863 1626 ad
879 1566 1008 1627 sancti-

1064 493 1226 554 Pontitlce
1252 493 1447 569 inscriptum
1469 491 1689 569 Epitaphium.
1714 490 1751 551 Si
1773 506 1856 567 ergo

1064 591 1185 666 aliquis
1202 593 1273 666 post
1297 590 1474 660 Christum,
1490 589 1573 664 legis
1594 588 1716 649 divinae
1733 589 1857 648 meruit

1064 689 1195 764 aperire
1210 688 1342 760 librum,
1359 691 1391 750 et
1406 691 1478 766 ejus
1495 702 1662 763 exponere
1677 689 1854 763 praecepta,

1064 788 1093 846 is
1119 787 1316 846 Franciscus
1339 788 1408 858 est;
1432 786 1487 861 qui
1510 786 1546 845 ut
1568 786 1699 845 occisus
1729 784 1857 844 eisdem

1064 882 1269 954 vulneribus,
1285 882 1403 959 quibus
1417 887 1531 956 Agnus
1550 883 1715 959 apparuit,
1731 884 1766 942 et
1781 882 1860 958 Spi-

1065 981 1129 1041 ritu
1146 981 1206 1041 Dei
1219 981 1347 1055 plenus,
1363 980 1483 1056 poterit
1495 980 1625 1039 solvere
1639 981 1672 1040 et
1685 979 1859 1055 explicare

1065 1078 1237 1153 signacula
1264 1081 1346 1154 ejuS,
1370 1093 1443 1153 quea
1467 1078 1544 1138 sunt
1565 1080 1689 1152 septem
1712 1075 1859 1151 Spiritus

1065 1176 1134 1236 Dei.
1160 1178 1199 1236 Et
1220 1175 1294 1235 ideo
1318 1175 1430 1235 forsan
1453 1175 1582 1236 erectus
1597 1177 1630 1235 et
1645 1175 1859 1249 incorruptus

1065 1288 1125 1349 per
1145 1274 1194 1333 tot
1217 1272 1338 1333 saecula
1354 1274 1388 1333 in
1405 1272 1582 1348 sepulchro
1604 1274 1808 1348 perseuerat,
1823 1274 1859 1332 ut

1065 1370 1255 1441 semivivus,
1281 1385 1346 1431 non
1371 1372 1530 1441 mortuus,
1551 1371 1609 1430 aut
1632 1368 1776 1438 occisus,
1799 1367 1859 1428 sed

1065 1468 1160 1543 qnasi
1187 1469 1337 1528 mortuus
1359 1466 1550 1552 appareat:
1576 1467 1609 1528 et
1633 1466 1811 1540 integritas
1826 1468 1860 1526 et

1065 1565 1270 1640 incorruptio
1293 1567 1359 1625 siut
1381 1565 1477 1640 signa
1498 1563 1614 1641 optimi
1637 1563 1802 1634 Doctoris,
1817 1564 1860 1623 et

216 1665 293 1726 tatis
304 1665 568 1740 comparationes
579 1681 644 1726 non
657 1665 842 1725 deveniam.
854 1664 890 1725 ld
902 1664 1009 1724 solum
1066 1663 1215 1737 magistri
1238 1661 1298 1740 (3),
1321 1661 1399 1738 quia
1426 1662 1511 1722 sicut
1537 1677 1654 1721 aurum
1679 1663 1713 1721 et
1736 1676 1862 1735 argen-

216 1761 352 1834 dixero‚
380 1762 499 1823 debere
528 1778 795 1841 unumquemque
824 1761 1009 1823 doctrinam
1064 1761 1143 1830 turn,
1162 1762 1194 1820 et
1209 1759 1346 1835 lapides,
1368 1774 1449 1836 quos
1471 1758 1559 1833 ignis
1581 1774 1646 1819 non
1662 1759 1858 1833 corrumpit,

217 1859 388 1936 seraphici
404 1860 586 1930 Francisci,
602 1876 644 1921 ex
658 1864 731 1937 eJus
746 1861 814 1922 vita
830 1862 863 1921 et
879 1859 1009 1920 meritis
1065 1858 1111 1917 ita
1135 1857 1242 1918 bonus
1266 1857 1426 1932 magister
1447 1855 1710 1931 incorruptibilis
1725 1871 1863 1931 perma-

215 1958 400 2018 aestimare:
415 1960 448 2018 et
462 1958 518 2034 qui
533 1974 608 2018 eum
622 1957 672 2034 (ut
684 1973 746 2033 par
760 1957 824 2036 est)
838 1957 925 2017 inter
939 1960 1011 2016 An·
1066 1954 1166 2015 nebit.

216 2055 341 2130 gelicos
362 2054 482 2115 choros
504 2055 712 2125 collocatum,
734 2055 845 2116 sedem
862 2053 1010 2114 Luciteri
1104 2053 1206 2114 Docet
1232 2052 1333 2113 etiam
1361 2052 1397 2112 in
1429 2051 1499 2111 suis
1527 2050 1621 2112 libris
1645 2051 1861 2123 Franciscus,

217 2167 381 2228 occupare
420 2152 616 2223 crediderit,
652 2152 846 2228 Argolicam
880 2153 1011 2228 reputet
1065 2152 1232 2226 tamquam
1261 2151 1455 2226 potestatem
1483 2148 1609 2209 habens
1634 2147 1680 2228 (4)
1706 2149 1863 2225 exemplo

217 2248 403 2311 doctrinam
420 2271 428 2309 ε
445 2249 501 2326 qui
523 2250 610 2311 inter
628 2250 803 2326 Apostolos
827 2249 922 2311 illum
938 2265 1012 2309 ma·
1065 2247 1188 2308 Christi
1208 2268 1215 2307 :
1233 2262 1330 2324 quem
1354 2248 1443 2308 enim
1467 2246 1569 2307 verba
1591 2246 1766 2323 seraphico
1789 2248 1864 2323 spi-

218 2346 318 2408 luerit
340 2363 534 2419 recensere,
559 2347 783 2424 Apostolicam
807 2346 975 2408 existimet
1001 2368 1008 2405 :
1065 2346 1132 2405 ritu
1158 2345 1272 2422 plena,
1298 2347 1331 2406 et
1361 2346 1454 2420 regio
1485 2345 1615 2420 signata
1638 2345 1767 2420 sigillo,
1791 2361 1862 2406 non

217 2445 274 2522 qui
286 2461 360 2507 eum
372 2445 406 2505 in
417 2446 485 2506 vita
495 2460 610 2507 verum
623 2447 656 2506 et
668 2448 795 2506 certum
809 2445 1009 2506 imitatorem
1066 2444 1317 2504 commoveant?
1340 2459 1405 2502 non
1428 2442 1585 2504 trahenti
1609 2458 1674 2502 non
1706 2443 1861 2519 compel-

218 2543 352 2608 Ghristi.
369 2544 402 2604 et
415 2543 451 2602 iu
467 2558 605 2618 corpore
620 2545 693 2619 eJus
708 2541 852 2618 effigiem
868 2543 1012 2604 senserit
1066 2540 1157 2601 lantt
1180 2543 1254 2601 Non
1280 2540 1445 2601 immerito
1472 2540 1504 2600 ei
1527 2538 1707 2601 convenire
1735 2540 1862 2601 existi-

217 2640 250 2700 et
275 2638 484 2711 adoraverit,
513 2638 627 2700 credat
660 2639 787 2699 nullam
825 2639 1010 2700 doctrinam
1065 2655 1152 2699 mem
1186 2633 1273 2715 ‘quod
1306 2638 1379 2699 Tito
1403 2636 1451 2716 (5)
1484 2638 1633 2714 praecipit
1664 2638 1862 2714 Apostolus:

216 2737 370 2798 Auctoris
405 2753 471 2797 non
507 2736 659 2798 canonici
695 2737 769 2813 plus
796 2736 860 2798 hac
885 2736 1011 2798 Christi
1066 2738 1146 2796 Cum
1161 2737 1251 2797 omni
1267 2736 1406 2811 imperio
1419 2735 1535 2796 doceto
1552 2733 1633 2812 (non
1650 2735 1736 2811 quod
1752 2734 1866 2812 impe-

218 2833 344 2895 imitari
358 2834 554 2894 doctrinam.
581 2835 696 2895 Portet
719 2834 865 2909 sigillum
888 2834 1010 2896 Christi
1065 2834 1154 2895 riose
1168 2835 1203 2894 et
1215 2833 1339 2895 tumide
1352 2833 1464 2894 divina
1479 2833 1630 2894 doctrina
1645 2833 1864 2910 praedicanda

217 2930 417 2992 Franciscus
448 2931 667 3008 stigmateque
700 2934 773 3007 ejus
804 2932 841 2992 in
872 2947 1011 3008 corpore
1066 2931 1121 3002 sit,
1144 2931 1200 2993 sed
1227 2931 1313 3008 quod
1336 2930 1423 2992 bono
1444 2931 1617 3007 exemplo,
1642 2933 1675 2993 et
1700 2932 1778 2992 vitae
1806 2932 1866 2992 in-

219 3043 296 3101 suo,
320 3027 439 3106 quibus
470 3028 699 3090 auctoritatem
727 3029 854 3106 regiam
876 3030 1012 3107 praestat
1066 3030 1231 3106 tegritate,
1249 3028 1449 3090 venerabilis
1469 3028 1575 3090 iactus
1591 3029 1751 3105 Magister
1764 3044 1864 3089 suam

218 3127 378 3189 doctrinae
393 3142 462 3188 suae
478 3148 485 3187 :
503 3142 576 3204 quae
591 3128 679 3188 enim
702 3127 811 3204 sigillo
829 3129 922 3204 regio
942 3128 1012 3203 sig·
1066 3127 1250 3189 doctrinam
1272 3127 1389 3189 reddat
1413 3127 1666 3199 observandam,
1693 3129 1730 3189 nt
1752 3128 1865 3203 ipsius

218 3227 297 3286 nata
321 3226 408 3297 sunt,
432 3225 560 3301 regiam
583 3227 789 3304 majestatem
813 3242 882 3303 prae
901 3241 937 3303 se
959 3226 1011 3286 te·
1066 3226 1185 3303 capitis
1209 3226 1313 3286 series
1335 3226 1416 3287 satis
1440 3225 1594 3296 ostendit,
1620 3227 1653 3286 et
1681 3224 1866 3287 observant

218 3323 1010 3399 runt:signatamergoetconlirmatamdicemus
1067 3323 1155 3384 sacri
1178 3321 1348 3401 Doctores)
1365 3321 1426 3400 (o).
1449 3323 1648 3383 Franciscus
1670 3322 1758 3382 enim
1783 3338 1864 3383 cum

135 3480 138 3491 ,
217 3421 387 3482 Francisci
402 3421 586 3483 doctrinam
601 3421 725 3483 Christi
741 3421 852 3498 sigillo
869 3420 929 3500 (2).
946 3422 1012 3481 Mi·
1066 3419 1206 3496 imperio
1221 3423 1253 3481 et
1268 3421 1430 3496 potestate
1450 3420 1556 3489 docet,
1578 3422 1647 3481 tum
1670 3436 1712 3480 ex
1733 3420 1814 3480 vitae
1829 3422 1866 3482 et

216 3519 391 3583 raculosus
415 3518 473 3580 ille
502 3518 602 3590 liber,
631 3536 728 3596 quem
753 3523 900 3582 ioannes
928 3519 1011 3580 vidit
1066 3533 1194 3578 morum
1209 3519 1338 3593 integra
1353 3517 1540 3594 disciplina,
1557 3520 1626 3580 tum
1646 3533 1689 3578 er
1707 3518 1866 3578 auctori·

216 3618 376 3694 scriptum
391 3616 481 3677 intus
494 3620 527 3679 et
541 3616 633 3689 loris,
649 3633 746 3693 quem
764 3632 861 3679 nemo
883 3618 1012 3693 poterat
1065 3618 1133 3676 tate
1156 3616 1188 3677 et
1212 3617 1384 3692 majestate
1407 3615 1551 3687 Christi,
1577 3619 1672 3693 cujus
1696 3616 1864 3691 signatus,

216 3716 361 3792 aperire,
391 3731 563 3792 quousque
589 3716 682 3776 veuit
701 3719 815 3790 Agnus
841 3716 1010 3792 tamquam
1066 3713 1149 3774 adeo
1173 3713 1349 3773 Deilormis
1377 3713 1514 3775 effectus
1542 3716 1613 3784 est,
1640 3714 1675 3774 ut
1703 3714 1866 3775 humanis

216 3812 359 3881 occisae,
370 3812 403 3871 et
415 3812 546 3887 aperuit
558 3810 665 3878 illum,
677 3812 733 3887 qui
747 3810 868 3886 dignus
879 3812 1010 3887 aperire
1066 3810 1182 3882 oculis,
1200 3827 1274 3871 cum
1293 3826 1357 3871 non
1374 3811 1521 3872 dissonet
1534 3811 1695 3883 doctrina,
1710 3810 1768 3871 sed
1785 3826 1867 3873 con·

215 3909 309 3970 visus
320 3909 380 3979 est,
397 3909 554 3985 quoniam
569 3908 699 3968 occisus
712 3909 785 3981 luit,
803 3911 836 3970 et
856 3924 899 3969 ex
920 3909 1010 3969 omni
1065 3909 1188 3979 veniat,
1215 3909 1367 3969 Christus
1390 3908 1497 3969 rideri
1521 3909 1625 3985 possit
1645 3931 1653 3968 ε
1677 3913 1709 3970 et
1730 3910 1759 3969 si
1785 3926 1865 3981 nos,

216 4007 348 4083 lingua,
363 4006 562 4074 atuaticos,
579 4005 776 4081 etgentibus
796 4007 1010 4082 congregavit
1066 4005 1121 4080 qui
1147 4019 1213 4063 non
1237 4003 1380 4064 vidimus
1403 4020 1579 4080 personam
1599 4004 1735 4072 Christi,
1752 4006 1867 4066 Fran-

217 4103 398 4166 Ecclesiam
421 4106 455 4165 et
473 4107 622 4179 Regnum
642 4104 713 4164 Dei.
731 4104 810 4164 Haec
823 4104 955 4180 quidem
970 4104 1012 4164 de
1066 4103 1189 4163 ciscum
1214 4101 1424 4176 stigmatibus
1450 4101 1652 4172 decoratum,
1670 4103 1866 4178 loquentem

217 4199 347 4261 Christo
369 4198 524 4273 intelligi,
548 4199 715 4260 communi
741 4214 906 4260 consensu
932 4215 1012 4275 pro-
1065 4198 1167 4259 verba
1192 4198 1314 4259 Christi
1339 4200 1552 4270 audiremus,
1578 4201 1636 4260 aut
1659 4200 1867 4263 scribentem

216 4297 296 4359 bant
330 4298 436 4359 sancti
466 4298 636 4368 Doctores,
665 4297 721 4373 qui
744 4298 839 4373 quasi
866 4297 1008 4368 occisus,
1066 4296 1697 4369 manu,clauotranslixa,viderem11s;
1714 4298 1868 4360 nouim-

217 4396 373 4470 quoniam
387 4397 460 4471 post
476 4395 807 4456 mortemoccisionis
821 4394 916 4471 signa
929 4410 1009 4472 por·
1066 4395 1185 4454 merito
1201 4397 1273 4469 ejus
1288 4393 1505 4455 similitudine
1529 4394 1667 4470 decepti,
1689 4394 1866 4457 Christum

219 4495 305 4563 tans,
321 4493 417 4554 uivus
431 4492 596 4569 apparuit.
612 4494 654 4556 At
671 4497 746 4570 post
761 4493 939 4564 Christum,
955 4492 1009 4553 eui
1065 4491 1211 4562 audisse,
1235 4493 1294 4551 aut
1314 4491 1438 4552 vidisse
1453 4491 1652 4553 scribentem
1667 4491 1780 4553 dicere
1796 4509 1866 4554 au-

218 4588 337 4650 melius
356 4589 429 4650 haec
443 4590 540 4661 risio,
560 4607 659 4667 quam
677 4592 857 4652 Francisco
871 4606 1010 4666 compe·
1065 4588 1229 4649 daremus.
1258 4588 1337 4660 Quis
1365 4604 1541 4664 ergonon
1571 4588 1706 4665 plurimi
1734 4589 1869 4653 saciati

217 4691 289 4750 tere
304 4686 532 4762 dignosciturt
547 4688 603 4765 qui
622 4689 718 4750 vivus
740 4689 835 4764 quasi
859 4689 1010 4749 mortuus
1065 4686 1139 4763 quis
1159 4702 1224 4746 non
1245 4686 1387 4747 libenter
1406 4688 1494 4763 legat
1518 4686 1701 4747 doctrinam
1721 4687 1865 4761 Christi,

218 4785 383 4862 apparuit,
409 4786 479 4845 tum
507 4801 550 4845 ex
576 4785 842 4855 mortificatione,
870 4789 938 4846 tum
968 4802 1011 4846 ex
1064 4784 1236 4845 transfixis
1273 4784 1426 4845 manibus
1466 4784 1635 4845 Francisci
1678 4784 1869 4860 scriptamt

218 4884 324 4959 signis
348 4882 483 4952 mortis,
508 4880 628 4958 quibus
655 4886 770 4956 Agnus
806 4881 936 4943 occisus
960 4888 1011 4944 est
1066 4882 1139 4958 quis
1156 4897 1274 4942 manus
1288 4883 1459 4943 transfixae
1485 4884 1648 4959 sanguine
1672 4883 1867 4946 madentem

219 4982 400 5041 Christus:
425 4979 498 5055 ipse
526 4983 636 5039 autern
663 4978 786 5039 amoris
817 4978 1010 5039 dulcissima
1066 4980 1234 5046 chartam,
1263 4980 1446 5050 calamum,
1476 4982 1765 5056 atramentumque
1795 4998 1866 5043 non

217 5080 324 5140 morte
345 5079 516 5153 correptus
540 5076 636 5136 uivus
659 5076 825 5152 apparuit,
848 5078 881 5137 et
902 5076 1010 5137 adbuc
1065 5080 1293 5149 veneraretur,
1312 5076 1341 5135 si
1357 5076 1570 5137 Franciscum
1586 5076 1788 5137 scribentem
1801 5079 1868 5139 ad·

217 5177 293 5252 post
315 5175 502 5236 naturalem
526 5174 666 5233 mortem
691 5172 871 5234 semivivus
894 5190 1010 5250 perse·
1065 5173 1194 5249 spicere
1229 5175 1436 5235 mereretur?
1477 5174 1579 5236 Crede
1611 5175 1722 5234 tamen
1764 5177 1864 5248 mihi,

217 5275 322 5344 verat,
351 5274 482 5333 erectus
507 5271 541 5331 in
569 5271 732 5346 sepulcro,
761 5274 797 5334 ut
822 5273 963 5333 testatur
990 5289 1009 5332 a
1064 5274 1193 5340 Lector,
1209 5272 1315 5346 pluris
1331 5270 1482 5333 iacienda
1498 5288 1571 5333 esse
1584 5271 1695 5343 verba,
1713 5271 1816 5342 dicta,
1830 5279 1867 5337 et

254 5446 295 5519 (l)
311 5446 445 5505 Bernard.
467 5448 557 5505 Serui.
579 5446 606 5516 5,
624 5448 656 5504 in
681 5448 754 5504 Fest.
779 5449 903 5505 ominium
921 5450 1008 5505 Sunc·
1102 5447 1143 5518 (l)
1161 5449 1308 5513 blatt.,vn.

220 5524 324 5575 torum.
1102 5518 1131 5588 (5
1157 5518 1199 5574 Ad
1214 5520 1279 5586 tit,
1291 5533 1317 5576 c.
1333 5519 1360 5575 2.

255 5590 296 5659 (2)
310 5590 410 5660 Apoc,
427 5606 454 5646 v.
1101 5592 1130 5659 (o
1160 5593 1279 5659 Cregor.
1304 5592 1321 5646 Ι.
1347 5592 1415 5646 hlor.
1432 5590 1477 5647 23.
1498 5605 1523 5646 c.
1542 5592 1584 5647 l3.
1602 5589 1701 5647 isidor.
1722 5592 1750 5659 3,
1772 5593 1865 5659 Seni„

255 5660 294 5731 43)
309 5662 405 5721 Ambr.
418 5661 447 5717 in
463 5661 551 5733 Epist.
569 5661 647 5718 Paul.
663 5663 674 5719 l
690 5660 810 5729 edCor,
826 5676 851 5717 c.
864 5662 889 5717 3.
1065 5674 1090 5716 c.
1109 5661 1152 5717 36.
