3950 6200
238 256 299 317 807
670 258 703 317 S.
724 255 900 325 nhiohll
929 257 1115 323 reboant
1145 258 1283 321 OPERA
1310 258 1456 323 onum.
1813 266 1866 327 868

238 416 326 479 unde
343 415 378 478 iu
398 415 519 479 Genesi
533 414 577 496 (1,
592 413 648 495 2);
671 418 805 479 «Terra
826 417 937 479 autem
959 419 1034 481 erat
1347 421 1489 483 SERMO
1511 419 1622 483 CXVI.

238 514 361 588 inanis,
377 517 411 577 et
425 529 541 577 vacua.
558 531 577 574 a
597 514 712 579 inanis
726 514 848 577 dicitur
861 531 956 589 mens
970 514 1033 579 ho·
1086 552 1127 607 „0
1140 547 1318 623 benignitate
1336 552 1397 619 neq,
1416 567 1502 625 quam
1521 552 1641 610 comum
1658 550 1741 610 „opis
1762 555 1864 626 120qu„

238 611 1032 691 minissequentisinaniatemporalia,etperhoc
1122 645 1238 696 ,emm
1261 652 1366 710 „uum
1386 642 1427 698 lie
1450 639 1627 713 qmpmppcp
1643 654 1759 709 eom„
1774 642 1867 701 ,pm

235 725 342 771 uacua
356 712 436 772 esta
448 709 575 786 gratia,
592 709 680 770 unde
692 709 835 771 ibidem:
852 728 870 771 s
886 711 1032 789 Spiritus
1121 727 1418 800 contemplativorum,
1435 737 1593 800 pantorum,
1609 728 1866 803 conjugemque

236 808 296 868 liei
311 806 482 870 terebatur
501 822 601 884 super
616 822 720 884 aquas
732 824 762 867 a.
776 808 920 870 Nomine
931 824 1032 886 aqua·
1122 816 1319 888 parvulorum
1334 816 1372 875 de
1385 816 1563 876 diversorum
1578 816 1718 875 melete.

235 920 309 965 rum
320 919 414 965 mens
427 918 569 981 sequens
581 904 695 965 inania
708 904 913 980 designatur.
924 907 1032 982 Super

234 1018 340 1080 aquas
351 1018 418 1064 non
433 999 679 1080 requiescei(l)
696 1001 834 1078 spiritus
847 1019 953 1073 meus,
965 1005 1029 1065 etc.

233 1104 328 1178 Aqua
342 1100 505 1161 elationes
520 1098 630 1170 habet,
645 1099 902 1161 etcorhominis
916 1100 1031 1173 elatio-
1124 1056 1158 1118 et
1178 1061 1292 1132 mmm
1310 1059 1361 1195 h?
1379 1060 1604 1133 replebuntur
1628 1060 1793 1129 '‘berlai‘’
1811 1065 1861 1123 m·

234 1214 296 1260 nes
312 1196 411 1259 habet
426 1196 601 1274 superbiae.
625 1200 718 1274 Aqua
737 1196 838 1260 habet
856 1197 1028 1275 inquietu-
1127 1154 1232 1232 (Μ’
1248 1157 1299 1227 ⁶4¹
1313 1158 1361 1229 ¹*
1377 1155 1418 1216 ad
1433 1154 1498 1236 Μ’)

232 1296 355 1368 dinem,
364 1294 518 1357 similiter
525 1296 559 1356 et
568 1310 626 1355 cor
633 1295 816 1355 humanum
824 1294 1030 1373 inquietatur
1125 1296 1293 1374 Siquidem
1305 1296 1492 1360 benedictio
1507 1298 1637 1360 Domini
1652 1300 1705 1360 est
1717 1297 1863 1362 bonorum

232 1393 495 1473 perararitiam.
518 1396 611 1470 liqna
633 1392 748 1454 radios
763 1392 924 1455 solisnon
945 1394 1030 1456 reci·
1085 1394 1327 1472 multiplicatio,
1349 1397 1382 1458 et
1407 1395 1616 1458 confirmatio
1637 1398 1774 1473 gratim
1789 1398 1865 1460 unde

233 1494 292 1572 pit
301 1492 359 1555 sed
368 1492 561 1569 repercutit,
571 1492 660 1555 itaet
669 1491 800 1568 isti,qui
810 1492 1030 1557 nontremunt
1084 1491 1310 1557 Ecclesiastioi
1339 1490 1383 1573 (3,
1412 1491 1464 1572 11)
1489 1494 1747 1559 :cssenedictio
1773 1496 1864 1574 petris

232 1607 404 1653 sermones
416 1589 487 1662 Dei,
503 1606 562 1674 eos
575 1590 834 1667 nonrecipiunt;
846 1589 1029 1651 undebene
1083 1589 1192 1653 firmat
1217 1590 1332 1652 domos
1356 1590 1505 1659 illiorum
1527 1591 1743 1657 :maledictio
1762 1594 1865 1657 matris

231 1690 313 1753 dicit
326 1710 334 1749 ε
349 1691 394 1751 Et
412 1703 487 1750 ecce
508 1703 618 1750 vacua
639 1690 728 1749 erut.
742 1686 834 1760 Quod
850 1688 1028 1765 sequitur:
1082 1688 1233 1750 eradicat
1253 1687 1480 1751 fundamenta.
1498 1706 1516 1749 a
1534 1692 1581 1751 De
1597 1689 1813 1766 benignitate,
1830 1691 1863 1753 ad

233 1788 278 1850 ul
290 1790 391 1862 qttuet
412 1789 507 1859 nihil,
521 1785 676 1860 designat
688 1787 809 1847 statum
825 1786 1027 1862 peccatorem
1082 1786 1190 1848 Titum
1202 1785 1247 1865 (3,
1259 1784 1292 1865 4)
1307 1787 1525 1864 :cipparuit
1541 1786 1744 1862 benignitas,
1763 1789 1796 1849 et
1807 1788 1864 1850 bu·

232 1885 395 1963 siquidem
416 1885 571 1962 peccator
594 1899 661 1945 non
691 1885 743 1945 est
765 1884 902 1945 omnino
927 1882 1025 1956 nihil,
1083 1883 1225 1945 manitas
1239 1882 1538 1947 salvatorisnostri
1551 1885 1622 1946 hei.
1638 1901 1656 1944 a
1672 1883 1865 1962 Debenigni·

232 1983 290 2045 sed
305 1983 402 2061 quasi
417 1981 572 2055 nihilum,
589 1982 745 2058 quoniam
761 1980 907 2043 scintilla
921 1980 1029 2047 ratio·
1082 1982 1149 2042 tate
1170 1981 1334 2058 siquidem
1358 1997 1402 2042 an
1428 1997 1496 2043 non
1513 1981 1623 2043 simile
1644 1981 1727 2044 dicit
1751 1983 1865 2044 [salust

231 2081 285 2145 nis
301 2081 432 2158 penitus
448 2080 483 2140 in
505 2095 545 2141 eo
565 2095 632 2143 non
651 2077 858 2154 extinguitur
872 2094 933 2155 per
947 2093 1029 2154 peo-
1083 2077 1176 2157 (61,1
1193 2080 1226 2141 αῖ
1239 2077 1469 2158 2.)‹spiriius
1489 2079 1621 2141 Domini
1641 2096 1744 2157 super
1757 2096 1817 2153 me,
1832 2097 1863 2143 eo

230 2180 352 2252 catum,
381 2178 447 2241 imo
474 2176 636 2239 redeunte
658 2177 767 2254 gratia
789 2178 898 2254 potest
930 2191 1029 2239 reac-
1082 2175 1167 2253 quod
1183 2177 1281 2239 unxit
1296 2175 1468 2256 (2)me,ad
1483 2177 1780 2255 evangelizandum
1794 2194 1866 2256 pau-

231 2276 338 2340 cendi.
366 2275 443 2338 Ideo
468 2274 553 2336 bene
579 2274 724 2336 diciturz
744 2275 963 2348 Repledimur
989 2276 1028 2334 to
1081 2273 1216 2350 peribus
1239 2273 1286 2353 (3)
1306 2274 1398 2336 misit
1414 2290 1478 2347 me,
1500 2276 1535 2336 ut
1556 2274 1710 2337 mederer
1724 2276 1863 2339 contritis

230 2379 326 2438 bonis
344 2377 466 2437 dotibus
489 2373 577 2444 tuctu
599 2371 758 2449 quoniam
778 2372 811 2432 et
834 2370 905 2448 ipsa
928 2369 1027 2432 beata
1081 2371 1192 2443 corde,
1201 2374 1235 2434 et
1244 2371 1460 2449 praedicarem
1471 2372 1612 2449 captivis
1622 2372 1861 2449 indulgentiam,

231 2475 333 2551 Virgo
348 2471 456 2535 Maria
471 2469 567 2532 nobis
588 2469 731 2547 acquirit
747 2467 1024 2540 misericordiam,
1081 2473 1114 2531 et
1137 2469 1263 2531 clausis
1282 2470 1501 2547 apertionem,
1517 2471 1553 2531 ut
1576 2470 1862 2547 praedicaremus·

229 2574 266 2634 ut
280 2572 337 2650 qni
346 2572 447 2646 quusi
460 2571 545 2631 inibit
557 2572 630 2629 erat
642 2582 701 2644 per
716 2567 887 2643 peccatum
900 2566 1027 2642 primo-
1080 2583 1159 2628 num
1183 2566 1381 2644 placabilem
1405 2567 1557 2629 Domino.
1574 2572 1725 2629 »Annus
1745 2568 1861 2646 quidem

229 2686 303 2733 rum
319 2669 505 2747 parentum,
521 2666 580 2729 ilat
594 2664 720 2742 aliquid
740 2680 800 2741 per
813 2663 1027 2727 reformatio-
1080 2664 1256 2742 placabilis
1270 2665 1321 2727 est
1334 2667 1464 2743 tempus
1477 2665 1608 2742 gratim,
1622 2665 1658 2727 in
1671 2682 1739 2743 quo
1748 2665 1860 2744 placm

231 2784 307 2835 nem
323 2770 404 2831 lesu
423 2763 559 2835 Christi,
573 2765 606 2826 et
619 2763 738 2839 gratiae
761 2760 966 2824 ablutionem
991 2760 1025 2823 in
1080 2763 1189 2839 potest
1206 2764 1295 2823 Deus
1315 2762 1417 2824 etiam
1438 2777 1528 2839 saepe
1542 2762 1705 2824 offensus.
1720 2762 1860 2840 mugni-

230 2862 460 2931 sacramentis.
478 2863 558 2923 ltcm
575 2860 648 2936 ipse
663 2859 807 2935 acquirit
829 2857 926 2923 nobis
941 2874 1025 2935 gra·
1079 2862 1132 2921 tan
1154 2859 1288 2937 quidem
1314 2859 1438 2921 Christi
1464 2861 1603 2938 apparet
1623 2861 1661 2922 in
1681 2860 1758 2932 hoc,
1786 2858 1860 2938 quod

228 2963 321 3033 tiam,
338 2962 374 3023 ut
387 2960 487 3021 homo
501 2973 627 3020 vacuus
641 2972 661 3019 α
673 2955 872 3025 virtutibus,
888 2956 1025 3033 reples·-
1079 2956 1152 3034 ipse
1175 2957 1327 3019 medetur
1351 2956 1416 3029 bis,
1431 2957 1488 3034 qui
1510 2957 1644 3034 sagittis
1658 2957 1788 3020 timoris
1800 2959 1863 3035 ejus

228 3067 285 3126 tur
296 3057 530 3133 virtutibus,ei
540 3053 696 3134 operibus
706 3053 814 3117 bunis.
825 3055 900 3131 ipsa
913 3054 1025 3116 autem
1079 3053 1489 3133 vulnerantur·:1nuulget
1502 3055 1751 3133 caphsis,cum
1764 3056 1861 3132 capti·
1927 3082 1928 3085 ¹

1086 961 1274 1022 Benediccs
1293 975 1432 1023 corunoe
1454 965 1540 1022 ursui
1554 963 1774 1039 benignitatis
1788 963 1862 1025 inu:

229 3160 358 3239 peperit
372 3157 505 3227 Filium,
517 3171 581 3233 quo
594 3153 764 3230 corruptio
777 3154 905 3215 neturae
916 3152 1026 3214 reior-
1079 3155 1185 3227 vatos,
1199 3154 1232 3216 et
1246 3153 1374 3231 peccati
1389 3168 1524 3215 carcere
1539 3154 1704 3228 detentos,
1719 3155 1863 3232 peccato·
1926 3169 1927 3190 ÷

226 3260 348 3324 matur,
375 3256 409 3317 et
435 3254 621 3332 reparatur,
644 3253 678 3315 et
703 3252 750 3316 ita
779 3253 878 3313 terra
903 3251 1024 3313 mentis
1078 3267 1153 3312 rum
1167 3251 1507 3324 vinculisadstrictos,
1522 3250 1861 3330 damnationiquead·
1924 3249 1926 3296 l

228 3354 373 3419 bominis
389 3355 514 3423 treanta,
529 3353 563 3414 et
576 3365 701 3421 oucuu,
715 3350 749 3410 et
762 3352 864 3423 quusi
876 3351 971 3421 nitu,
989 3348 1024 3409 in
1078 3349 1196 3422 dictos,
1217 3349 1323 3422 donec
1346 3348 1565 3411 novissimum
1586 3349 1766 3411 redderent
1787 3363 1861 3427 qun·
1924 3339 1925 3398 l

229 3456 292 3517 hoc
313 3451 451 3516 cellario
479 3447 604 3526 reperit
630 3447 915 3510 reformationem.
943 3446 1024 3507 item
1079 3447 1242 3519 drentem,
1271 3462 1346 3510 cum
1367 3447 1561 3525 poeniteant,
1583 3446 1693 3508 reddit
1714 3445 1860 3514 libertati,
1922 3439 1924 3522 l

227 3554 437 3628 replebimur
451 3551 488 3610 in
502 3547 852 3623 houbhulusdomus,
866 3544 1024 3621 quoniam
1079 3544 1248 3606 dimittens
1275 3545 1421 3623 culpam,
1447 3544 1481 3605 et
1506 3559 1649 3621 poenam.
1677 3547 1724 3607 nt
1748 3546 1863 3607 dasch
1921 3544 1923 3624 l

227 3653 326 3714 bomo
337 3650 372 3710 in
386 3649 460 3726 ipsa
475 3645 664 3708 conditione
675 3643 846 3733 fuitquasi
858 3641 1027 3704 arboreo.
1078 3642 1310 3715 apertiorem
1333 3640 1420 3704 uude
1441 3640 1539 3703 isaiae
1562 3639 1627 3719 (22,
1650 3638 1858 3720 22):‹1tabu
1919 3627 1922 3726 l

227 3749 308 3820 lida,
322 3748 356 3809 et
370 3746 482 3824 plena,
500 3744 557 3806 sed
579 3757 638 3820 per
652 3742 823 3820 peccatum
837 3741 933 3818 quasi
957 3740 1022 3803 sti·
1078 3739 1205 3804 clarem
1220 3737 1338 3800 domus
1350 3737 1455 3800 David
1469 3754 1570 3815 super
1582 3737 1760 3802 humerum
1769 3741 1863 3815 ejus»

228 3846 307 3927 pula
327 3845 437 3916 sicca3
454 3841 543 3902 unde
563 3839 625 3902 Job
647 3838 711 3917 (13,
728 3837 782 3917 25)
800 3860 807 3899 ι
823 3855 842 3898 c
860 3839 1023 3916 stipulam
1078 3838 1200 3912 Magna
1228 3835 1317 3900 enim
1346 3834 1532 3902 ostenditur
1557 3834 1760 3912 benignitas,
1786 3830 1860 3911 quud

228 3945 352 4006 siccam
377 3938 599 4018 persequeris.
626 3954 645 3997 a
671 3936 770 3998 Venit
793 3936 896 4012 igitur
925 3935 1024 3998 hesta
1078 3933 1230 3995 Christus
1251 3932 1287 3994 in
1308 3933 1458 3993 humeris
1480 3930 1609 4009 bajulat
1631 3948 1779 4003 crucem,
1798 3943 1859 4008 que

227 4044 330 4118 Virgo
344 4036 451 4101 Maria
468 4037 564 4114 plena
575 4034 696 4111 gratia,
713 4033 754 4095 de
769 4036 865 4110 cujus
877 4034 1025 4111 plenitu-
1078 4030 1185 4103 nobie,
1201 4030 1259 4108 qui
1272 4045 1387 4090 sumus
1402 4028 1518 4102 David,
1529 4027 1617 4091 iacta
1629 4030 1681 4090 est
1690 4029 1794 4091 claris
1806 4030 1861 4088 Ρα-

227 4141 317 4212 dine,
340 4137 434 4199 selva
460 4132 648 4196 reverentia
671 4131 761 4204 Filii,
782 4146 897 4194 omnes
920 4146 1021 4193 acce-
1080 4127 1196 4190 rudisi.
1214 4127 1384 4202 Zachariae
1407 4125 1451 4205 (9,
1472 4125 1524 4205 11)
1542 4143 1549 4186 :
1566 4144 1585 4186 s
1603 4128 1654 4188 Tu
1680 4123 1860 4204 quoqnein

225 4240 348 4320 pimus,
365 4235 402 4298 ut
415 4248 531 4295 omnes
550 4247 611 4292 nos
632 4245 809 4307 pauperes.
830 4228 1022 4291 venumdati
1078 4219 1860 4303 sanguine'testamentituiemisisti,veleduxisti

227 4337 289 4398 sub
303 4335 450 4413 peccato,
472 4345 531 4409 per
551 4345 626 4392 eam
648 4327 853 4406 accipiamus
880 4327 1022 4404 pretinm
1076 4325 1207 4386 vinctos
1224 4325 1300 4384 tuos
1326 4322 1371 4394 de⁴
1389 4322 1477 4394 lacu,
1504 4321 1540 4382 in
1561 4336 1716 4399 quonum
1738 4322 1798 4393 est,
1816 4314 1860 4379 rel

229 4434 352 4496 nostrae
377 4427 625 4505 redemptionis,
642 4441 701 4504 per
722 4441 821 4504 quam
847 4429 1024 4488 Paruulus
1078 4423 1294 4499 erutaque.»

228 4532 335 4594 itatius
356 4530 407 4591 est
428 4529 535 4598 nobb,
555 4527 589 4587 et
608 4527 701 4597 titius
723 4526 826 4586 dutus
856 4524 908 4585 est
927 4526 1024 4585 nohis
1116 4520 1314 4595 Hujusunut
1322 4531 1445 4582 corona
1454 4517 1505 4580 est
1515 4515 1690 4593 praemium
1699 4517 1860 4585 eternum,

160 4627 165 4638 '
231 4629 312 4710 (isa.
326 4628 357 4699 9,
366 4625 412 4703 6).
424 4624 546 4686 Filium
570 4635 667 4684 suurn
689 4621 781 4686 dedit
802 4619 900 4682 nubis
924 4619 1023 4682 beata
1077 4616 1163 4694 quod
1176 4613 1360 4688 scilicetad
1377 4613 1508 4675 modum
1523 4629 1658 4676 coronae
1669 4616 1763 4677 caret
1776 4613 1861 4691 prin·

230 4725 349 4797 Maria,
367 4727 403 4786 ut
413 4735 540 4800 pauper
549 4718 671 4781 habeut
683 4718 935 4796 pretiumquod
951 4733 1024 4794 per·
1078 4714 1176 4792 oipio,
1190 4715 1225 4776 et
1237 4711 1314 4784 tine,
1328 4710 1485 4776 videlicet
1498 4710 1571 4788 ipse
1583 4712 1683 4785 Deus,
1698 4726 1764 4790 quo
1777 4723 1862 4773 coro-

230 4826 350 4896 solvat,
366 4824 401 4884 et
420 4820 461 4882 de
476 4817 600 4895 stipula
612 4816 703 4879 sicca
714 4817 906 4879 revertetur
919 4815 952 4878 in
965 4830 1024 4876 er·
1077 4811 1212 4878 nubitur
1228 4808 1293 4888 qui.
1306 4808 1390 4874 bene
1412 4808 1602 4882 certaverit,
1622 4808 1762 4886 quilibet
1777 4805 1860 4870 modo

229 4925 344 4987 horem
363 4916 582 4982 fructiferam.
1078 4925 1150 4974 suo.
1179 4911 1226 4972 oe
1254 4905 1524 4980 metachesin
1546 4904 1592 4984 (6,
1609 4905 1663 4984 11)
1679 4927 1687 4966 :
1704 4908 1861 4969 «corone

1078 5009 1176 5070 eruut
1198 5003 1325 5076 Helem,
1344 5006 1378 5066 et
1399 5003 1510 5081 ldajae,
1527 5006 1561 5064 et
1583 5002 1707 5078 Tohiae,
1720 5005 1755 5066 et
1777 5005 1858 5068 Heu.

1078 5106 1147 5170 lilio
1174 5101 1363 5181 sophoniae,
1387 5101 1585 5166 memoriale
1602 5100 1639 5163 in
1652 5095 1860 5179 templumtt)

265 5262 307 5332 (1)
322 5223 412 5332 snper
431 5270 522 5331 eques
535 5269 593 5313 non
607 5235 775 5325 requiescet,
790 5258 844 5309 etc.
866 5249 974 5310 Ahudit
987 5249 1022 5308 ad
1078 5247 1133 5332 nisi
1151 5261 1184 5304 su
1224 5243 1395 5326 rhumilem,
1403 5249 1432 5298 et
1446 5241 1666 5314 quietum-illl
1678 5242 1707 5300 S.
1718 5239 1860 5320 Gregorius

229 5334 297 5394 illud
323 5331 414 5396 lseiae,
437 5326 564 5399 capii,
584 5337 657 5382 vers.
674 5323 691 5381 i
708 5338 714 5378 :
731 5344 742 5374 ‹
760 5322 804 5380 nd
822 5336 908 5393 quem
929 5321 1020 5393 respi-
1077 5318 1170 5375 th.
1208 5315 1417 5398 ‘oral.,1·ncnp.
1434 5312 1859 5395 inhumanissimum

228 5408 315 5470 uiam,
330 5401 385 5457 nisi
407 5398 442 5456 ad
460 5394 673 5470 pauperculum,
691 5401 720 5451 et
735 5392 889 5452 contritum
910 5393 1023 5519 spolzitu,
1078 5402 1142 5448 esee
1161 5402 1217 5446 scri
1238 5393 1297 5444 tum
1311 5392 1389 5456 Juxta
1403 5390 1544 5442 vetustam
1556 5384 1784 5440 uundutionem

230 5483 259 5532 et
282 5477 450 5531 trementem
473 5479 623 5526 semones
644 5463 751 5522 meus?
778 5463 900 5531 ‚Quen
975 5477 1023 5520 nm
1120 5454 1413 5529 'iqug.:unxerit.
1468 5524 1475 5537 Ο
1733 5523 1740 5535 ι

230 5546 258 5600 S.
275 5535 450 5613 Augustinus
471 5540 610 5596 Enurrut.
627 5535 655 5591 in
675 5535 749 5591 Psnl.
763 5533 823 5602 103,
840 5534 932 5591 Serm.
952 5533 978 5600 i,
995 5541 1024 5591 et
1127 5528 1155 5597 3)
1171 5529 1256 5601 vulg.
1274 5543 1281 5583 :
1296 5524 1332 5583 ad
1352 5522 1583 5582 annunciandum
1599 5531 1767 5581 monstretis.

230 5613 296 5669 alibi
308 5610 377 5680 legit
390 5624 397 5664 :
412 5630 422 5657 ‹
437 5609 619 5677 Superqnern
629 5606 789 5675 requiescet
800 5603 915 5676 spiritus
930 5618 1022 5672 meus,
1114 5600 1158 5693 (lt
1172 5599 1257 5670 vnlg.
1275 5614 1281 5654 :
1296 5596 1413 5669 templo,
