3950 6200
1895 12 1903 46 l

278 282 338 346 cat
748 277 803 339 ab
830 277 969 339 OPERA
995 277 1030 338 Β.
1051 275 1227 338 ANTONII
1257 276 1444 339 Pandam
1840 273 1905 342 lli

279 440 337 511 ubi
348 440 407 503 ille
421 438 603 501 mutandas
613 435 743 499 tuntum
758 456 766 497 r
780 436 903 514 quippe
916 434 1073 498 utebatur
1127 436 1199 498 ret:
1215 436 1408 498 andeclmus
1423 435 1585 513 aptiorem
1600 435 1704 497 alium
1715 457 1723 496 :
1734 438 1883 503 meo

279 537 440 602 memoria
459 549 519 613 pro
533 533 714 606 codicibus,
732 547 799 595 non
819 534 956 595 Pata-um
969 532 1072 595 rerba
1128 536 1165 593 ln
1179 533 1348 596 Psalmcs.
1365 535 1413 596 Re
1427 533 1549 610 quippe
1561 548 1641 595 vera
1653 535 1733 595 sunt
1750 549 1885 598 sernum

279 633 442 715 producit,
467 634 563 709 cnjus
590 629 808 693 observandae
833 630 979 691 licentias
1012 629 1075 691 fuit
1128 630 1163 690 in
1188 630 1349 702 Psalmos,
1370 630 1439 708 qni,
1465 631 1623 709 praejacto
1645 630 1823 701 versiculo,
1845 648 1886 694 cen

279 733 361 794 satis
378 731 533 807 nequem
550 729 684 790 occasio
700 729 883 804 :optimum
902 727 992 788 iactu
1006 726 1073 786 dn·
1128 729 1326 803 argumento
1355 728 1505 800 dicendi,
1532 728 1698 805 reliquum
1726 729 1773 789 ita
1799 730 1887 805 psalmi

277 829 400 900 nimus,
416 827 446 890 si
458 828 589 902 integra
602 825 945 901 etcastlgaticrjuxta
957 823 1074 901 proha-
1128 826 1337 901 percurrunt,
1348 829 1384 887 ut
1394 823 1574 887 identidem
1584 826 1761 887 materiam
1776 832 1885 898 sumant

277 925 426 989 tissimus
441 923 704 986 clarissimorum
720 920 907 997 praesertim
921 921 1074 997 mugra·
1128 937 1193 999 quo
1203 922 1239 982 in
1261 922 1446 984 orationem
1465 921 1661 984 formentur.
1682 925 1792 999 Ipsum
1805 925 1886 986 unsa

278 1021 424 1100 gationis
450 1019 485 1083 s.
510 1018 620 1080 Mauri
645 1017 885 1080 Menaenorum
910 1016 1074 1078 editiones
1128 1018 1507 1094 originariumcodicem
1520 1019 1746 1095 integerrime,
1759 1023 1885 1097 quantun

278 1116 510 1181 auctoritasin
525 1116 621 1177 Notis
636 1113 871 1190 apponeretur.
1027 1107 1032 1114 '
1127 1115 1273 1177 hominis
1299 1117 1361 1187 est,
1390 1115 1646 1192 exscnpaimus3
1672 1118 1886 1178 immutavimus

316 1214 486 1280 Nonnulla
500 1212 615 1274 Sancti
629 1212 702 1274 Viri
716 1212 857 1282 asserta,
877 1209 1071 1283 sententias,
1128 1212 1223 1286 nihil,
1234 1212 1319 1273 nihil
1332 1212 1523 1285 demsimus,
1532 1227 1593 1274 nec
1602 1213 1732 1290 apicem
1738 1214 1887 1291 apiciintra

277 1313 451 1388 emurque
471 1308 602 1371 dicendi
617 1307 742 1380 modos,
764 1303 884 1385 quibus
906 1306 1073 1370 delicatu-
1127 1309 1236 1386 ipsum
1261 1310 1428 1387 pestremo
1451 1311 1541 1387 Opus
1568 1309 1768 1371 addidimus
1788 1311 1889 1373 Placuit

279 1406 533 1485 lusallqnisvel
554 1405 745 1476 novitatem,
763 1405 817 1470 vel
831 1403 1001 1466 numum
1022 1402 1074 1470 ia-
1127 1408 1288 1483 praestare
1305 1406 1488 1478 dumtaxat,
1506 1422 1571 1484 quo
1595 1407 1744 1468 numeris
1766 1407 1890 1470 omnibu

278 1507 343 1569 clle
365 1503 588 1573 succenseret,
612 1501 790 1564 alacrioris
817 1500 1005 1579 cujuspiam
1029 1516 1074 1562 ex
1127 1503 1314 1565 absolutum
1350 1503 1509 1580 prodiret,
1545 1505 1777 1580 argumentum
1814 1505 1889 1565 scil·

280 1603 412 1668 Sanctis
429 1599 583 1662 Patribus
604 1598 796 1661 testimonio
808 1597 1070 1669 bouemavimus,
1127 1600 1891 1677 cetsermouibussingulispraeligendumsedel

278 1700 437 1764 adhibitis
469 1696 564 1759 inid
592 1696 693 1759 etiam
716 1696 901 1773 saepissime
931 1695 1073 1772 utraque
1126 1696 1280 1770 indicem,
1298 1713 1363 1774 quo
1376 1699 1572 1774 argumenta
1582 1699 1752 1769 notamur,
1767 1698 1826 1758 alio
1838 1698 1889 1759 tri-
1918 1763 1919 1766 ,

278 1798 409 1870 illoesa,
433 1794 643 1858 interlineari
665 1793 806 1865 scilicet,
820 1808 860 1854 ac
874 1792 1072 1865 ordinariu;
1129 1794 1209 1871 plici
1233 1794 1381 1856 indiculo
1404 1811 1412 1850 ι
1433 1794 1631 1856 accessisset
1656 1797 1792 1872 quartus
1807 1796 1892 1855 inter·
1918 1849 1920 1872 ,

279 1910 344 1974 quo
358 1894 500 1956 tortasse
514 1891 580 1965 liet,
597 1890 704 1969 utqui
719 1890 815 1966 legis,
831 1906 898 1952 nou
913 1888 1016 1950 semel
1036 1890 1072 1949 ln
1126 1890 1324 1969 prelationis
1345 1891 1583 1954 vocabulorum
1620 1893 1732 1953 Sacra
1767 1893 1920 1968 scriptur

278 1992 422 2055 Antonio
447 1990 622 2062 admirere,
644 1987 730 2065 quod
749 1987 785 2048 in
805 1987 939 2064 scriptis
960 1983 1072 2062 magni
1126 2002 1191 2060 rae,
1208 1987 1430 2050 abstinuimus
1444 1989 1567 2060 tamen,
1584 1989 1706 2065 quippe
1718 1987 1891 2065 habesapud

279 2088 507 2167 curysostomi
529 2086 679 2150 Ecclesia
704 2084 858 2161 suspexit
880 2097 1024 2160 semper,
1040 2083 1074 2144 et
1126 2085 1245 2147 Divum
1284 2086 1534 2163 Hieronymum,
1564 2085 1645 2162 qutn
1679 2086 1766 2162 apud
1794 2085 1892 2146 Bedan

278 2183 404 2258 laudat,
427 2184 682 2259 interpretandi
696 2195 815 2257 nempe
826 2181 1000 2242 rationem
1010 2177 1069 2258 (1),
1126 2183 1226 2244 etiam
1250 2181 1397 2253 merlus,
1413 2182 1672 2253 cumulavimus,
1689 2198 1820 2259 qnorum
1833 2183 1893 2258 pri·

278 2282 551 2347 etinboercntcm
567 2279 750 2342 sententiae
767 2277 1072 2340 sacrommllbro·
1126 2295 1180 2341 mo
1209 2279 1389 2357 scripturae
1410 2280 1521 2341 texum
1537 2278 1580 2340 ad
1600 2279 1760 2342 moralem
1782 2295 1894 2340 sermm

277 2395 373 2454 mnu,
394 2380 428 2441 et
451 2380 587 2440 Petrum
608 2376 900 2451 expunctionem.
925 2375 966 2436 nt
991 2389 1070 2451 pro·
1125 2376 1287 2453 perducti,
1303 2377 1409 2439 altero
1430 2376 1617 2450 sententiae,
1630 2391 1670 2438 ac
1687 2376 1774 2437 dicta
1788 2391 1895 2436 memo-

278 2476 365 2540 iecte
378 2478 511 2547 mirum,
530 2472 634 2551 utqui
647 2487 860 2550 praepropero
872 2471 940 2533 rato
952 2470 1070 2532 subla·
1125 2472 1257 2546 rabilia,
1269 2474 1368 2535 tertio
1389 2473 1464 2550 ipsa
1487 2473 1644 2534 materies
1663 2473 1774 2549 operis
1787 2474 1894 2533 insnos

277 2575 332 2637 nn
345 2574 404 2637 vix
417 2572 556 2649 triginta
575 2573 611 2632 et
620 2585 684 2632 sex
694 2585 801 2631 annos
812 2570 911 2632 natus
923 2569 987 2630 buc
1001 2569 1071 2630 vita
1125 2571 1284 2633 articulos
1293 2571 1452 2644 resoluta,
1463 2571 1563 2647 atque
1576 2569 1704 2646 digesta
1716 2570 1893 2642 conmotus,

278 2668 583 2741 cessitmsetadoo
595 2666 817 2730 humanarum
828 2665 1073 2742 aequeacdivi·
1125 2683 1168 2728 ex
1180 2667 1299 2745 quibus
1311 2666 1442 2744 priores
1454 2665 1537 2728 duos
1552 2666 1660 2739 nobis,
1677 2666 1821 2728 ulumum
1833 2666 1895 2726 viro

279 2783 398 2829 narum
417 2781 531 2827 rerum
554 2763 701 2825 omnium
730 2762 917 2826 eruditione
939 2762 1072 2824 conier-
1125 2764 1318 2826 Clarissimo
1337 2764 1548 2825 Ferdinando
1567 2766 1690 2826 veruto
1705 2779 1805 2825 sacrae
1817 2764 1897 2824 thec-

278 2865 344 2936 tus,
373 2864 409 2925 ut
431 2863 467 2923 in
486 2877 529 2924 ec
550 2861 643 2923 visus
664 2860 708 2921 sit
727 2859 866 2920 ditiores
889 2875 928 2920 se
948 2859 1069 2934 nullos,
1124 2861 1223 2938 logice
1249 2861 1378 2925 doctori
1402 2860 1590 2937 collegiato,
1613 2875 1633 2921 a
1655 2861 1761 2922 sacris
1780 2859 1898 2922 mules·

167 3041 177 3050 ·
280 2975 375 3038 aeque
388 2958 511 3022 diritcs
523 2972 647 3035 paucos
660 2955 836 3018 admodum
851 2956 1021 3016 babuisse.
1126 2958 1274 3020 sionibus
1294 2958 1491 3022 monialium
1514 2959 1645 3021 Sanctae
1668 2958 1782 3022 itariae
1800 2962 1896 3032 Auge

319 3057 493 3129 Gaetmum,
510 3055 567 3132 qui
589 3054 793 3127 ratisumus,
806 3053 952 3126 Patrum,
968 3066 1008 3115 ac
1023 3054 1072 3115 in·
1126 3055 1245 3128 lorum,
1276 3055 1490 3134 ejusdemque
1529 3055 1724 3117 monasterii
1757 3055 1896 3132 perpetuo

280 3155 462 3232 terpretnm
485 3152 716 3215 auctoritatem
739 3152 791 3213 sat
804 3165 878 3213 esse
892 3152 1075 3228 possessi·
1125 3152 1327 3215 moderatori
1342 3153 1514 3229 acceptum
1528 3151 1666 3224 reseres,
1680 3153 1737 3229 qni
1751 3151 1895 3214 devotoiu

278 3249 838 3328 ris,utquaeiorentcnnctaaviro
849 3250 971 3311 Sancte
983 3250 1072 3311 inter
1127 3251 1283 3313 Sanctum
1295 3250 1474 3313 Antonium
1491 3248 1603 3311 animo
1616 3250 1792 3326 plurimum
1804 3251 1896 3311 tectu

279 3349 342 3411 hos
356 3362 537 3419 sermones,
558 3346 623 3419 vel,
649 3346 679 3407 sl
698 3347 815 3417 maris,
833 3346 869 3406 in
881 3345 945 3408 boc
958 3362 1072 3423 prom·
1125 3363 1187 3409 nec
1198 3345 1318 3419 labori,
1332 3362 1394 3409 nec
1411 3346 1556 3408 solertiae
1575 3345 1664 3407 adid
1677 3344 1894 3423 perficiendum

279 3446 412 3525 ptuario
424 3459 616 3507 sermonum
625 3444 767 3521 prolata,
781 3442 898 3504 eadem
911 3444 945 3505 et
953 3443 1072 3506 boum·
1125 3445 1282 3522 pepercit.
1299 3444 1411 3506 Libuit
1422 3443 1565 3521 denique
1577 3443 1728 3505 sicconis
1744 3441 1898 3505 Polentoui

278 3545 360 3616 tata,
380 3544 416 3606 et
440 3542 634 3605 confirmata
655 3540 947 3617 intelligerentur:
966 3541 1070 3605 ueluti
1125 3540 1298 3619 scriptoris
1321 3540 1589 3618 prestantissimi
1607 3540 1642 3601 in
1663 3540 1795 3601 scriniis
1808 3552 1898 3614 usque

280 3642 399 3720 syrtes,
412 3640 445 3701 et
459 3639 614 3716 scopulos
640 3637 883 3700 declinavimus
906 3653 1070 3715 quaecun-
1125 3637 1234 3699 adhuc
1254 3637 1413 3699 latentem
1436 3638 1477 3699 de
1494 3638 1610 3698 Sancti
1630 3637 1711 3708 vita,
1725 3637 1757 3698 et
1771 3635 1898 3697 miracu·

280 3753 345 3817 que
363 3737 582 3799 concrearent
597 3734 673 3795 aliis
687 3734 859 3807 invidiam,
875 3734 933 3797 aut
951 3734 1071 3811 quibus
1125 3734 1167 3797 lis
1182 3734 1460 3796 commentarium
1479 3734 1559 3795 huic
1581 3732 1742 3795 volumini
1758 3733 1894 3809 adjicere.

279 3836 321 3897 ad
333 3834 595 3897 controversiam
616 3847 653 3893 se
667 3832 883 3908 provocatum
906 3832 1070 3909 quispiam
1125 3847 1223 3909 wem
1242 3831 1342 3893 etiam
1363 3830 1633 3893 notisilluetrare
1649 3846 1760 3908 operm
1774 3829 1896 3906 pretinm

280 3930 511 3993 arbitraretur.
523 3930 640 4006 Neque
652 3928 786 3989 enimin
800 3928 991 4005 hujusmodi
1010 3944 1071 3990 noe
1125 3927 1291 3990 duximus.
1317 3929 1494 4006 Reliquum
1517 3943 1596 3990 vero
1613 3927 1823 4006 quodcunque
1839 3924 1894 3995 sitq

280 4027 428 4088 laborem
447 4023 654 4085 subeundum
678 4024 737 4084 aut
759 4038 855 4085 amor
872 4023 992 4095 laudis,
1012 4027 1071 4086 aut
1124 4024 1265 4102 hujusce
1276 4025 1363 4087 sacri
1375 4024 1487 4102 operis
1496 4025 1600 4087 editio
1615 4024 1776 4101 singulari
1787 4026 1819 4084 P.
1830 4023 1896 4082 iler-

281 4120 579 4193 senentionisned
590 4120 871 4193 amicorumvota,
881 4136 964 4198 quos
974 4120 1070 4183 multi
1124 4122 1209 4184 culis
1221 4122 1356 4194 Isolani,
1371 4137 1469 4200 quem
1480 4122 1770 4199 praelaudasimus,
1785 4116 1894 4198 pietati,

279 4220 430 4292 tammus,
443 4219 479 4280 et
500 4216 648 4280 studiosa
670 4215 842 4293 potissime
860 4217 897 4278 iu
911 4216 1070 4279 beatissi-
1124 4234 1164 4280 ac
1179 4219 1288 4281 studio
1302 4218 1451 4281 debetur.
1467 4221 1499 4280 Is
1513 4218 1603 4280 enim
1617 4220 1651 4281 et
1662 4218 1830 4281 considunt
1840 4228 1895 4276 ex·

279 4333 370 4381 mum
379 4315 559 4378 Antonium
569 4314 840 4393 volunma,cnjus
849 4314 1070 4390 patrocinium
1124 4316 1205 4379 civit
1214 4316 1352 4394 pmmus,
1368 4318 1402 4379 et
1420 4315 1585 4378 instanter
1597 4314 1812 4392 promeritos
1825 4325 1896 4389 pro-

279 4415 470 4494 quaerimus,
485 4412 698 4490 impulerunt
1124 4413 1198 4491 prio
1217 4413 1349 4476 demum
1364 4427 1430 4474 mre
1451 4411 1591 4489 perfecit
1613 4412 1656 4474 sd
1679 4404 1896 4489 majoremllei

319 4515 400 4573 Cum
426 4511 536 4571 summ
560 4509 617 4587 qui
638 4508 711 4570 erat
730 4507 858 4584 pridem
878 4507 958 4571 huic
970 4523 1069 4570 same
1124 4510 1277 4586 noriam,
1292 4509 1427 4573 Antomi
1441 4508 1585 4577 laudem,
1604 4523 1645 4570 ac
1659 4509 1896 4570 unimammas·

280 4607 442 4672 volumini
453 4606 1071 4680 tituluszaeposttaoeersalmoenon
1123 4607 1237 4669 lutem.
1253 4609 1351 4679 Carra,
1360 4607 1397 4669 ut
1410 4606 1535 4677 valeas,
1550 4605 1668 4668 lector.

281 4705 311 4767 is
322 4703 502 4772 videretur,
516 4703 573 4780 qui
581 4701 687 4778 operi,
700 4702 736 4764 ut
749 4716 811 4779 par
820 4704 882 4775 est,
891 4702 1070 4780 responde·

698 4968 954 5040 SEQUUNTUR
985 4969 1295 5037 PERMISSIONES
1327 4970 1492 5037 uenum.

316 5152 409 5212 edric
422 5151 634 5225 dazoguidiaua
645 5151 687 5208 sic
697 5149 841 5208 titulatur:
1161 5152 1280 5212 Accedit
1302 5153 1430 5213 sicconis
1452 5151 1611 5210 Polentcnii
1636 5150 1672 5208 de
1693 5140 1892 5208 maclianum

281 5242 377 5300 Sancti
396 5239 511 5298 Antonii
532 5237 763 5312 lllyssiponsnsis
776 5238 920 5296 wmooes
935 5238 967 5295 ia
987 5238 1070 5297 Pscl·
1161 5241 1292 5298 Patavim
1307 5242 1372 5303 Vita
1392 5248 1422 5297 et
1438 5240 1583 5296 miraculis
1599 5237 1823 5301 commentarius,
1839 5241 1892 5288 cum

314 5344 374 5386 moa
388 5343 423 5386 ex
438 5325 619 5401 autographo
632 5339 710 5383 nuuc
730 5328 863 5399 primum,
877 5339 944 5383 cnm
964 5324 1070 5385 Prasia·
1161 5327 1456 5387 animadversionibus
1469 5328 1535 5384 Ant.
1554 5326 1652 5387 Meris
1671 5320 1888 5397 Azaogla‘diissst

315 5419 404 5486 tione,
428 5414 662 5474 annotationibus
686 5422 718 5471 st
739 5412 858 5486 indute,
879 5413 976 5489 tonsi]
1005 5414 1072 5475 edit.
1161 5415 1531 5489 conletatltavolind,
1546 5428 1612 5472 cun
1626 5411 1798 5483 lac-nmis).

314 5576 359 5649 ti)
374 5576 454 5632 Broc.
472 5577 549 5632 Rom.
565 5575 594 5631 in
607 5573 680 5633 leste
693 5574 721 5632 S.
738 5575 819 5632 loen.
835 5573 979 5646 chryson.
