3950 6200
106 314 156 376 20,
738 293 945 357 anrsrotn.
968 292 1043 355 nie.
1067 294 1120 357 11.
1719 309 1778 369 eto

105 458 215 540 propter
227 450 287 515 boc
301 446 338 513 ab
357 452 494 528 utraque
512 447 600 526 parte
620 442 659 507 ad
673 444 812 505 nostram
826 454 909 519 prae-
931 439 935 480 t
956 442 989 502 et
1010 437 1158 505 Ecclesiae
1174 443 1295 508 Sanctae
1316 460 1400 523 suae,
1422 447 1523 513 actui
1543 450 1618 515 dent
1630 450 1706 535 tibi,
1719 469 1778 533 pro

103 553 218 621 mutiam
241 548 434 629 destinatos,
458 562 530 611 cum
554 543 637 608 inter
660 545 775 606 caetera
798 537 908 601 luisset
956 538 1098 605 subsidio
1125 543 1230 609 Terrae
1257 546 1379 613 sancta
1402 547 1436 613 in
1462 550 1610 630 expensis
1636 551 1778 634 ejusdem

104 671 135 719 en
155 655 237 733 parte
265 664 323 712 sua
345 644 562 727 propositum,
589 641 692 724 quod,
715 634 908 717 impediente
955 635 1114 702 societatis
1134 654 1192 719 per
1209 640 1376 708 biennium
1396 644 1515 712 milites
1535 647 1778 734 quadragintos,

101 750 233 818 smiatata
255 744 427 828 praedicta,
448 741 637 825 nequiveras
655 737 745 820 juxta
765 731 905 817 proposi·
956 750 993 799 ac
1007 733 1206 820 civitatibus,
1222 739 1318 823 locis,
1335 748 1366 807 et
1381 744 1524 824 personis
1545 751 1606 811 tuae
1621 747 1777 828 imperiali

101 855 259 914 tumtunm
281 843 455 926 procedere
473 847 580 907 contra
598 838 784 919 pravitatem
803 833 907 898 baere-
955 833 1150 900 excellentiae
1179 837 1412 907 adhaerentibus
1440 849 1503 908 tam
1535 846 1774 928 ecclesiasticis,

102 947 194 1028 tum,
215 961 286 1026 quae
308 946 416 1023 partes
437 938 508 1003 illas
528 936 644 1001 dicitur
667 931 806 1014 graviter
827 928 906 994 inie-
955 949 1051 1014 quarn
1064 936 1232 1001 mundanis
1245 938 1493 1024 laciantpacem,
1508 944 1778 1012 etinviolabiliter

100 1046 182 1126 cisse,
209 1060 245 1108 ac
269 1044 414 1108 relevare
439 1040 617 1104 libertatem
641 1030 902 1110 ecclesiasticam,
955 1040 1099 1115 servent,
1134 1035 1330 1104 remittentes
1359 1040 1406 1105 eis
1438 1058 1564 1107 omnem
1595 1061 1777 1128 rancorem,

98 1162 158 1229 que
169 1144 286 1209 ibidem
300 1139 521 1222 multipliciter
532 1135 731 1202 asserebatur
745 1147 905 1213 oppressa,
953 1128 1225 1213 malevolentiam,
1241 1133 1391 1217 iniurias,
1411 1142 1443 1201 et
1462 1138 1614 1216 offensas,
1634 1157 1671 1206 ac
1684 1157 1777 1206 revo-

98 1260 146 1308 nec
156 1256 324 1324 procurare
338 1238 518 1305 subsidium
536 1238 641 1301 Terrae
652 1236 792 1312 Sanctae,
812 1245 903 1310 prop·
954 1232 1027 1292 cent
1045 1229 1150 1293 omnia
1165 1229 1286 1314 banna,
1308 1233 1566 1319 constitutiones,
1585 1240 1778 1322 sententias,

98 1349 137 1407 ter
159 1340 238 1424 quod
264 1336 450 1421 specialiter
472 1335 512 1400 ad
533 1338 637 1415 partes
660 1331 744 1412 ipsas
772 1328 906 1393 duxeras
954 1328 986 1390 et
1011 1325 1245 1412 ordinamenta,
1269 1347 1340 1411 quae
1362 1331 1520 1416 iecerunt,
1546 1336 1597 1401 vel
1615 1335 1779 1418 imposue-

98 1438 307 1519 atmdendum,
327 1435 478 1519 quodque
496 1430 612 1513 captivi
629 1428 689 1494 tibi
709 1432 817 1492 contre
835 1422 904 1505 jus,
954 1428 1029 1488 runt
1050 1423 1251 1510 civitatibus,
1275 1427 1373 1512 locis,
1401 1437 1433 1495 et
1456 1431 1599 1512 personis
1622 1433 1778 1515 imperiali

98 1535 277 1602 ethonorem
292 1532 425 1615 imperii
443 1532 568 1597 fueraut
581 1525 730 1608 denegati
745 1547 752 1589 :
769 1527 834 1591 Nos
847 1522 903 1603 iis,
953 1526 1015 1585 tua
1038 1522 1219 1589 celsitudini
1242 1525 1491 1612 adhaerentibus,
1515 1535 1548 1597 et
1568 1548 1778 1616 quacumque

98 1640 123 1699 et
144 1634 223 1716 aliis,
252 1650 334 1716 quae
362 1632 492 1695 luerunt
521 1629 597 1694 hinc
625 1626 700 1691 inde
726 1620 903 1705 proposita,
953 1636 993 1687 en
1015 1622 1062 1689 eis
1082 1632 1191 1691 secuta
1210 1634 1302 1710 sunt,
1326 1628 1379 1695 vel
1399 1629 1441 1696 ob
1463 1645 1510 1696 ea.
1543 1632 1701 1716 captivos,
1722 1633 1779 1715 qui

99 1731 203 1813 plenius
214 1730 411 1812 intellectis,
427 1731 467 1794 de
482 1724 679 1810 providentia
696 1723 743 1789 sic
756 1720 905 1788 duximus
953 1721 1116 1789 occasione
1128 1723 1224 1806 hujus
1236 1726 1399 1792 discordie
1414 1729 1498 1810 capti
1512 1736 1586 1794 sunt
1598 1748 1671 1798 cum
1684 1731 1778 1798 bonis

98 1832 296 1913 statuendum,
330 1836 366 1895 ut
391 1836 444 1911 tu,
469 1826 617 1893 videlicet
645 1841 702 1907 pro
728 1818 906 1888 reverentia
952 1835 1081 1903 eorum,
1097 1829 1128 1887 et
1146 1822 1207 1888 alia
1224 1841 1294 1906 qus
1312 1826 1475 1892 occasione
1495 1826 1596 1909 ipsius
1614 1828 1779 1894 discordiae

97 1929 237 2012 1111111111,
254 1935 287 1995 et
302 1927 435 2009 negotio
453 1929 559 1991 Terrae
573 1927 710 2006 sancta,
729 1926 785 1987 tuo
801 1926 834 1985 et
846 1916 903 1982 lilii
952 1926 1042 1999 capta
1070 1927 1162 2003 sunt,
1186 1920 1238 1987 vel
1259 1924 1385 1989 detenta
1407 1925 1589 2007 restituant,
1619 1926 1663 1991 ita
1692 1928 1778 2008 quod

29 2019 31 2036 *
95 2030 146 2110 tui,
164 2039 193 2094 et
211 2028 345 2109 imperii
364 2026 492 2092 nomine
508 2024 563 2107 iis,
583 2023 727 2106 quisunt
745 2021 785 2085 de
803 2016 903 2084 socie-
951 2018 1145 2086 adhaerentes
1164 2020 1224 2087 tibi
1235 2020 1381 2089 similiter
1399 2021 1446 2088 eis
1463 2023 1597 2107 saciant,
1614 2029 1646 2090 et
1668 2025 1777 2091 obser·

96 2124 212 2205 tatejam
230 2125 321 2190 dicta
339 2120 562 2188 universaliter
579 2118 733 2199 singulis,
747 2122 780 2180 et
794 2114 901 2194 singu·
950 2122 1036 2181 vent.
1053 2116 1115 2182 lilii
1133 2123 1240 2184 autem
1259 2118 1376 2201 captivi
1397 2122 1574 2187 secundum
1584 2121 1638 2202 jus
1651 2120 1779 2204 imperii

95 2223 181 2286 brier
204 2220 369 2287 universis
397 2218 539 2284 remittas
564 2231 690 2281 omnem
721 2227 902 2292 rancorem,
951 2214 1171 2297 restituantur,
1187 2234 1260 2281 cum
1274 2224 1308 2282 tu
1321 2217 1463 2299 legatum
1479 2225 1568 2285 tuum
1583 2221 1616 2284 in
1629 2220 1778 2286 bombar-

94 2318 346 2400 nalevolentiam,
377 2315 528 2396 injurias,
556 2319 588 2378 et
616 2311 766 2392 offensas,
799 2305 904 2373 omnia
951 2309 1035 2375 diam
1069 2328 1125 2390 pro
1160 2329 1237 2392 pace
1271 2315 1467 2380 reformanda
1498 2317 1581 2381 inter
1615 2316 1775 2382 discordes

95 2416 220 2497 proque
238 2415 368 2495 banna,
384 2411 643 2492 constitutiones,
665 2405 854 2486 sententias,
872 2409 904 2468 et
952 2406 1081 2472 duxeris
1103 2407 1333 2474 destinandum.
1351 2409 1594 2476 constitutiones
1616 2427 1710 2494 vero,
1726 2411 1775 2476 le·

29 2541 30 2568 2
95 2511 308 2593 ordinamenta,
338 2526 410 2591 quae
434 2505 553 2587 iecisti,
578 2504 629 2570 vel
651 2499 829 2583 imposuisti
846 2514 904 2580 per
952 2518 1026 2585 ges,
1042 2509 1074 2568 et
1087 2509 1204 2570 statuta
1217 2505 1401 2572 abecclesia
1415 2510 1566 2590 Romana,
1581 2514 1613 2574 et
1627 2507 1776 2573 Romanis

95 2612 132 2686 te,
145 2607 189 2671 vel
203 2623 259 2688 per
275 2605 398 2686 alium,
417 2604 538 2668 aliusve
551 2618 609 2682 pro
623 2605 655 2665 te
675 2595 834 2677 societati,
853 2594 903 2660 vel
952 2600 1212 2685 imperatoribus,
1227 2609 1260 2670 et
1278 2604 1458 2684 specialiter
1474 2623 1492 2670 a
1506 2611 1538 2671 te
1552 2612 1660 2671 contra
1674 2607 1773 2673 bare-

96 2700 224 2769 alicuide
237 2703 397 2769 societate
410 2700 579 2781 praedicta,
593 2694 791 2776 civitatibus,
805 2692 902 2774 locis,
953 2697 1049 2780 ticos,
1070 2705 1294 2782 receptatores,
1316 2701 1516 2784 defensores,
1538 2704 1721 2786 credentes,
1744 2709 1777 2769 et

95 2800 270 2881 etpcrsonis
290 2801 337 2866 de
359 2799 429 2879 ipsa
453 2797 624 2877 societate,
643 2801 676 2861 et
694 2807 904 2876 quaecumque
953 2793 1091 2859 lautores
1105 2811 1214 2861 eorum
1235 2795 1388 2863 hactenus
1410 2799 1624 2880 promulgata,
1646 2800 1698 2865 vel
1717 2800 1775 2864 im·

97 2910 127 2960 cx
142 2896 197 2978 eis,
213 2897 264 2962 vel
279 2896 328 2962 ob
346 2912 385 2961 ea
403 2900 512 2960 secuta
525 2901 599 2958 sunt
617 2890 744 2972 penitus
758 2902 900 2968 revocet,
954 2896 1116 2972 posterum
1130 2893 1357 2973 promulganda
1370 2894 1541 2978 recipiant,
1557 2902 1590 2962 et
1608 2897 1777 2963 observent

29 2999 31 3056 t
97 2997 121 3055 et
130 2992 303 3073 specialiter
328 2990 585 3058 constitutionem
602 2988 714 3053 tactam
729 2987 769 3053 de
782 2983 902 3064 studio,
954 2987 1191 3072 inviolabiliter,
1217 2998 1249 3057 et
1267 2991 1434 3058 efficaciter
1454 3000 1678 3077 exsequantur,
1699 3011 1775 3060 con-

29 3118 32 3147 ι
95 3096 120 3155 et
130 3092 329 3159 studentibus
343 3090 508 3172 Bononia,
523 3086 689 3154 universos
703 3092 734 3152 et
748 3082 903 3165 singulos,
953 3084 1184 3166 stitutionibus,
1195 3086 1442 3170 municipalibus
1454 3088 1548 3155 editis
1562 3095 1670 3156 contra
1683 3089 1774 3167 tales,

94 3191 136 3269 qui
151 3191 314 3256 occasione
336 3185 470 3268 alicuius
485 3185 708 3268 praedictorum
728 3181 796 3248 laesi
817 3180 889 3245 vide
954 3183 1160 3250 nibilominus
1174 3186 1208 3249 in
1226 3186 1294 3250 suis
1314 3185 1391 3254 locis
1410 3189 1541 3252 tirmiter
1558 3186 1773 3253 observandis.

30 3312 32 3397 1
92 3291 196 3362 rentur,
210 3286 388 3352 restituens
406 3284 440 3347 in
462 3283 621 3361 integrum
642 3279 675 3343 in
693 3277 858 3358 omnibuS,
873 3282 905 3341 et
953 3284 1127 3346 Potestates
1145 3287 1267 3365 autem,
1290 3282 1457 3365 consules,
1480 3290 1512 3349 et
1535 3290 1681 3372 rectores·
1696 3282 1776 3348 civi·

93 3384 249 3459 peromnia
262 3399 329 3449 suo
343 3381 456 3461 statui,
472 3386 568 3462 atque
587 3379 697 3458 lamae,
715 3374 904 3442 remittendo
953 3382 1072 3455 tatum,
1094 3376 1293 3460 aliorumque
1314 3379 1474 3462 locomm,
1496 3395 1698 3462 quocumque
1718 3396 1777 3445 no·

94 3474 231 3543 inamiam
245 3494 390 3559 omnem,
406 3483 438 3542 ct
456 3490 599 3557 poeuam,
615 3491 688 3556 quae
702 3476 904 3538 saecutasunt
952 3473 1039 3539 mine
1066 3482 1266 3557 censeantur,
1290 3473 1416 3557 iurent,
1450 3476 1535 3558 quod
1561 3474 1617 3541 illa
1640 3475 1776 3541 fideliter

93 3589 124 3636 er
134 3574 232 3657 abque
246 3573 491 3656 praedictorum,
505 3572 550 3637 ita
563 3571 648 3654 quod
662 3585 700 3636 ea
714 3587 786 3652 quae
800 3567 904 3634 medio
953 3571 1183 3652 observabunt,
1198 3569 1294 3653 idque
1307 3587 1381 3636 suos
1392 3569 1500 3651 jnrare
1520 3570 1634 3635 iaciant
1653 3587 1775 3636 succes-

94 3672 213 3751 tenpore
236 3688 296 3753 per
325 3686 380 3736 eos
407 3677 476 3735 acta
503 3674 591 3748 sunt,
619 3684 683 3732 non
706 3664 904 3731 obstantibus
952 3683 1059 3750 sores,
1074 3672 1227 3747 ponentes
1240 3683 1294 3732 eas
1313 3666 1346 3730 in
1360 3668 1486 3732 statutis
1504 3666 1685 3749 civitatum,
1702 3665 1775 3732 alio

93 3768 280 3850 supradictis,
309 3766 409 3831 robur
431 3765 611 3845 obtineant,
638 3762 723 3845 quod
747 3761 824 3825 elias
848 3760 904 3825 de·
953 3778 1088 3846 rumque
1109 3761 1267 3845 locorum,
1284 3762 1339 3828 illa
1355 3762 1429 3829 inde
1443 3779 1642 3845 nequaquam
1657 3764 1773 3843 impos·

95 3859 212 3929 bueraut
238 3862 388 3929 obtinere
415 3863 455 3927 ad
477 3861 545 3926 bac
572 3859 734 3940 civitates,
763 3857 848 3938 loca,
872 3862 904 3921 et
952 3866 1057 3925 terum
1079 3859 1224 3925 deleturi.
1252 3862 1372 3924 Statuta
1394 3859 1500 3924 omnia
1522 3859 1718 3941 communia,
1742 3865 1775 3925 et

95 3974 224 4036 personas
238 3962 279 4027 de
294 3961 367 4041 ipsa
386 3958 537 4025 societate
558 3957 691 4037 recipias
705 3956 739 4020 in
753 3963 817 4022 tuae
831 3970 904 4035 gra·
952 3957 1153 4040 particularia
1169 3959 1250 4024 iacta
1265 3964 1374 4024 contra
1391 3958 1542 4024 ecclesias
1562 3962 1594 4023 et
1613 3956 1775 4024 ecclesias

95 4053 137 4120 tta
153 4055 406 4137 plenitudinem,
424 4062 456 4120 et
475 4054 522 4120 eis
542 4052 636 4119 iacias
652 4053 903 4137 firmampacem
951 4056 1047 4121 ticam
1082 4056 1260 4122 libertatem
1294 4056 1421 4137 ponitus
1455 4062 1604 4121 revocent
1636 4057 1676 4121 de
1708 4055 1775 4120 suis

96 4151 254 4229 petitor
291 4149 483 4216 marouiouis
513 4148 753 4230 lindisiensi,
786 4146 901 4212 nenio·
952 4152 1248 4237 constitutionibus,
1261 4154 1403 4237 deleant,
1419 4157 1452 4219 et
1471 4170 1509 4219 ea
1527 4152 1579 4218 vel
1595 4153 1642 4219 eis
1660 4151 1776 4218 similia

98 4241 166 4329 lano,
186 4247 379 4329 Placentiae,
399 4244 571 4328 Vercellis,
592 4244 758 4325 Bononiae,
782 4246 902 4309 Faven—
952 4253 992 4317 de
1006 4257 1123 4318 coetero
1143 4268 1207 4318 non
1226 4254 1397 4317 resumant,
1414 4250 1634 4315 Lateranensis
1647 4265 1776 4332 quoquo

98 4339 393 4421 detumueris,
418 4341 574 4424 nantino,
594 4341 711 4424 naum,
734 4343 902 4421 bergamo,
951 4352 1068 4413 statuta
1090 4347 1238 4429 musivi,
1265 4352 1297 4412 et
1320 4344 1561 4412 mussitationes
1581 4361 1599 4410 a
1618 4345 1726 4428 nonis,
1742 4351 1776 4412 et

100 4436 210 4524 bexia,
228 4443 388 4521 llantuae,
407 4442 561 4521 Verona,
581 4440 716 4520 Paduae,
733 4437 902 4519 vicentiae,
952 4444 1041 4525 leges
1056 4463 1075 4509 a
1092 4451 1125 4510 te
1143 4461 1239 4526 super
1251 4444 1291 4508 iis
1305 4443 1405 4509 editas
1418 4442 1602 4524 observent,
1622 4448 1654 4507 et
1666 4441 1777 4524 jurent

99 4538 283 4622 etlervisio,
298 4542 434 4620 mamae,
448 4537 616 4619 Ferraria,
631 4541 664 4603 et
678 4535 848 4602 comitibus
864 4535 905 4599 de
952 4540 1158 4621 imposterum
1174 4540 1360 4622 observare,
1382 4555 1520 4622 suosque
1536 4539 1644 4620 jurare
1661 4537 1776 4606 iaciant

102 4627 262 4717 lllmdrato,
284 4633 419 4717 aliisque
438 4632 533 4716 locis,
555 4640 588 4700 et
608 4631 751 4715 personis
769 4631 903 4715 quibus·
952 4651 1161 4702 successores.
1178 4638 1274 4700 Porro
1292 4634 1456 4716 predictos
1476 4633 1700 4718 quadragintos
1714 4634 1777 4699 nri-

101 4724 164 4795 libet
187 4732 346 4800 societatis
365 4731 525 4814 ejusdem,
548 4730 642 4796 iacias
665 4731 761 4797 etiarn
781 4728 905 4797 restitui
953 4732 1025 4799 lites
1036 4731 1071 4796 in
1082 4732 1205 4811 eundo,
1220 4732 1388 4814 morando,
1404 4731 1565 4797 redeundo
1579 4732 1640 4797 sub
1655 4734 1774 4812 nostra,

101 4827 237 4912 epiros,
260 4828 319 4913 qui
339 4835 415 4895 sunt
435 4828 519 4910 capti
539 4826 704 4894 occasione
726 4826 821 4910 hujus
840 4826 905 4892 dis-
954 4835 986 4893 et
1004 4826 1134 4909 speciali
1148 4827 1331 4909 apostoticae
1353 4826 1441 4893 sedis
1463 4827 1659 4908 protectione
1673 4826 1776 4892 susci-

101 4924 195 4991 11ῐῶ1
214 4942 288 4991 cum
310 4925 402 4991 bonis
422 4941 549 5006 eornm,
567 4941 604 4991 ac
622 4924 699 5008 alia,
721 4942 793 5007 quae
813 4940 902 4990 occa·
954 4924 1059 5005 pimus
1077 4941 1150 4990 cuni
1172 4924 1319 4991 omnibus
1337 4924 1430 4989 bonis
1449 4923 1534 5007 suis,
1552 4923 1713 5005 iidemque
1727 4928 1776 4987 te-

103 5012 176 5084 sione
192 5019 294 5101 ipsius
312 5021 474 5088 discordis
496 5028 586 5102 capta
602 5028 676 5087 sunt
692 5020 744 5086 vel
764 5021 901 5086 detenta.
954 5026 1088 5087 noantur
1102 5019 1149 5086 ire
1162 5020 1197 5085 in
1209 5020 1258 5084 tui
1270 5020 1432 5103 passagio,
1446 5021 1531 5104 quod
1545 5036 1564 5085 a
1578 5024 1609 5085 te
1622 5024 1775 5084 statutum

104 5110 217 5194 Insuper
230 5132 359 5199 quoque
375 5116 471 5183 lanias
487 5115 555 5183 fieri
573 5121 717 5199 patentes
729 5115 851 5181 litteras
865 5132 905 5182 ex
953 5124 1020 5201 est,
1047 5125 1080 5185 et
1104 5134 1123 5183 a
1146 5121 1287 5183 Romana
1317 5117 1451 5184 ecclesia
1479 5116 1697 5198 approbatum.
1728 5117 1777 5179 Tu

103 5214 175 5284 mite
187 5211 240 5276 tilii
260 5211 326 5295 tui,
341 5213 397 5296 qui
418 5229 529 5295 pacem
548 5219 581 5278 et
600 5211 799 5278 concordiam
813 5211 905 5277 istam
953 5230 1042 5298 ergo,
1057 5213 1102 5279 fili
1117 5213 1290 5296 carissime,
1305 5214 1487 5295 supradicta
1499 5212 1604 5278 omnia
1617 5228 1674 5292 pro
1687 5216 1777 5292 parte

103 5308 185 5371 uem
202 5307 351 5391 habebit,
372 5317 405 5377 et
425 5312 563 5394 irmarn,
583 5315 616 5377 et
631 5310 770 5377 remittet
784 5309 849 5375 illis
865 5311 905 5376 de
953 5316 1009 5377 tua
1020 5326 1128 5377 serves
1142 5309 1229 5392 sicut
1246 5310 1443 5392 imperialem
1462 5309 1553 5375 decet
1568 5307 1776 5374 constantiam

104 5399 234 5471 metate
261 5422 387 5473 omnem
416 5422 599 5490 mucorem,
632 5404 903 5483 malevolentiam,
955 5407 1157 5488 inconcussa,
1172 5423 1209 5471 ac
1222 5422 1318 5487 super
1331 5405 1391 5470 boc
1408 5402 1775 5486 nobisJuxtatenorem,

106 5492 236 5583 Muto,
250 5509 285 5568 et
304 5503 446 5569 offensas.
467 5503 508 5568 Hi
528 5519 604 5570 vero
623 5504 679 5586 qui
699 5510 774 5569 sunt
790 5505 830 5569 de
853 5521 901 5570 so·
955 5520 1052 5586 quem
1071 5503 1131 5570 tibi
1153 5502 1408 5584 transmittimus,
1431 5507 1502 5567 tuas
1522 5506 1665 5583 patentes
1684 5516 1776 5567 cures

108 5592 276 5679 &ateium
290 5599 373 5667 dicta
384 5600 585 5668 adbonorem
597 5601 655 5669 Dei
667 5601 906 5686 omnipotentis,
956 5617 1058 5685 usque
1075 5601 1115 5667 ad
1129 5599 1303 5683 proximam
1322 5598 1516 5666 Dominicam
1534 5600 1681 5666 instantis
1694 5602 1776 5675 Qua-

1550 5745 1584 5783 Ἠ
