3950 6200
111 343 158 407 537
630 322 954 391 PaenueothA.
970 355 1011 370 -
1027 323 1135 388 VITA.
1565 421 1569 430 l
1645 320 1708 390 538

111 502 199 564 chrum
209 495 263 556 boc
284 491 408 566 evecta,
423 492 506 554 adeo
520 489 659 568 repente
673 486 854 559 convaluit,
911 485 1124 563 sepulchrum
1139 485 1279 563 utroque
1291 485 1455 549 liberatur
1464 485 1562 549 malo.
1576 486 1708 566 Loque-

110 600 136 658 ut
150 596 247 657 durum
268 606 333 669 pras
361 589 449 651 fame
474 587 691 665 conquerenti
710 585 857 647 oblatum
903 583 977 644 lam
997 583 1076 645 item
1091 585 1218 661 recepit
1234 583 1368 658 ibidem,
1378 586 1412 646 et
1426 585 1575 661 syntaxis
1592 600 1707 647 reme-
1796 594 1799 604 ’

109 690 248 754 frustulum
261 687 351 764 panis
366 687 498 758 roserit,
515 686 548 746 et
561 683 658 745 avide
674 681 858 743 manduca·
913 681 1015 741 dium.
1031 681 1223 743 Michelotta
1243 683 1418 754 Patavina,
1435 683 1533 743 annis
1553 683 1708 745 undecim

108 791 147 851 rit.
167 788 230 849 Alio
247 786 386 848 triennio
401 783 581 846 contractis
603 780 736 843 dolebat
758 779 857 855 geni·
912 779 1015 840 muta.
1031 780 1094 839 Diu
1108 779 1208 839 etiam
1221 779 1384 855 perditam
1404 780 1570 856 loquelam
1584 779 1707 842 ibidem

108 888 151 948 bus
161 887 190 945 in
203 883 311 960 oppido
323 883 448 959 Capitis
462 881 565 942 Gauri
581 875 693 957 puella
710 876 860 939 Samari·
913 877 1041 952 recepit
1052 877 1106 936 vir
1115 876 1247 952 quidem
1261 876 1513 952 Forojuliensis
1526 878 1708 940 Comitatus

107 981 399 1054 1111111111,11111
437 979 478 1039 ad
509 977 622 1039 111111
646 974 859 1051 sepulchrum
914 973 1141 1034 Ferrarieusis
1163 973 1300 1041 mulier,
1329 973 1437 1033 Maria
1469 974 1603 1035 nomine
1639 975 1711 1036 toto

108 1079 259 1142 ultrahorae
272 1076 443 1136 dimidium
458 1076 599 1151 integrae
615 1073 752 1134 sanitati
764 1071 860 1132 resti·
914 1086 1054 1148 corpore
1075 1071 1236 1132 dissoluta
1258 1072 1291 1131 et
1316 1071 1514 1147 vertiginem
1530 1072 1713 1149 quadrien·

106 1176 219 1248 1111111,
241 1190 333 1251 quam
354 1174 477 1249 gaudio
500 1171 644 1249 peditem
666 1169 860 1231 redeuntem
914 1169 971 1229 nio
985 1183 1085 1244 passa
1096 1168 1275 1229 incolumis
1295 1168 1428 1229 domum
1444 1167 1545 1230 rediit
1564 1169 1712 1246 111111-

107 1289 160 1335 cum
173 1270 351 1348 parentibus
365 1269 570 1346 exceperunt
585 1267 673 1329 obvii
686 1267 778 1327 illius
794 1263 860 1325 1111
915 1266 1007 1327 chro.
1023 1267 1196 1327 Ermerina
1219 1267 1259 1328 de
1283 1266 1459 1327 Vincentia
1483 1265 1627 1342 quinque
1649 1282 1713 1326 an·

105 1370 195 1431 incolae
215 1383 283 1429 cum
304 1366 424 1444 Jubilo,
443 1367 476 1427 et
490 1378 727 1441 campanarum
749 1361 859 1438 pulsu,
916 1379 1035 1423 norum
1046 1364 1152 1440 spatio
1163 1363 1389 1425 tremebundis
1404 1362 1576 1438 gressibus
1586 1365 1712 1424 terram

105 1469 183 1527 111111
203 1464 420 1540 glorificantes
440 1463 475 1523 in
491 1477 551 1523 suo
567 1477 676 1530 servo,
692 1475 789 1537 quem
809 1457 863 1520 vi·
916 1459 991 1538 plus
1005 1461 1184 1536 attingens
1201 1476 1300 1537 quam
1319 1460 1470 1529 calcans,
1490 1475 1637 1521 necnon
1661 1459 1714 1520 al-

103 1561 334 1624 1111111111111
354 1559 584 1622 transeuntem
600 1556 783 1619 honorifice
795 1569 862 1616 non
916 1559 1001 1632 tera,
1015 1558 1100 1619 Billa
1114 1559 1260 1631 nomine,
1274 1557 1389 1619 eodem
1401 1556 1603 1618 malotribus
1614 1557 1713 1617 annis

104 1658 398 1735 semalexcepernut.
918 1654 1039 1717 affecta
1051 1656 1091 1716 ad
1117 1655 1225 1717 sancti
1240 1656 1386 1717 loculum
1405 1653 1542 1715 basibus
1562 1653 1713 1715 consoli-

130 1755 304 1817 Fredericus
319 1770 338 1815 e
354 1754 519 1816 comitatu
534 1752 721 1815 concordiae
736 1767 755 1812 1
772 1767 865 1811 sum·
919 1752 1004 1816 datae
1015 1752 1309 1831 suut.Virquidam
1318 1752 1358 1813 de
1365 1751 1489 1813 Porcili
1500 1751 1622 1828 oppido
1638 1754 1717 1813 Sco·

103 1869 142 1913 11
152 1853 289 1914 decidens
302 1852 429 1928 templo
449 1850 630 1913 confractis
645 1848 803 1910 membris
823 1846 864 1908 ad
918 1850 1009 1911 nitus
1031 1851 1177 1923 nomine,
1200 1850 1326 1912 nodosa
1347 1848 1502 1926 podagrae
1525 1849 1712 1921 inflatione,

104 1950 222 2010 eundem
240 1949 404 2011 tumulum
430 1948 611 2011 convaluit.
629 1948 775 2008 Caesarie
793 1947 863 2007 111-
920 1948 1059 2025 pedibus
1076 1948 1177 2010 etiam
1189 1946 1266 2010 tabo
1285 1946 1438 2023 putridis,
1454 1946 1598 2022 expiatis
1616 1961 1713 2008 sacra

104 2049 160 2107 1111
172 2045 287 2107 duobus
307 2046 407 2108 annis
422 2060 524 2106 manu
545 2061 612 2105 una
631 2046 813 2117 contracta,
834 2043 867 2104 et
920 2045 1130 2107 confessione
1161 2045 1318 2122 pecualia,
1344 2059 1457 2105 1111111
1478 2044 1587 2105 loculo
1613 2058 1715 2105 orans

105 2143 186 2205 allero
207 2143 322 2221 pedum
350 2142 490 2205 distorto
513 2142 647 2209 dolens,
670 2155 866 2217 magnorum
922 2143 1061 2205 firmatis
1076 2141 1247 2218 gressibus
1259 2142 1360 2202 rediit
1371 2141 1468 2202 laetus
1483 2141 1523 2201 ad
1537 2142 1684 2218 propria.

102 2241 303 2302 miraculorum
325 2240 514 2318 frequentia
529 2240 675 2300 excitata
690 2239 866 2300 Patavium
961 2241 1080 2301 Frater
1112 2239 1339 2301 Theodoricus
1379 2239 1537 2300 Minorita
1575 2238 1715 2299 biennio

102 2337 234 2410 abiitubi
248 2339 287 2400 ad
303 2338 459 2399 eumdem
477 2337 715 2399 beneficiorum
730 2336 868 2397 thesau-
921 2337 1051 2399 sinistri
1075 2337 1163 2398 oculi
1190 2336 1339 2412 privatus
1367 2335 1504 2410 lumine,
1528 2334 1569 2395 ab
1583 2336 1715 2412 Apuliae

103 2449 166 2506 mm,
179 2436 255 2497 mire
266 2434 491 2497 desideratam
507 2434 697 2511 assequitur
712 2433 864 2494 salutem.
922 2434 1044 2495 linibus
1081 2433 1252 2495 Patavium
1292 2432 1375 2494 abiit
1408 2432 1516 2493 sancti
1553 2432 1717 2509 reliquias

103 2531 233 2594 Similiter
244 2533 420 2610 utriusque
432 2547 551 2593 manus
566 2532 602 2593 et
618 2531 713 2608 pedis
723 2529 868 2591 contacti
921 2532 1153 2602 veneraturus,
1179 2529 1221 2590 ad
1243 2544 1325 2606 quas
1344 2528 1413 2591 voli
1429 2528 1526 2605 plene
1544 2528 1651 2590 tactus
1666 2531 1718 2590 est

103 2628 249 2702 perlectum
262 2629 512 2692 obtinuitusum
520 2627 869 2690 Prosdoximarelicta
923 2644 1068 2705 compos.
1090 2627 1296 2688 Theutonica
1315 2626 1436 2687 mulier
1455 2626 1611 2687 Carolina
1630 2642 1720 2687 nun-

103 2727 236 2801 qlondam
254 2727 414 2789 Manicrii
438 2726 478 2788 de
495 2727 601 2788 Noeta
622 2725 787 2797 Patavini,
808 2739 869 2785 uec
923 2729 1045 2804 cupata
1060 2726 1186 2802 septem
1208 2724 1308 2785 annis
1321 2738 1423 2797 caeca,
1440 2723 1580 2801 utroque
1599 2723 1718 2786 videns

102 2825 332 2901 noubdargarita
356 2823 518 2885 Paduana
536 2823 613 2885 colli
633 2819 868 2894 (1111111111-
924 2823 1068 2885 oculoe
1103 2821 1281 2898 sepulchro
1308 2820 1391 2883 abiit
1424 2822 1460 2882 in
1493 2822 1717 2882 Germaniam.

102 2934 148 2981 nus
170 2922 307 2985 sinistrae
337 2921 502 2992 tremulas,
531 2922 564 2983 et
585 2920 679 2998 pedis
706 2918 870 2981 decurtati
924 2921 1071 2982 Auriana
1095 2919 1207 2996 puella
1222 2921 1258 2980 ut
1278 2917 1439 2996 applicuit
1457 2918 1573 2990 oculis,
1600 2917 1720 2995 quibus

102 3016 250 3091 perlectam
283 3018 526 3095 integritatem.
558 3020 648 3079 Puer
669 3016 824 3078 Alhertus
851 3030 870 3076 a
924 3019 1001 3079 visu
1022 3017 1158 3080 carebat
1176 3031 1236 3093 per
1255 3032 1380 3077 annum
1402 3031 1515 3088 unum,
1537 3016 1570 3077 et
1588 3032 1720 3078 menses

102 3115 362 3195 nativitatemque
378 3117 420 3178 ad
433 3131 558 3177 annum
574 3114 871 3177 undecimumtor-
926 3117 1012 3189 octo,
1036 3116 1209 3194 byssinum
1234 3116 1354 3183 velum,
1377 3129 1442 3191 quo
1463 3114 1638 3190 tegebatur
1660 3131 1720 3176 sa-

102 3212 153 3272 tum
171 3215 289 3277 habens
303 3215 436 3294 pedem,
452 3214 617 3291 superiori
632 3214 726 3290 parte
739 3212 780 3273 ad
798 3213 871 3272 ter·
927 3229 1020 3276 crum
1035 3213 1234 3290 depositum,
1255 3211 1339 3274 vidit
1358 3213 1505 3288 repente.
1526 3211 1720 3273 Leouardus

102 3313 300 3386 raminversa,
312 3315 352 3375 ut
362 3313 453 3374 recte
466 3312 658 3373 flecteretur
672 3311 712 3372 ad
724 3309 873 3388 ejusdem
928 3312 968 3373 de
993 3310 1196 3383 corniliano,
1213 3324 1279 3370 uno
1302 3308 1437 3370 orbatus
1457 3308 1593 3382 lumine,
1614 3309 1722 3371 altero

103 3409 186 3470 111111
205 3411 268 3471 1111
290 3411 394 3472 11111
413 3408 566 3471 obtinuit.
584 3411 818 3484 Massaguerra
833 3407 874 3467 de
927 3410 1039 3482 laesus,
1063 3409 1241 3485 utrumque
1262 3422 1392 3475 sanum,
1414 3421 1503 3467 11111
1524 3407 1579 3467 111
1601 3421 1722 3483 corpus

102 3504 184 3567 Savili
199 3524 273 3570 crus
288 3509 447 3569 dextrum
463 3508 682 3581 contractum,
693 3505 875 3583 pedemque
928 3507 1106 3578 inclusum,
1116 3503 1432 3580 inhaereusaccepit.
1445 3504 1521 3565 Flos
1532 3503 1573 3564 de
1585 3507 1722 3566 Gemma

103 3613 134 3661 11
153 3603 287 3679 ligeculo
319 3620 532 3681 suspensum,
561 3619 680 3664 sanum
704 3618 722 3664 e
747 3602 874 3665 tumulo
929 3605 1139 3667 Lauretanus
1172 3602 1303 3677 integre
1326 3601 1411 3664 vidit
1439 3600 1576 3663 sinistro
1601 3602 1719 3674 oculo,

102 3698 219 3763 reduxit.
244 3702 452 3764 Adolescens
488 3701 702 3763 Tridentinus
740 3715 873 3772 curvus,
930 3718 1028 3781 quem
1054 3702 1204 3762 clausum
1230 3699 1349 3760 habuit
1373 3699 1503 3775 integro
1533 3700 1718 3776 septennio.

103 3793 180 3857 dorso
203 3800 430 3871 excrescente,
460 3798 493 3860 et
513 3799 600 3859 male
629 3798 751 3859 affecta
778 3797 876 3874 spina
930 3800 1049 3861 Alexia
1077 3798 1200 3859 mulier
1228 3797 1455 3875 quinquennio
1480 3813 1580 3869 caeco,
1609 3797 1723 3859 oculos

101 3894 808 3958 11111111111111111111111.11111111111
832 3894 878 3956 al·
931 3896 1053 3959 ibidem
1076 3894 1217 3972 aperuit.
1240 3894 1432 3956 Micholetta
1458 3895 1619 3956 Patavina
1646 3893 1723 3956 exi-

101 3988 877 4070 111111111111111111111111111111111111111111
931 3994 1024 4057 tialis
1050 3992 1157 4054 morbi
1178 3992 1388 4054 vehementia
1412 3992 1583 4054 oculorum
1612 3993 1724 4054 lumen

101 4091 217 4151 111111
235 4092 356 4153 ductus
381 4090 423 4151 ad
450 4089 681 4167 sepulchrum,
705 4089 746 4151 ab
761 4089 877 4151 eadem
932 4092 1101 4163 amiserat,
1112 4091 1169 4152 sed
1179 4090 1305 4167 recepit
1315 4090 1722 4168 adsanctivirireliquias.

102 4196 184 4246 sanus
197 4187 329 4250 domum
339 4187 523 4249 reducitur.
535 4187 732 4248 Trevisiana
744 4187 876 4260 mulier,
932 4189 1105 4252 Rolaudus
1130 4188 1294 4263 Bulgarus
1318 4188 1538 4265 cephalalgia,
1562 4204 1620 4248 seu
1648 4188 1726 4248 diu-

102 4281 143 4341 cui
160 4286 343 4348 Venetiana
372 4300 505 4357 nomen,
535 4287 697 4347 tumorem
722 4301 877 4361 magnum
932 4289 1032 4349 turno
1047 4287 1080 4348 et
1096 4285 1283 4348 vehementi
1300 4284 1419 4362 capitis
1439 4284 1553 4346 dolore
1573 4284 1726 4347 inante-

102 4374 223 4444 lnhebat
243 4384 279 4444 in
294 4383 443 4461 pectore,
469 4382 574 4444 torma
596 4383 693 4458 panis
705 4385 877 4460 majorem,
933 4382 1079 4445 rioribus
1091 4381 1293 4444 membranis
1305 4381 1473 4453 laborans,
1486 4381 1606 4442 surdus
1619 4382 1727 4447 evasit

101 4488 149 4537 111
167 4481 330 4555 perduos
359 4495 465 4542 annos
494 4481 674 4558 quidquam
703 4496 879 4557 operosum
934 4498 954 4543 a
976 4479 1096 4556 viginti
1125 4478 1222 4540 annis
1246 4480 1280 4540 et
1305 4478 1404 4551 ultra,
1432 4479 1489 4539 sed
1515 4479 1563 4540 ibi
1589 4482 1726 4557 repente

103 4584 184 4646 agere
203 4579 335 4653 poterat
364 4577 489 4654 absque
511 4593 631 4654 magna
647 4576 810 4649 molestia,
838 4592 881 4638 ex
934 4594 1036 4640 sanus
1052 4576 1201 4638 11111111.
1222 4575 1415 4637 Leouardus
1428 4578 1576 4639 Venetus
1591 4578 1727 4641 defluxu

101 4670 195 4733 eodem
207 4675 329 4737 salutis
343 4674 466 4736 aerario
485 4690 569 4736 sana
588 4690 725 4737 reversa
743 4676 803 4737 est.
820 4676 881 4735 So-
935 4678 1113 4737 humorum
1128 4674 1300 4736 obturatas
1321 4689 1420 4735 aures
1441 4674 1578 4748 habens,
1596 4691 1617 4738 a
1638 4693 1725 4754 qua-

103 4762 212 4843 langria
232 4772 274 4833 de
291 4772 475 4848 Montagna
483 4772 693 4849 dysenterica
706 4773 739 4835 et
749 4772 883 4833 hemor·
936 4773 1091 4835 driennio
1111 4772 1197 4833 nihil
1216 4771 1368 4845 audiens,
1391 4773 1524 4849 apertas
1547 4774 1662 4835 retulit
1684 4788 1727 4836 ex

102 4864 192 4927 missa
203 4871 273 4931 toto
279 4871 355 4947 jam
365 4869 754 4945 corporeresoluta,cum
763 4884 800 4929 11
810 4883 882 4929 mo-
935 4870 1074 4933 tumulo.
1090 4870 1240 4931 Menicus
1253 4869 1494 4931 alterVenetus
1506 4870 1615 4930 simile
1625 4869 1728 4931 bene-

103 4958 163 5021 ritis
175 4966 279 5028 sancti
292 4965 362 5028 viri
380 4966 637 5038 commendaret,
657 4965 812 5045 apparuit
824 4964 884 5026 de·
937 4968 1049 5029 ficium
1062 4968 1198 5044 recepit,
1215 4965 1303 5027 malo
1318 4967 1458 5028 affectus
1472 4966 1618 5027 hiennio.
1636 4968 1727 5028 Petri

103 5059 262 5137 1111111111,
275 5078 376 5141 quem
388 5064 595 5140 interrogata
605 5064 680 5141 quis
692 5064 797 5124 essett
810 5078 884 5124 res·
937 5063 1091 5125 Patavini
1111 5062 1213 5122 tiliam
1234 5061 1426 5122 Paduanam
1442 5060 1575 5133 dictam,
1595 5060 1726 5138 epilep-

104 5157 200 5227 pondit
223 5181 231 5219 :
253 5162 326 5235 Ego
349 5176 423 5221 sum
450 5160 633 5234 Antonius,
660 5159 717 5237 qui
742 5158 884 5222 veni'ut
936 5161 1003 5223 tico
1019 5176 1079 5221 seu
1094 5158 1255 5220 comitiali
1276 5156 1390 5219 morbo
1405 5156 1623 5229 laborantem,
1646 5158 1729 5219 tota·
1757 5157 1759 5160 ’

103 5252 249 5319 hamalo
264 5257 421 5332 liberem,
434 5274 511 5320 ecce
532 5259 568 5320 iu
592 5257 727 5320 nomine
752 5257 884 5319 Domini
938 5259 1016 5319 liter
1030 5256 1192 5326 claudam,
1209 5255 1286 5315 dum
1301 5254 1409 5314 adhuc
1423 5252 1551 5314 viveret
1565 5254 1606 5314 ad
1621 5255 1727 5332 patris

105 5348 181 5413 salva
202 5354 310 5417 factas
331 5371 378 5416 es.
394 5358 517 5417 Verum
532 5356 658 5417 dixisse
680 5371 723 5417 111
736 5356 884 5431 tempore
939 5369 1054 5432 preces
1073 5352 1304 5414 benedictione
1323 5350 1463 5411 sanavit.
1482 5353 1627 5412 Puerum
1648 5353 1728 5415 item

105 5450 193 5511 sensit
205 5467 223 5511 1
235 5452 326 5514 lecto
337 5451 542 5514 descendens
551 5457 656 5515 Deum
671 5453 706 5513 in
718 5467 778 5513 suo
788 5467 884 5514 servo
940 5453 1108 5514 Simonem
1127 5449 1243 5511 eodem
1263 5446 1377 5508 morbo
1394 5447 1630 5511 miserabiliter
1641 5465 1729 5526 quo-

105 5542 289 5616 glorificans.
302 5550 567 5612 Bartholomaeus
577 5550 617 5611 de
628 5549 729 5611 Plebe
744 5549 833 5610 sacci
844 5549 885 5610 ab
939 5549 1020 5612 tidie
1039 5563 1099 5625 per
1113 5562 1218 5608 annos
1239 5547 1308 5606 tres
1325 5543 1480 5606 affectum
1500 5544 1667 5623 impertita
1687 5565 1730 5610 ex

105 5638 230 5706 tutantia
250 5648 377 5719 mutus,
397 5648 544 5725 paralysi
559 5648 637 5710 item
660 5646 826 5719 laborans,
844 5647 885 5709 ad
940 5645 1116 5722 sepulchro
1130 5641 1239 5718 gratia
1255 5641 1393 5703 curavit.
1559 5659 1562 5664 ·
