3950 6200
116 400 164 463 aas
587 390 590 395 ’
649 358 1030 456 rnouauouuuu-
1048 392 1156 451 viva.
1570 456 1578 471 x
1645 390 1725 453 ‘ase

108 557 267 621 exhiheret.
306 557 386 617 Data
429 555 541 632 itaque
575 553 631 615 die
669 552 874 615 conveniunt
928 551 1027 627 atque
1050 550 1180 627 jejunio
1203 547 1251 630 (1)
1281 566 1460 628 parumper
1484 552 1593 613 somni
1616 551 1722 614 bene-

107 656 204 717 amho:
218 653 271 716 sed
288 656 399 716 noster
412 654 556 722 sanctus,
574 651 741 713 celebrata
756 650 873 711 devote
928 648 1004 710 ticio
1025 651 1217 709 recrearet:
1242 664 1284 709 en
1304 649 1443 726 spiritus
1459 651 1625 725 malignus
1648 653 1726 713 ten-

108 754 202 825 nissa,
217 752 373 828 apparatu
392 749 591 812 sacerdotali
608 764 729 826 corpus
749 746 872 808 Christi
927 747 1000 806 tare
1015 745 1180 806 suffocare
1193 745 1421 817 dormientem,
1437 748 1543 823 posita
1556 747 1597 808 ad
1610 747 1725 824 gulam

105 852 283 921 reverenter,
300 850 334 910 ut
348 848 470 910 soleret
484 863 626 924 semper,
643 844 796 907 manibus
811 861 872 920 ge·
928 858 1030 903 manu
1051 858 1153 903 ausus
1175 845 1234 905 est.
1259 846 1341 903 Tum
1362 845 1527 905 excitatus
1547 846 1606 906 Vir
1625 861 1725 906 sanc-

106 962 167 1008 mns
180 946 211 1006 in
225 946 388 1007 certamen
404 944 506 1006 venit.
528 943 589 1009 Ille
609 958 689 1005 vero
705 943 871 1014 deridens,
927 941 995 1011 tus,
1011 940 1165 1001 invocato
1177 941 1312 1002 nomine
1325 941 1530 1011 intemeratae
1544 943 1723 1005 Genitricis

106 1060 136 1105 ac
154 1042 346 1119 impossihile
372 1044 503 1119 putans,
534 1041 658 1102 mulum
682 1040 793 1101 triduo
817 1039 872 1100 la·
928 1038 987 1099 Dei
1002 1038 1152 1114 Virginis
1166 1038 1293 1108 Mariae,
1308 1054 1347 1099 ac
1360 1039 1456 1116 signo
1471 1040 1580 1102 crucis
1595 1042 1724 1103 munita

106 1143 225 1201 mentem
239 1138 380 1201 adducit.
402 1139 488 1199 Hinc
502 1138 591 1201 servi
606 1140 691 1214 ejus,
714 1138 751 1198 ut
769 1151 871 1197 aver·
928 1135 1049 1201 treme.
1075 1151 1111 1196 se
1134 1151 1212 1197 mox
1239 1136 1432 1198 alleviatum
1459 1138 1575 1198 sensit.
1601 1139 1724 1201 Oculos

105 1236 335 1307 hrentanimal,
353 1238 386 1299 et
400 1237 561 1298 virentem
576 1234 723 1306 herbam,
741 1236 773 1295 et
788 1233 871 1295 hor·
927 1249 1007 1294 vero
1028 1233 1195 1310 aperiens,
1221 1235 1258 1295 ut
1280 1233 1419 1305 videret,
1445 1236 1599 1311 quisnam
1623 1236 1721 1307 esset,

105 1335 183 1396 deum
203 1334 394 1396 offerebant.
423 1334 502 1394 Inde
524 1334 584 1394 Vir
608 1334 666 1394 Dei
691 1347 872 1394 conversus
926 1332 1041 1402 totam,
1056 1332 1091 1391 in
1105 1346 1169 1408 qua
1182 1332 1265 1398 erat,
1280 1331 1399 1393 cellam
1415 1332 1590 1409 splendore
1602 1348 1724 1409 magno

105 1433 136 1493 ad
146 1432 267 1503 mulum,
280 1432 313 1492 in
327 1431 399 1515 haec
409 1430 513 1492 verba
529 1430 658 1507 inquit:
675 1433 718 1491 Iu
728 1430 870 1499 uirtute,
926 1428 1146 1504 refulgentem
1173 1428 1266 1490 vidit.
1297 1430 1368 1500 Quo
1394 1430 1447 1505 pie
1474 1429 1635 1491 creditum
1659 1431 1721 1502 est,
1759 1420 1762 1424 ⁴

105 1544 136 1591 aa
150 1533 275 1591 immine
296 1531 475 1591 creatore
495 1529 557 1599 tat,
577 1542 679 1602 auem
696 1530 734 1587 tn
751 1529 871 1587 moui-
927 1525 990 1587 sihi
1006 1542 1105 1602 quam
1119 1527 1320 1594 invocasset,
1336 1527 1508 1603 Virginem
1522 1528 1650 1589 auxilio
1662 1529 1725 1589 ad-

106 1631 152 1687 tur
173 1628 243 1689 ltcet
269 1630 444 1703 indignus,
473 1628 649 1688 ueraciter
674 1627 782 1696 wareo,
813 1625 873 1685 rut
926 1624 1069 1685 venisse.
1089 1623 1262 1685 Proiectus
1277 1627 1387 1686 autem
1409 1625 1535 1697 Padua,
1553 1627 1723 1688 seminans

105 1726 170 1795 dim,
183 1727 316 1797 animat,
330 1725 366 1786 et
377 1727 554 1799 prescipto,
565 1725 604 1784 ut
617 1724 800 1797 confestim
813 1727 873 1784 tu·
927 1736 1135 1799 quocumque
1150 1724 1312 1798 pergeret,
1329 1721 1468 1783 verbum
1483 1723 1554 1795 Dei,
1570 1740 1610 1785 ac
1625 1724 1725 1786 mira-

105 1822 208 1883 mtttter
220 1825 363 1884 centens
383 1823 534 1884 debitum
550 1824 616 1884 sitit
635 1822 872 1882 reverentiam
926 1818 1013 1880 culis
1027 1817 1168 1895 fulgens,
1189 1835 1227 1880 se
1247 1819 1344 1891 alios,
1371 1820 1469 1897 atque
1493 1821 1578 1882 alios
1598 1821 1642 1883 ad
1664 1838 1725 1900 po-

106 1920 253 1992 tentiana
276 1919 450 1992 quatenus
483 1933 530 1980 eac
552 1904 614 1980 too
636 1920 763 1991 tiquam
788 1932 871 1993 cop-
926 1916 1023 1993 pulos
1038 1918 1071 1978 et
1090 1917 1206 1989 ltalia,
1227 1918 1391 1978 etttalliae
1406 1918 1558 1980 contulit
1574 1921 1724 1998 Denique

107 2017 200 2077 roecot
230 2015 396 2078 haereticu
427 2016 599 2091 pravitas,
635 2017 723 2089 quod
759 2018 872 2075 omrrts
926 2011 1035 2073 tessus
1050 2014 1318 2090 peregrinatione
1334 2013 1444 2091 longa,
1466 2019 1499 2077 et
1513 2016 1627 2079 labore
1642 2032 1725 2079 ron-

107 2114 240 2175 creutum
264 2112 450 2186 sudjtcttur
478 2114 638 2175 Creatori
667 2125 741 2184 aare,
770 2126 871 2186 parem
925 2110 1032 2181 anuo,
1049 2110 1208 2181 Paduam,
1226 2112 1260 2171 in
1280 2127 1345 2189 pua
1359 2115 1429 2189 jam
1449 2114 1486 2174 ut
1500 2114 1582 2186 dixi,
1597 2116 1724 2191 praedt-

107 2212 294 2274 sucerdototis
307 2212 463 2289 dtgcttcs
474 2210 670 2286 pertractat
683 2211 820 2287 jupiter
834 2213 872 2270 tu
926 2224 1006 2269 cans
1027 2207 1147 2279 luerat,
1168 2224 1242 2269 oum
1263 2209 1493 2271 recordatione
1513 2210 1720 2274 benevolen-
1841 2236 1845 2243 ·

108 2307 194 2368 utura
212 2308 366 2370 Mirabile
379 2308 465 2379 visu,
488 2310 521 2370 et
544 2308 726 2368 maximum
748 2309 870 2369 nostrae
924 2305 993 2377 tire,
1009 2306 1094 2382 quod
1108 2308 1237 2367 amaret
1249 2306 1337 2368 hunc
1352 2307 1519 2384 populum,
1538 2311 1607 2370 tum
1624 2314 1718 2381 nutu,

108 2402 415 2468 hdeidooumentumt
432 2407 502 2468 Nec
515 2405 646 2483 quidem
663 2406 722 2464 Vir
736 2406 870 2465 sanctus
922 2402 1060 2479 judicio,
1081 2404 1253 2466 voluntate
1275 2404 1345 2475 Dei,
1372 2405 1428 2481 qui
1449 2420 1616 2468 exornare
1632 2407 1721 2469 hanc

108 2500 183 2562 rerha
195 2503 345 2565 linierat:
372 2519 415 2565 en
436 2503 572 2571 animal,
596 2505 629 2565 et
651 2502 790 2574 famens,
816 2503 870 2562 in·
925 2500 1094 2562 civitatem
1107 2517 1245 2577 corpore
1260 2502 1358 2578 hujus
1373 2503 1480 2563 sancti
1496 2503 1606 2574 vellet,
1622 2506 1720 2582 quasi

109 2614 189 2673 quam,
201 2601 320 2662 animal
340 2601 441 2679 quasi
460 2601 607 2661 humana
628 2601 758 2662 ratione
779 2615 871 2661 com·
925 2598 966 2659 ad
982 2598 1103 2675 quietis
1116 2599 1242 2669 sedem,
1257 2614 1297 2663 ac
1311 2599 1515 2661 domicilium
1530 2602 1640 2663 rediit.
1658 2603 1721 2665 Hie

109 2696 212 2769 notum,
226 2701 258 2760 et
277 2699 371 2761 dicto
388 2698 494 2760 sancti
509 2698 580 2759 Viri
596 2697 758 2763 consulto,
775 2712 814 2757 ac
829 2697 870 2758 de
925 2696 1026 2768 enim,
1047 2697 1081 2758 et
1094 2712 1177 2773 quos
1196 2699 1274 2758 ante
1295 2695 1418 2757 dudum
1437 2698 1630 2775 inooeperat,
1648 2716 1722 2762 ser-

111 2789 239 2857 industria
263 2811 401 2873 parens,
422 2794 568 2857 oblatum
593 2794 791 2871 contempsit
810 2809 872 2871 pa·
925 2809 1060 2855 monum
1080 2793 1329 2857 dominicalium
1346 2811 1500 2871 magnam
1516 2800 1643 2873 partem
1658 2799 1721 2860 ah-

111 2885 205 2951 batum.
231 2895 436 2955 Conversum
462 2908 542 2953 vero
579 2892 620 2953 ad
648 2892 801 2963 hostiam,
838 2892 872 2953 et
925 2891 1034 2963 solvit,
1055 2892 1090 2952 et
1112 2895 1229 2968 rogatu
1253 2892 1434 2954 cardinalis
1457 2894 1619 2958 Ostiensis
1643 2913 1721 2958 ser·

111 2990 189 3061 caput,
219 2993 251 3052 et
282 2991 445 3067 poplitem
473 2991 650 3067 utrumque
681 2991 717 3049 in
745 2991 870 3050 terram
924 3004 1051 3061 mones,
1075 2989 1260 3065 quiessent
1281 2990 1454 3052 adomnia
1478 2992 1721 3057 testaSanoto·

112 3096 187 3164 uque
206 3089 478 3152 venerabundum
504 3089 609 3151 flexit.
640 3091 710 3162 Quo
735 3092 870 3166 stupens
924 3103 1010 3159 rum,
1038 3085 1183 3164 scripsit.
1220 3087 1480 3151 Praedicationes
1512 3106 1593 3153 vero
1626 3108 1720 3154 suam

111 3181 151 3244 ille
166 3185 308 3250 haeresim
328 3188 453 3266 posuit.
475 3191 555 3261 Quae
579 3189 688 3250 autem
713 3188 871 3250 christia·
925 3184 1068 3262 primum
1081 3183 1124 3245 ad
1146 3183 1345 3261 Ecclesiam
1369 3186 1488 3249 deinde
1509 3187 1550 3249 ad
1574 3204 1723 3251 commo-

111 3284 355 3347 nommlldolium
373 3285 489 3346 aderat
507 3285 694 3356 multitudo,
711 3288 869 3348 eaheum
924 3280 1002 3342 dum
1028 3281 1142 3358 populi
1177 3283 1328 3357 singulas
1356 3283 1399 3344 ad
1434 3285 1610 3358 ecclesias;
1639 3302 1721 3363 pos-

111 3390 247 3454 numum
268 3383 597 3459 omnipotentemque
616 3382 775 3444 laudavit.
800 3384 870 3443 Neo
923 3379 1042 3445 tremo,
1064 3377 1151 3455 quod
1166 3378 1413 3442 multitudinem
1431 3381 1505 3444 loca
1526 3381 1562 3442 in
1586 3383 1723 3445 civitate

111 3474 208 3548 quiden
219 3481 374 3556 egrediar
384 3480 503 3552 (tallia,
517 3480 551 3541 ni
564 3480 655 3541 aliud
671 3480 869 3540 miraculum
924 3490 990 3537 non
1005 3476 1175 3551 caperent,
1191 3475 1233 3536 ad
1251 3478 1347 3553 prata
1361 3478 1504 3539 virentia
1519 3481 1614 3540 extra
1629 3481 1719 3542 civi-

111 3585 265 3652 nenorem3
295 3579 363 3640 hoc
398 3579 488 3639 enim
523 3578 558 3638 in
594 3577 869 3654 Montepesulano
923 3575 1025 3634 tatem
1050 3571 1139 3634 tecit.
1166 3573 1291 3635 Aderat
1314 3574 1404 3635 enim
1430 3590 1506 3635 cum
1532 3576 1622 3639 clero
1646 3579 1721 3655 epi-

112 3663 174 3729 tand
185 3671 273 3750 longe
287 3693 307 3738 a
321 3675 446 3738 Tolosa
466 3674 538 3736 tuit.
556 3674 617 3737 Hic
636 3690 779 3751 namque
797 3673 869 3735 tes-
924 3684 1057 3746 scopus,
1073 3684 1148 3730 cum
1164 3668 1337 3732 nobilitate
1351 3671 1508 3748 potestas,
1525 3688 1600 3735 cum
1620 3674 1722 3737 scho-

114 3763 160 3825 llu
170 3785 220 3844 per
232 3772 317 3835 diem
331 3772 530 3851 praedicanti
544 3774 659 3833 sancto
674 3772 754 3832 Viro
768 3794 776 3831 ε
792 3787 869 3832 nam
924 3766 1051 3829 laribus
1067 3767 1193 3840 doctor,
1210 3784 1285 3829 cum
1305 3767 1479 3846 discipulis
1494 3771 1628 3845 artilex,
1645 3789 1722 3835 oum

113 3859 199 3926 titius
217 3873 263 3932 est
284 3885 420 3947 magna,
448 3871 480 3932 et
501 3869 620 3932 studiis
642 3868 869 3930 doctrinarum
925 3864 1004 3924 tiliis
1018 3880 1151 3940 parens,
1168 3880 1243 3926 cum
1258 3866 1420 3929 matronis
1439 3869 1546 3944 virgo.
1568 3870 1722 3933 Diluculo

113 3955 190 4033 toret,
204 3968 388 4031 recordatio
407 3967 519 4038 suhiit,
541 3982 577 4028 se
597 3967 782 4043 injunctum
805 3966 868 4027 sibi
924 3962 1064 4023 veniens
1100 3963 1238 4041 quisque
1264 3966 1471 4026 commodum
1502 3968 1631 4031 auditui
1657 3985 1720 4031 ca-

72 4085 74 4124 ,
114 4051 222 4122 citrium
246 4064 389 4126 canendi
413 4066 556 4126 Attetuto
579 4078 639 4140 per
668 4062 869 4124 oblivionem
923 4058 1036 4137 piebat
1059 4058 1181 4122 locum.
1218 4060 1280 4123 Ubi
1315 4063 1481 4140 pulpitum
1513 4068 1721 4131 ascendisset

112 4154 213 4228 nemini,
228 4175 299 4221 cum
313 4161 514 4222 ascenderet
534 4159 708 4237 pulpitum,
730 4161 870 4221 commi·
923 4159 1070 4229 sanctus,
1091 4172 1167 4219 cum
1186 4174 1275 4236 saepe
1297 4161 1436 4237 triginta
1455 4162 1598 4224 millium
1618 4180 1720 4226 euce-

114 4244 181 4310 ahsa,
197 4257 260 4318 Hac
277 4258 317 4319 de
332 4274 373 4319 re
390 4257 627 4334 negligentiam
642 4258 812 4328 incusans,
829 4272 869 4318 ao
923 4254 1017 4318 deret
1048 4255 1237 4327 multitudo,
1270 4259 1399 4319 tantum
1431 4262 1504 4322 eret
1535 4260 1717 4335 silentium,

113 4356 194 4409 mum
212 4352 333 4427 dolens,
355 4354 533 4416 inclinavit
555 4356 665 4431 capnt,
689 4354 787 4432 idque
810 4369 870 4416 ca·
922 4353 1017 4414 tanta
1039 4353 1197 4414 audiendi
1221 4355 1372 4426 attentio,
1393 4356 1488 4418 tanta
1509 4357 1722 4435 intelligendi·

114 4442 178 4512 tutio
200 4454 287 4526 quasi
315 4452 523 4516 dormiturus
560 4452 696 4515 obtexit.
724 4452 869 4529 Corpore
922 4449 1077 4522 aviditas,
1105 4453 1142 4513 ut
1174 4467 1340 4527 nusquam
1365 4468 1526 4527 murmur,
1553 4471 1719 4534 nusquam

114 4537 211 4608 adden
225 4547 257 4608 in
271 4550 401 4627 pulpito
418 4572 425 4610 :
442 4549 563 4627 spiritu
577 4551 687 4612 autem
711 4550 746 4609 in
765 4549 868 4610 choro
923 4547 1082 4625 strepitus
1108 4547 1291 4610 audiretur.
1329 4551 1460 4612 Interea
1487 4553 1522 4615 et
1549 4557 1719 4631 justitium

115 4639 171 4697 ent
183 4642 344 4708 Fratribus
359 4649 483 4720 autem,
500 4647 556 4725 qui
571 4648 685 4708 essent
698 4647 735 4706 in
750 4646 866 4719 choro,
923 4644 1085 4717 clausum,
1101 4647 1136 4707 et
1148 4646 1281 4722 negotia
1297 4646 1490 4712 intermissa
1507 4655 1614 4715 erant.
1631 4656 1719 4718 (lura

115 4731 271 4803 edituum
285 4744 433 4806 otticium
449 4760 492 4805 ex
510 4743 628 4806 ordine
648 4743 866 4816 celebrarent,
922 4742 1076 4804 omnibus
1102 4745 1176 4804 erat
1201 4757 1279 4816 una,
1306 4745 1425 4808 audire
1448 4751 1610 4812 sanctum.
1636 4754 1717 4814 Cum

115 4823 249 4899 visamest
265 4841 446 4902 Antonium
466 4841 501 4901 in
517 4840 758 4913 chorovidere,
774 4857 869 4902 eum·
921 4855 1002 4902 vero
1024 4839 1151 4917 pulpito
1176 4840 1414 4916 descendisset,
1436 4847 1530 4909 tanta
1554 4851 1626 4910 erat
1648 4849 1718 4910 tre-

114 4919 218 5005 denque
231 4937 357 5011 audire,
374 4938 431 5015 qui
445 4939 623 5015 uttempus
640 4938 763 5015 exegit,
779 4943 868 5000 Atte-
922 4938 1058 5015 quentia
1080 4938 1286 5014 cupientium
1309 4941 1459 5017 tangere,
1492 4946 1529 5005 ut
1556 4961 1631 5006 cum
1653 4947 1712 5008 alii

114 5019 163 5120 {tta
172 5033 317 5097 mutaret.
339 5035 476 5107 Deinde,
502 5036 600 5112 atque
621 5051 699 5095 mox
719 5035 775 5112 qui
795 5036 868 5098 erat
922 5034 1043 5111 praeire
1057 5034 1134 5096 aliis
1153 5035 1351 5109 niterentur,
1373 5053 1410 5099 se
1428 5037 1543 5113 terme,
1560 5043 1716 5106 simulac

115 5119 240 5200 lnchoro,
254 5130 429 5209 disparuit.
447 5135 484 5194 In
500 5132 626 5210 pulpito
642 5133 752 5194 autem
770 5132 867 5210 quasi
921 5132 1030 5208 ipsum
1043 5133 1280 5209 opprimerent.
1301 5135 1371 5197 Nec
1390 5141 1579 5200 assecutum
1598 5155 1635 5201 se
1649 5157 1713 5219 pa-

116 5221 198 5282 sonno
219 5228 379 5290 excitatus
405 5245 597 5307 assurgens,
627 5245 726 5307 quam
759 5230 867 5291 incoe-
921 5244 996 5291 rum
1016 5230 1134 5306 gratiae
1156 5230 1342 5307 reputabat,
1365 5232 1422 5310 qui
1445 5238 1504 5296 aut
1524 5238 1713 5302 vestimenti

115 5317 190 5386 perat
212 5325 476 5397 praedicationem
511 5327 552 5389 ad
590 5327 748 5405 populum
783 5343 866 5404 pro·
921 5326 1400 5405 ejusparticulaminoidisset,
1415 5331 1601 5395 autsaltem
1612 5351 1713 5399 manu

116 5412 285 5482 lelllltlsest.
921 5424 1712 5504 timbriamtetigisset.Nequeverodahatursihi

141 5504 240 5575 Padus
263 5520 373 5581 autem
400 5537 631 5599 saepenumero
657 5521 864 5598 praedicavit.
920 5521 1063 5584 abeundi
1092 5522 1196 5595 locus,
1223 5523 1257 5584 ni
1283 5540 1369 5595 eum,
1387 5526 1443 5602 qui
1469 5528 1610 5592 aderant
1623 5534 1713 5607 jussi

116 5593 328 5772 ὃθὸριὶιιιίρὶο,
347 5631 421 5678 cum
443 5619 596 5680 naturam
616 5618 863 5695 praedicatione,
919 5618 960 5681 de
970 5618 1146 5691 industria,
1158 5619 1286 5682 robusti
1298 5620 1449 5685 homines
1459 5626 1683 5696 reduxissent.

161 5705 170 5775 )
185 5709 282 5786 suppl„
296 5717 422 5780 tractam.
