3950 6200
35 229 37 238 ’
110 264 161 324 cra
744 255 1121 322 1161666161111111.
1720 265 1778 326 611

108 407 238 489 paginam
252 402 362 469 cordis
380 402 478 467 nostri
497 400 648 466 inaudite
662 399 854 465 turbationis
872 401 935 524 661
957 402 1006 466 dis
1020 403 1226 479 intrinsecus,
1247 411 1278 470 61
1291 404 1380 485 gravi
1394 405 1600 472 admiratione
1614 409 1777 490 commoti,

106 505 190 584 lamo,
213 505 244 565 61
269 516 363 564 novae
384 496 602 563 amaritudinis
625 501 811 562 attramento
836 513 912 562 con-
957 504 1104 568 eumdem
1120 502 1259 582 legatum
1280 503 1457 569 litterarum
1479 505 1645 585 asperitate
1658 511 1781 572 nostra-

104 599 230 681 scripsit,
251 598 339 680 qnod
357 597 543 678 scripturam
556 612 616 661 nec
632 596 779 676 lugubris
796 595 911 661 mentis
958 615 1046 680 rum,
1069 604 1105 664 nt
1119 599 1242 681 decuit,
1264 600 1500 681 redarguimus,
1526 601 1609 666 etei
1633 601 1781 667 continuo

104 696 243 779 gemitus,
266 709 330 759 nec
359 692 566 776 lacrymarum
587 691 703 756 lluvius
728 692 911 757 oblitterare
957 694 1102 760 dedimus
1117 694 1150 758 in
1168 695 1285 760 virtute
1303 695 1491 760 obedientiae
1510 695 1640 762 tirmiter
1654 696 1688 761 in
1701 714 1778 777 pre-

105 794 205 874 valeat,
223 807 320 873 quam
337 795 444 855 nostro
459 790 579 871 animo,
599 789 689 870 quasi
708 805 816 868 ungue
836 789 910 852 ada·
958 792 1072 873 ceptis,
1090 798 1123 855 61
1139 791 1366 857 ordinationem
1382 794 1483 872 ipsam
1497 794 1564 857 sive
1579 810 1781 877 quocumque

102 890 225 957 6161111116
251 905 338 953 novo
365 886 501 953 cudendi
529 902 647 966 genere
675 886 765 951 stilus
792 886 910 951 exarati
958 888 1780 971 6116666166166166161661661116666616666-

102 986 202 1053 doloris
216 984 391 1065 impressit.
406 983 565 1059 Quomodo
582 982 696 1062 lugens
714 980 815 1045 valeat
833 997 909 1045 con·
957 986 1033 1051 nino
1062 991 1186 1049 revocet
1214 985 1283 1050 sine
1307 1002 1404 1049 mora.
1436 989 1483 1049 116
1510 988 1594 1067 quod
1623 988 1781 1053 revocatio

102 1084 187 1149 solare
210 1087 407 1162 merentem,
437 1080 587 1145 dolensve
610 1077 744 1143 delinire
769 1076 909 1160 dolores,
957 1083 1026 1165 ipsa
1039 1080 1122 1147 ultra
1136 1087 1200 1147 tres
1214 1082 1283 1148 dies
1296 1089 1366 1162 post
1381 1083 1591 1163 receptionem
1604 1083 1780 1150 litterarum

102 1179 328 1247 concontraria
348 1179 415 1244 6616
432 1183 582 1243 66166161
599 1176 845 1257 oppositis,non
863 1182 911 1240 cst
957 1185 1135 1245 nostrarum
1161 1180 1341 1245 nullatenus
1369 1180 1542 1264 differatur,
1570 1188 1603 1247 et
1630 1197 1779 1262 expresse

102 1277 178 1343 lacile
208 1275 362 1356 reperire.
397 1278 497 1340 Nemo
525 1277 643 1355 quaerat
671 1271 710 1337 ab
743 1271 910 1338 amaricato
957 1277 1099 1342 inbibeat
1113 1293 1154 1342 ne
1168 1278 1240 1360 quis
1254 1283 1447 1361 contravos,
1462 1295 1520 1344 seu
1536 1278 1613 1344 alias
1627 1296 1778 1361 personas

102 1375 171 1456 qnod
183 1372 299 1456 sepiat,
314 1373 357 1438 ab
372 1377 554 1452 exasperato
568 1370 653 1452 quod
666 1369 819 1452 mulceat,
835 1370 911 1453 quia
957 1373 1203 1455 ecclesiasticas,
1223 1374 1291 1440 sive
1309 1373 1392 1439 bona
1411 1374 1551 1455 ipsarum
1569 1375 1707 1459 aliquam
1725 1393 1777 1443 oc·

102 1471 335 1538 exterminantur
349 1468 384 1534 in
401 1467 509 1533 verbis
527 1466 622 1532 mella
641 1466 835 1550 dulcediniS,
852 1468 909 1532 ubi
957 1471 1082 1537 casione
1113 1472 1260 1551 predicta
1283 1478 1451 1552 prasumat
1479 1474 1660 1538 violentiam
1688 1489 1777 1540 exer-

103 1576 184 1634 totum
201 1573 315 1649 pectus
338 1571 472 1646 occupat
494 1565 543 1630 vis
563 1564 691 1630 doloris.
716 1564 909 1646 Principium
957 1586 1045 1646 cere;
1064 1586 1100 1634 66
1123 1568 1247 1634 restitui
1264 1569 1354 1634 166161
1375 1569 1540 1653 universa,
1560 1570 1587 1635 si
1606 1588 1668 1653 qua
1687 1587 1778 1637 occa-

102 1662 803 1748 61116161616616111166611616116ςὶ6116116νί6
818 1663 909 1728 clare
957 1665 1045 1731 sione
1070 1664 1133 1747 J‘am
1158 1664 1241 1730 dicta
1269 1670 1343 1730 sunt
1377 1665 1531 1731 debonis
1558 1665 1779 1732 ecclesiasticis

102 1761 239 1826 nemone
253 1760 423 1842 negotium
441 1759 528 1841 pacis
546 1766 579 1824 et
596 1758 669 1824 ddei
687 1759 821 1825 1111611161
835 1777 909 1839 pro
956 1769 1116 1844 occupata.
1148 1763 1290 1844 Denique
1319 1763 1462 1829 volentes
1490 1764 1596 1847 vobis,
1629 1770 1661 1830 61
1689 1764 1778 1845 61116,

101 1858 235 1925 moventis
254 1858 402 1925 ecclesiae
423 1858 516 1923 matri
535 1875 600 1922 suae
620 1857 724 1922 attulit
745 1857 860 1940 risum,
876 1863 908 1923 et
955 1875 1035 1941 quos
1061 1857 1122 1924 hoc
1150 1859 1316 1938 negotium
1344 1859 1445 1939 tangit
1476 1859 1579 1941 plenis
1612 1859 1780 1940 providere

99 1937 246 2038 gadum,
271 1958 332 2022 sed
360 1955 480 2021 aemulae
506 1955 616 2020 mortis
642 1956 705 2020 lato
729 1955 907 2020 miserando
954 1953 1191 2018 venerabilibus
1208 1953 1358 2019 iratribus
1372 1958 1525 2020 nostris...
1542 1959 1776 2021 cenomanen...

99 2051 257 2118 subtractus
274 2052 379 2116 risum
393 2051 426 2115 in
441 2051 563 2116 luctum
576 2049 740 2132 convenit,
755 2049 906 2130 gaudium
955 2049 1432 2133 61...Α61611611611.661666616,
1453 2051 1487 2116 iu
1506 2050 1621 2117 dilecto
1643 2051 1776 2117 11116611·

100 2149 125 2213 iu
142 2150 328 2231 lamentum,
345 2155 511 2230 totumque
530 2148 712 2230 negotium,
733 2149 818 2230 quod
836 2147 907 2213 leli·
954 2144 1020 2210 bati
1034 2146 1074 2211 de
1088 2146 1297 2225 burgomedio
1317 2145 1438 2212 Blesen.
1462 2163 1519 2227 per
1537 2146 1653 2228 scripta
1670 2154 1777 2212 nostra

100 2246 246 2312 6111661166
260 2251 395 2312 auctore
406 2244 650 2327 promovebatur
663 2244 813 2324 auspiciis
826 2261 906 2310 mor·
953 2243 1185 2323 mandavimus,
1212 2249 1248 2308 61
1271 2243 1299 2307 61
1319 2243 1484 2309 cardinalis
1508 2244 1592 2325 ipse,
1616 2250 1776 2325 nostrum,

100 2342 198 2407 tissue
210 2342 321 2423 gladio
336 2342 477 2422 graviter
495 2340 692 2422 vulneravit,
708 2342 764 2406 sed
777 2357 905 2406 succes·
953 2341 1039 2422 quod
1063 2338 1190 2404 omnino
1213 2356 1277 2404 non
1305 2340 1480 2422 medimna,
1505 2341 1700 2423 neglexerit,
1725 2341 1776 2406 vel

100 2437 171 2503 11666
192 2438 290 2519 prolis
315 2438 455 2504 obducta
481 2436 623 2502 vulneris
648 2435 793 2501 cicatrice
815 2434 905 2517 quasi
954 2435 1112 2500 distulerit
1132 2434 1306 2515 adimplere
1328 2441 1536 2517 praeceptum,
1560 2442 1615 2502 661
1637 2437 1716 2503 16116
1737 2439 1777 2502 ad

101 2534 226 2617 reviguit,
242 2541 275 2601 et
291 2549 387 2615 spem
400 2533 497 2598 futuri
511 2532 632 2597 1166166
646 2531 812 2613 preteritis
822 2531 904 2597 labo
954 2531 1152 2614 presentiam
1166 2536 1304 2597 nostram
1320 2533 1503 2612 regrediens
1520 2532 1670 2598 terminos
1683 2534 1780 2598 fuerit

101 2629 186 2712 ribus,
207 2630 340 2711 penitus
363 2646 428 2694 non
450 2629 578 2694 ademit.
602 2631 720 2694 Verum
744 2629 828 2709 quod
851 2628 904 2692 do·
954 2646 1019 2694 suae
1050 2626 1216 2707 legationis
1244 2643 1409 2710 egressus,
1437 2627 1498 2709 ipsi
1532 2628 1565 2693 id
1594 2627 1780 2694 auctoritate

100 2726 181 2791 lentes
194 2726 363 2793 referimus
378 2726 550 2791 verendum
564 2729 612 2789 est
626 2740 796 2789 uenovum
811 2724 904 2789 inlor·
955 2723 1131 2805 Apostolica
1165 2731 1375 2806 exsequentes
1409 2724 1638 2789 ordinationem
1671 2730 1780 2790 contra

100 2824 203 2888 11161616
225 2823 359 2905 negotio
382 2823 485 2905 pacis,
511 2828 543 2888 et
559 2822 632 2888 fidei
650 2821 696 2887 sic
717 2821 906 2888 infortunate
954 2838 1011 2886 vos
1025 2819 1156 2886 senonis
1170 2820 1298 2896 editam,
1312 2836 1349 2885 ac
1364 2818 1453 2884 vobis
1466 2820 1665 2900 postmodum
1677 2816 1778 2900 ipsius

101 2923 244 3005 succedat,
273 2928 312 2987 ut
342 2921 511 2988 scintillam
535 2920 620 3002 spei,
648 2937 719 3002 que
741 2919 775 2984 in
800 2920 906 2986 clerici
955 2915 1180 2997 legatilitteris
1198 2915 1776 2999 1611661661116661111661666116611-

101 3017 244 3084 devotione
258 3023 455 3084 remanserat
469 3016 559 3080 llatus
574 3020 689 3080 exorte
702 3014 906 3095 malignitatis
954 3013 1065 3095 ritam,
1087 3018 1119 3077 61
1140 3012 1283 3093 inanem,
1307 3018 1338 3077 61
1356 3028 1506 3093 expresse
1529 3012 1711 3089 inhibeant,
1735 3028 1777 3079 ue

101 3115 252 3196 extinguat.
270 3116 335 3181 Sed
353 3114 435 3179 absit
450 3114 535 3195 quod
556 3112 616 3178 boc
634 3113 797 3193 negotium
810 3112 906 3179 unius
954 3112 1026 3194 quis
1045 3128 1084 3177 ea
1104 3110 1267 3176 occasione
1286 3117 1452 3191 presumat
1470 3111 1682 3178 ecclesiastica
1694 3111 1778 3177 bona

100 3212 176 3292 611166
190 3214 341 3294 perimat,
356 3230 413 3293 pro
428 3228 491 3295 quo
506 3216 552 3275 tot
570 3216 742 3293 martyrum
756 3210 904 3293 sanguis,
954 3208 1119 3290 invadere,
1145 3206 1195 3271 vel
1220 3206 1348 3272 turbare
1366 3206 1526 3289 quoslibet
1546 3206 1601 3288 qui
1617 3222 1709 3272 secus
1729 3212 1777 3271 at·

100 3310 251 3377 6611611616
267 3311 329 3377 1161
349 3326 426 3376 voce
444 3309 599 3374 indelessa
619 3308 750 3390 clamat,
772 3325 904 3388 616661-
953 3311 1077 3371 1661616
1102 3303 1335 3384 praesumpserit
1355 3321 1373 3368 a
1396 3304 1640 3383 presumptione
1666 3301 1778 3384 hujus-

100 3403 227 3471 11166616
243 3406 353 3488 potius
374 3404 587 3471 ecclesiastica
603 3404 750 3470 libertate
768 3404 903 3487 tuenda,
953 3404 1038 3469 modi
1065 3407 1318 3483 compescentes,
1349 3407 1382 3467 et
1409 3399 1634 3483 compellentes
1662 3401 1775 3466 nibilo-

101 3515 178 3579 quam
199 3520 253 3583 pro
277 3501 401 3583 negotii
426 3500 636 3567 subventione
658 3500 784 3566 vitanda
805 3501 902 3565 duxe·
953 3503 1057 3567 minus
1082 3502 1121 3565 ad
1145 3500 1358 3581 reddendum,
1383 3499 1410 3566 61
1434 3500 1490 3583 qui
1511 3500 1592 3565 forte
1610 3499 1777 3566 occasione

35 3634 36 3641 1
101 3593 155 3659 ritis
171 3598 402 3678 appellandum.
424 3596 654 3678 Regnoscimus
675 3596 850 3680 siqnidem,
874 3601 906 3661 61
950 3598 1101 3681 jamdicta
1126 3596 1293 3679 aliquado
1316 3596 1408 3662 bonis
1430 3596 1653 3663 ecclesiasticis
1681 3614 1776 3661 occu-

35 3684 36 3693 ’
101 3689 225 3777 latemur,
244 3697 333 3779 quod
353 3695 488 3760 ecclesia
506 3693 665 3760 Gallicana
685 3700 755 3774 post
774 3698 902 3775 Aposto·
953 3702 1084 3778 paruut,
1103 3711 1163 3760 nec
1182 3694 1327 3775 impediri
1347 3696 1548 3777 permittant,
1569 3694 1647 3776 quin
1662 3694 1709 3758 illi
1722 3712 1775 3759 vo·

101 3787 176 3855 licam
189 3794 297 3860 sedem
311 3795 469 3876 quoddam
489 3794 586 3858 totius
604 3791 842 3858 Christianitatis
857 3797 906 3857 est
954 3792 1071 3858 luerint
1085 3792 1185 3857 libere
1206 3791 1330 3857 valeant
1351 3792 1391 3856 ad
1414 3798 1552 3857 nostram
1575 3791 1684 3857 venire
1701 3808 1777 3872 prae

103 3888 266 3972 speculum,
300 3894 333 3955 et
358 3890 526 3953 immotum
552 3889 625 3953 lidei
656 3890 903 3970 firmamentum,
954 3888 1104 3970 sentiam,
1120 3905 1288 3970 personas,
1306 3892 1337 3953 et
1353 3887 1435 3953 bona
1450 3904 1576 3971 eorum,
1593 3906 1629 3954 ac
1643 3888 1776 3954 aliorum

105 3989 253 4067 utpoteque
268 3984 437 4050 infervere
450 3984 521 4050 fidei
537 3983 737 4066 Christiane,
753 4002 789 4050 ac
808 3986 904 4049 devo-
954 3988 1140 4053 clericorum
1155 3988 1195 4052 de
1208 3986 1301 4052 dictis
1317 3987 1489 4067 provinciis
1510 3986 1728 4068 defendentes,
1744 3991 1776 4052 et

104 4078 171 4144 bone
185 4081 366 4162 1666161166
381 4080 470 4146 Sedis
487 4097 551 4145 non
567 4080 710 4162 sequitur
723 4080 815 4163 alias,
831 4082 903 4162 sed,
953 4089 1174 4149 conservantes
1197 4082 1309 4164 illaesa,
1336 4084 1550 4149 molestatores
1574 4099 1683 4148 eorum
1708 4082 1774 4147 elii-

106 4180 219 4244 616616
248 4196 360 4245 earnm
390 4193 468 4259 pace
502 4178 697 4259 dixerimus,
727 4178 903 4262 antecedit,
953 4180 1068 4246 6661161
1077 4182 1317 4263 compescendo,
1329 4183 1515 4246 auctoritate
1528 4178 1775 4246 conservationis

106 4272 177 4354 cuius
194 4277 393 4343 devotionem
416 4276 521 4341 verbis
541 4275 692 4340 extollere
710 4276 904 4356 superfluum
952 4277 1143 4361 hujusmodi,
1159 4277 1310 4360 quamdiu
1326 4276 1418 4343 nobis
1431 4277 1595 4360 placuerit,
1610 4278 1770 4342 duratura.

35 4374 36 4379 ’
107 4378 281 4457 reputamus,
300 4391 374 4439 cum
391 4373 432 4438 sit
451 4372 543 4438 claris
562 4371 711 4452 operibus
728 4374 901 4439 manifesta.
952 4376 1098 4441 Firmiter
1121 4376 1258 4458 denique
1280 4375 1420 4455 gerimus
1439 4376 1472 4439 in
1491 4375 1649 4456 proposita
1672 4375 1774 4440 iacere

107 4466 252 4538 intellectis
273 4472 373 4553 igitur
392 4468 628 4551 gravaminibus
648 4470 739 4535 vobis
755 4489 773 4536 a
790 4471 904 4537 dilecto
952 4472 1073 4553 omnia,
1093 4489 1164 4553 que
1185 4488 1241 4551 pro
1265 4471 1510 4536 conservationis
1530 4472 1627 4537 vestri
1645 4471 1774 4537 honoris

108 4562 156 4629 1116
166 4576 266 4635 666116
284 4574 323 4635 R.
346 4569 449 4634 Sancti
463 4568 576 4649 nugati
597 4567 720 4634 diaconi
739 4569 904 4635 cardinalis
952 4569 1668 4637 66616166666661166111666161116666161616
1687 4570 1772 4636 vide·

35 4734 37 4743 ,
108 4660 265 4738 lmsoucae
274 4665 365 4730 Sedis
378 4664 480 4745 legato
493 4681 550 4746 661
560 4664 788 4730 ordinationem
799 4682 904 4747 quam·
952 4667 1051 4733 rimus
1066 4667 1216 4732 iacienda.

35 4836 36 4859 Χ
109 4755 163 4823 lan
176 4763 301 4829 16661116
314 4762 429 4829 editam
444 4763 589 4843 irrogatis
601 4811 610 4844 ,
624 4763 699 4828 tacti
713 4763 820 4830 dolore
835 4780 902 4829 cor·
993 4767 1077 4828 Date
1091 4762 1203 4828 ultimo
1218 4761 1348 4827 Honorii
1362 4765 1406 4828 lll
1420 4761 1618 4843 pontificatus
1633 4778 1724 4827 anno.

588 5135 704 5195 FlNlS
728 5136 831 5195 ΤΟΜΙ
852 5136 999 5205 QUINTI
1026 5138 1074 5194 ΕΤ
1097 5136 1254 5195 burlun.
