3950 6200
300 505 378 567 gum
394 487 458 570 (21,
476 488 542 551 2et
555 484 588 567 3)
614 485 757 548 babetur
768 486 854 564 quod
876 485 1009 547 Nabotb
1033 500 1096 546 no·
1148 488 1182 547 et
1196 486 1346 549 cohaeres
1362 489 1476 549 noster
1486 485 1646 548 cbristus.
1662 483 1709 545 ad
1723 484 1857 548 bocenin
1867 495 1890 551 nl

301 586 364 647 luit
378 585 509 647 vlneam
536 599 629 644 suam
645 582 795 644 converti
816 582 851 643 in
875 583 1007 643 hortum
1023 581 1095 643 ole-
1148 584 1386 647 humiliaretur
1408 585 1517 652 homo,
1534 583 1623 645 dedit
1643 582 1745 655 nobis,
1765 585 1835 645 unde
1851 587 1891 647 de·

303 685 381 754 tum,
394 683 460 743 imo
470 682 578 758 potius
592 680 911 756 elegitmori.Vinee
925 679 989 741 ista
1001 694 1094 739 mens
1148 680 1264 743 bemus
1291 682 1483 756 lrurnilieri3
1507 681 1593 742 unde
1607 681 1688 741 dicit
1699 681 1757 743 lob
1774 682 1827 759 (28,
1838 685 1890 762 al:
1929 663 1931 710 ¹

301 779 447 841 bominis
459 780 511 840 est
520 777 674 840 habentis
686 777 800 838 vinum
816 776 1092 853 compunctionis,
1148 779 1245 850 «Qui
1260 779 1339 840 fecit
1353 779 1462 840 ventis
1473 778 1599 855 pondus
1613 794 1644 838 ›.
1661 781 1829 839 Perventos
1840 783 1892 841 ani-

300 891 400 953 quam
415 876 694 938 diabolusnititur
704 876 898 936 convertere
911 874 946 934 in
961 874 1094 935 hortum
1148 891 1211 936 mae
1226 876 1480 952 intelliguntur;
1501 877 1535 937 et
1553 878 1589 937 ut
1607 890 1674 936 non
1689 879 1890 948 evanescerent,

299 974 440 1046 olerum,
457 973 587 1034 scilicet
601 971 787 1034 carnalium
799 971 1095 1032 deliciarumflaec
1149 971 1228 1035 iecit
1249 974 1409 1034 Dominus
1432 973 1561 1051 pondus
1576 988 1757 1050 corporum,
1772 975 1892 1036 necrtd·
1930 973 1931 976 ’

299 1071 350 1131 est
362 1084 440 1131 caro
460 1069 587 1141 nostre,
601 1083 700 1145 quam
711 1066 865 1129 diabolus
877 1066 1045 1128 convertit
1059 1067 1094 1126 in
1149 1069 1300 1132 lerentur
1315 1070 1349 1131 iu
1364 1070 1566 1147 superbiam,
1587 1071 1675 1132 sicut
1694 1070 1767 1131 tecit
1784 1073 1890 1146 Angelus

299 1166 431 1228 hortum
461 1181 569 1226 suum.
584 1167 650 1226 Per
671 1166 799 1227 lateres
812 1165 1022 1240 peccatorem
1035 1164 1094 1224 in·
1149 1167 1269 1235 malus,
1280 1183 1345 1229 non
1361 1166 1489 1229 habens
1502 1167 1644 1244 pondus.
1659 1168 1748 1228 Unde
1757 1169 1891 1243 drogonus

300 1262 455 1326 duratum
492 1261 757 1334 consuetudine;
794 1264 857 1323 Per
884 1266 1093 1336 sepulcrum,
1149 1264 1231 1327 dicit
1246 1263 1511 1343 (1):‹Animas,
1526 1280 1608 1342 quas
1621 1264 1699 1325 dum
1711 1280 1893 1340 supernagra·

300 1360 387 1438 quod
400 1361 547 1422 continet
561 1359 597 1420 in
606 1375 641 1421 se
656 1358 819 1431 toetorem,
834 1360 868 1420 et
877 1374 1008 1421 vermes
1019 1374 1094 1419 cum
1148 1362 1196 1423 tia
1212 1362 1330 1438 replet,
1347 1362 1540 1424 maturitate
1558 1362 1664 1423 indita
1685 1377 1794 1438 graves
1807 1362 1891 1424 reddit

300 1457 432 1519 ossibus
464 1460 687 1530 mortuorum,
709 1455 945 1532 intelliguntur
966 1458 1095 1517 mentes
1149 1462 1186 1521 ut
1200 1458 1242 1520 ab
1254 1459 1441 1522 intentione
1456 1460 1588 1521 Domini
1603 1475 1671 1520 non
1682 1461 1748 1536 jam
1760 1459 1818 1518 levi
1831 1461 1892 1518 notu

300 1553 474 1616 bominum
495 1553 603 1631 plenae
629 1553 779 1615 sordibus
805 1555 1030 1631 peccatorum.
1049 1554 1095 1614 nt
1148 1555 1315 1619 desiliant.
1326 1557 1387 1619 Vel
1399 1557 1509 1618 ventis
1524 1556 1654 1634 pondus
1668 1556 1783 1625 tacere,
1794 1557 1835 1617 est
1843 1571 1893 1616 con

301 1654 479 1714 dormiunt
504 1656 542 1713 tn
566 1653 728 1725 delubris,
753 1650 982 1712 sacrificantes
995 1650 1095 1712 idolis
1149 1669 1277 1715 cessam
1301 1654 1357 1715 bic
1383 1654 1499 1716 electis
1527 1653 1568 1715 de
1593 1653 1768 1715 virtutibus
1791 1652 1893 1728 glorim

301 1749 382 1810 suis.
399 1748 541 1810 Delubra
566 1749 763 1810 dicuntura
787 1748 938 1820 delendo,
966 1748 1020 1809 vel
1042 1747 1095 1809 di·
1149 1749 1892 1828 permixtainfirmitatatemperare.Quiasancli,

301 1845 434 1907 luendo.
448 1847 544 1908 Multi
560 1847 646 1918 sunt,
660 1845 717 1923 qui
737 1846 907 1908 dormiunt
920 1846 955 1906 in
974 1860 1095 1921 pecca·
1149 1849 1205 1926 qui
1214 1848 1345 1911 levante
1357 1849 1479 1926 spiritu
1491 1849 1531 1910 ed
1543 1864 1691 1925 superna
1703 1847 1858 1924 rapiuntur,
1866 1860 1894 1904 ne

300 1944 442 2016 liscum
468 1946 586 2021 putent
610 1959 707 2020 posse
731 1943 813 2004 dilui
836 1942 1091 2020 perorationes,
1149 1946 1420 2023 eliquaelatione
1434 1945 1641 2023 superbiant,
1660 1944 1895 2021 quibusdanlen-

297 2040 438 2118 jejunia,
456 2044 491 2104 et
502 2040 743 2119 eleemosynas,
765 2039 1014 2103 remanentibus
1027 2040 1095 2101 ido
1147 2043 1329 2104 tationibus
1345 2042 1616 2120 deprimuntur.»
1633 2045 1670 2102 ln
1686 2042 1783 2119 primo
1795 2038 1895 2099 Dacha-

301 2137 344 2198 lis
358 2139 393 2199 in
417 2138 572 2200 cordibus
588 2139 658 2199 suis
674 2155 681 2212 ;
705 2140 737 2200 et
752 2139 801 2200 sic
818 2137 1010 2199 sacrificare
1025 2140 1093 2198 Deo
1147 2140 1295 2201 becorum
1309 2138 1354 2218 (2,
1369 2142 1410 2201 62
1422 2143 1456 2202 et
1468 2141 1522 2220 63)
1540 2161 1547 2199 :
1564 2140 1680 2201 Gloria
1696 2138 1823 2200 hominis
1835 2139 1896 2196 ster·

299 2235 467 2311 videntur,
488 2252 562 2297 cunr
592 2236 783 2298 sacrificent
822 2234 938 2310 idolis,
966 2235 1095 2296 scilicet
1149 2253 1219 2312 cus,
1232 2240 1265 2300 et
1279 2238 1402 2298 vermis
1415 2238 1476 2299 est.
1502 2236 1608 2299 Hodie
1625 2236 1797 2306 extollitur,
1810 2236 1896 2293 etcras

301 2332 445 2395 diabolo.
1149 2350 1215 2395 non
1231 2335 1421 2396 invenietur
1438 2356 1445 2394 :
1462 2335 1541 2411 quia
1555 2350 1738 2396 conversus
1752 2332 1833 2393 estin
1847 2333 1897 2391 ler-

341 2433 620 2503 Dtcct:Dtlestts,
634 2432 667 2494 et
683 2432 746 2503 sitit
762 2434 900 2493 Excolat
912 2430 1095 2502 omnes,·ut
1148 2447 1221 2492 ram
1247 2447 1354 2500 suam,
1383 2433 1416 2493 et
1442 2432 1599 2507 cogitatio
1625 2434 1700 2509 ejus
1724 2429 1819 2506 periit
1839 2427 1896 2485 ‹ut

300 2527 383 2591 dicit
407 2528 586 2605 Apostolus
609 2527 718 2607 (Rom.
746 2529 776 2603 8,
801 2526 852 2606 17)
875 2549 882 2587 ε
908 2527 1095 2589 «Haeredes
1148 2528 1237 2589 sicut
1255 2544 1342 2588 unus
1358 2527 1399 2589 de
1423 2527 1632 2605 principibus
1655 2523 1782 2588 cadetis.
1799 2520 1895 2585 »Unde

302 2625 436 2703 quidem
465 2627 537 2698 Dei,
559 2625 749 2687 cobaeredes
784 2627 894 2687 autem
927 2625 1094 2686 Christi.»
1149 2625 1247 2685 isaiae
1264 2623 1329 2704 (30,
1345 2627 1383 2687 31
1399 2629 1433 2687 et
1445 2624 1697 2703 32):vAvoce
1710 2623 1788 2684 eninr
1801 2617 1896 2681 Domini

301 2722 381 2783 Cum
392 2723 503 2784 autem
519 2722 711 2784 cohaeredes
722 2722 828 2783 simus
843 2722 978 2794 Christi,
991 2724 1095 2784 atten·
1148 2721 1282 2798 pavebit
1293 2723 1500 2798 Assurvirga
1516 2738 1697 2799 percussus
1709 2743 1716 2782 :
1728 2723 1763 2782 Et
1773 2720 1825 2781 erit
1835 2721 1897 2778 tran

302 2817 381 2878 dere
403 2817 571 2889 debemus,
602 2818 765 2895 quomodo
794 2818 835 2879 ad
865 2818 1093 2881 haereditatem
1149 2820 1232 2881 situs
1245 2821 1349 2896 virgae
1365 2819 1531 2891 fundatus,
1553 2835 1655 2896 quam
1667 2819 1851 2896 requiescere
1861 2811 1897 2871 le·

301 2914 453 2991 pervenit
480 2915 642 2976 Christus.
672 2915 887 2976 Humiliando
910 2917 1019 2977 autern
1045 2932 1092 2988 se,
1149 2917 1214 2978 ciet
1229 2918 1389 2978 Dominus
1405 2933 1506 2994 super
1516 2932 1602 2977 eum.
1620 2935 1641 2976 s
1655 2909 1897 2986 assunidestdla·

301 3010 458 3074 obediens
482 3012 589 3074 sactus
612 3013 705 3072 Patri
739 3029 845 3090 usque
871 3012 912 3073 ad
941 3015 1091 3085 mortem,
1147 3013 1255 3084 bolus,
1272 3015 1304 3077 et
1323 3014 1471 3076 membra
1491 3016 1577 3091 ejus,
1601 3013 1736 3091 pavebit
1756 3013 1786 3072 in
1806 3009 1896 3072 tuturo,

301 3111 438 3171 mortem
461 3111 572 3171 autern
591 3111 702 3172 crucis
723 3107 836 3190 (Phil,
853 3112 884 3185 2,
900 3108 946 3190 8),
963 3112 1004 3172 ad
1020 3127 1093 3172 eam
1149 3113 1226 3189 quia
1241 3113 1446 3189 percutietur
1460 3113 1567 3188 virge,
1584 3112 1674 3175 idest
1687 3111 1803 3173 ultione
1810 3103 1897 3185 judicii

300 3208 463 3285 pervenit,
479 3209 515 3270 ut
527 3208 559 3269 et
571 3222 632 3269 nos
648 3223 707 3284 per
717 3208 950 3280 humilitatem,
963 3210 996 3270 et
1009 3225 1095 3269 mor·
1148 3209 1225 3285 Dei;
1251 3213 1346 3287 quus
1367 3210 1528 3271 transitus
1554 3210 1663 3285 virgae
1686 3209 1748 3270 erit
1769 3204 1896 3271 fundatus,

300 3305 343 3366 tis
358 3306 591 3367 sustinentiam
611 3305 839 3367 haereditatem
864 3322 938 3366 curn
959 3321 1000 3366 eo
1022 3305 1096 3366 adi·
1149 3308 1227 3383 quia
1243 3308 1329 3369 sicut
1345 3307 1400 3368 hic
1416 3306 1605 3369 voluntarie
1621 3323 1704 3368 usus
1718 3307 1765 3366 est
1777 3297 1898 3365 creaturis

299 328 360 394 98³
730 327 764 388 S.
786 324 961 390 ANTONII
989 325 1177 387 Pauualll
1205 327 1344 389 OPERA
1369 325 1516 388 OMNIA.
1850 331 1890 395 ill

300 3403 480 3479 piscamur.
501 3402 692 3465 «Ascendit
715 3419 816 3479 super
829 3419 986 3465 occasum
1001 3425 1009 3464 ε
1024 3405 1093 3465 Do·
1149 3405 1190 3464 ad
1206 3404 1446 3480 deceptionem,
1463 3404 1512 3465 sic
1525 3405 1590 3466 erit
1602 3404 1651 3464 ibi
1667 3404 1707 3465 de
1720 3417 1807 3479 poena
1818 3400 1845 3457 in
1855 3410 1899 3472 pc
1930 3394 1931 3397 ’

300 3500 411 3561 minus
424 3516 545 3562 nornen
558 3500 609 3560 illi
625 3500 729 3580 (Peal.
745 3504 797 3575 67,
813 3499 863 3579 5);
879 3502 912 3562 et
926 3501 1002 3563 ideo
1016 3501 1093 3577 glo·
1148 3517 1227 3562 nam
1243 3498 1399 3562 fundatus
1415 3502 1488 3563 sine
1504 3501 1581 3569 tine,
1597 3502 1682 3578 guia
1696 3500 1777 3577 ignis
1789 3494 1900 3559 inertiu-

299 3596 448 3659 rillcatus
469 3599 522 3660 est
544 3599 579 3659 in
602 3599 857 3671 resurrectione,
872 3597 905 3659 et
926 3598 1094 3660 exaltatus
1149 3598 1286 3675 guibilis
1308 3598 1469 3676 pugnabit
1487 3602 1603 3662 contra
1627 3599 1794 3661 materiam
1810 3596 1898 3654 incon

301 3694 335 3754 in
348 3682 545 3757 ascensione
560 3716 568 3754 ε
585 3694 672 3757 unde
684 3694 815 3771 oportet
828 3710 889 3756 nos
905 3696 1093 3771 passionem
1149 3696 1373 3774 sumptibilem
1389 3698 1612 3774 peccatorum,
1630 3696 1665 3758 et
1679 3697 1772 3758 istam
1787 3689 1899 3768 regula

301 3793 374 3868 eJus
393 3792 518 3854 imitari
535 3808 639 3869 usque
660 3792 700 3854 ad
719 3792 871 3866 mortem,
895 3793 923 3853 sl
943 3793 1094 3855 volueri·
1149 3809 1226 3855 cere
1254 3793 1355 3855 reciet
1380 3794 1540 3855 Dominus
1568 3810 1672 3870 super
1699 3808 1779 3862 eum,
1802 3782 1898 3865 quando

300 3902 374 3949 mus
390 3904 464 3950 esse
476 3890 541 3951 Dii.
1150 3891 1257 3953 sancti
1267 3890 1464 3952 exultabunt
1474 3892 1509 3951 in
1522 3890 1642 3965 gloria.
1652 3892 1713 3953 Vel
1725 3890 1770 3950 sic
1780 3890 1899 3949 :rivolo

341 3987 498 4061 Sequitur
514 4009 521 4046 :
544 3991 607 4048 Vos
621 3986 738 4049 aulem
753 3987 844 4048 sicut
858 3990 1013 4050 tornines
1026 4003 1095 4049 mo
1150 3987 1238 4049 enim
1262 3988 1394 4050 Domini
1408 3987 1542 4064 pavebit
1555 3992 1663 4050 Assur
1683 3989 1775 4062 virga
1793 3992 1898 4060 percls-

299 4083 453 4155 rlcmtnt,
469 4084 504 4145 et
523 4084 613 4145 sicut
631 4099 722 4145 unus
742 4086 784 4145 dc
798 4088 1015 4158 prirvctptbus
1031 4101 1093 4147 cc·
1149 4101 1218 4157 sus,
1230 4087 1292 4146 etc.
1310 4102 1339 4156 ›‚
1352 4084 1486 4162 pavebit
1502 4090 1616 4156 Assur,
1634 4084 1782 4146 diabolus
1795 4073 1898 4141 scilicet,

299 4180 397 4241 detis.
421 4182 458 4241 In
477 4179 647 4260 Luca(10‚
666 4181 717 4260 18)
742 4181 886 4244 dicitur:
903 4181 1094 4244 «Videbam
1149 4184 1181 4244 et
1207 4182 1354 4244 membra
1381 4186 1455 4259 ejus
1483 4182 1518 4243 in
1547 4182 1661 4243 tuturo
1688 4198 1696 4242 :
1723 4181 1755 4242 et
1777 4171 1900 4239 transitus

299 4277 451 4339 satanam
473 4278 561 4340 sicut
580 4278 693 4355 lulgur
715 4278 755 4340 de
777 4278 862 4340 coelo
877 4279 1094 4341 cadentem.»
1149 4280 1264 4355 virgae,
1285 4279 1371 4341 idest
1392 4279 1564 4356 percussio
1587 4279 1727 4342 ultionis
1747 4278 1857 4338 aetarnae
1871 4266 1900 4327 dt

299 4375 413 4437 Gloria
428 4376 622 4453 temporalis
637 4378 850 4452 comparatur
862 4375 998 4452 fulguri,
1016 4377 1093 4454 quia
1147 4377 1313 4438 tormento
1326 4377 1362 4437 in
1377 4377 1578 4439 tormentum
1590 4378 1771 4445 transiens,
1785 4371 1837 4433 erit
1846 4365 1901 4425 tun·

299 4487 378 4534 caro
394 4472 540 4550 disparet
554 4473 595 4534 ad
611 4475 743 4535 modum
758 4472 911 4550 fulguris.
1149 4473 1257 4545 datus,
1271 4490 1339 4535 non
1353 4474 1579 4535 transitorius.
1596 4476 1644 4536 De
1659 4475 1723 4534 hoc
1743 4473 1776 4532 in
1794 4458 1901 4530 psalmis

244 4582 264 4609 ⁸·
340 4569 529 4631 Cavendum
544 4572 595 4633 est
608 4586 700 4647 ergo,
716 4587 759 4632 ne
782 4587 841 4649 per
863 4572 997 4633 inanem
1013 4571 1093 4647 glo·
1149 4569 1780 4650 (80,16):«Eterittempuseorumin
1798 4558 1898 4625 saculi,

300 4666 386 4727 riam
401 4666 569 4739 cadamus,
583 4683 641 4744 per
651 4660 749 4745 quam
761 4669 1091 4743 cecideruntllngeli,
1147 4667 1236 4731 idest
1260 4669 1403 4731 variatio
1432 4684 1605 4746 poenarum
1634 4666 1682 4749 (2)
1710 4667 1831 4732 aeterna,
1846 4654 1901 4733 qnia

300 4780 375 4826 curn
396 4763 500 4825 simus
524 4765 716 4827 cohaeredes
744 4765 879 4837 Christi,
904 4769 937 4828 et
961 4767 1094 4828 Excelsi
1148 4766 1338 4828 transibunt
1363 4766 1403 4828 de
1427 4766 1545 4828 calore'
1568 4765 1697 4842 ignium
1725 4763 1763 4826 ad
1788 4759 1900 4833 algorem

301 4861 373 4935 tilii,
387 4863 443 4924 sed
459 4878 519 4940 per
530 4862 993 4937 humilitatemascendamus,
1008 4864 1095 4925 sicut
1149 4864 1288 4926 nimium
1309 4863 1368 4946 (3).
1385 4867 1518 4937 «Quam
1537 4864 1749 4942 requiescere
1762 4855 1903 4921 tacietbo

350 5012 377 5082 1)
393 5012 503 5075 lloral..
520 5011 567 5069 lib.
581 5013 650 5070 xlx
665 5012 693 5068 iu
709 5027 771 5083 cap.
788 5012 823 5069 28
835 5011 899 5079 lob,
912 5027 940 5069 n.
954 5013 972 5071 8
987 5021 1016 5071 et
1030 5013 1058 5071 9.
1148 5014 1242 5071 citur:
1260 5015 1295 5071 El
1308 5029 1399 5086 usque
1414 5013 1450 5071 ed
1467 5013 1572 5071 interos
1595 5021 1743 5085 peccatum
1758 5008 1832 5091 itlius
1848 5004 1902 5059 Sili

350 5084 378 5153 2)
395 5085 521 5143 Varlelio
541 5098 691 5155 poenarum
714 5092 831 5140 aeterria.
856 5084 955 5141 Glossa
979 5084 1040 5140 ord.
1065 5085 1094 5139 in
1150 5085 1407 5143 Ven.Bedalib.ll
1423 5085 1554 5157 incepi
1569 5078 1900 5156 lobeitzouasrdutetl·

300 5154 368 5211 illud
381 5154 486 5211 Psalmi
496 5155 611 5211 tibulli
620 5154 674 5210 erit
685 5160 797 5225 ternpus
806 5168 905 5210 eorum
917 5155 945 5210 in
953 5155 1057 5211 saeculn
1069 5177 1092 5223 ι,
1150 5155 1261 5211 bennae
1282 5157 1310 5212 S.
1330 5155 1383 5213 lob
1402 5154 1496 5212 dicere
1518 5153 1638 5222 videtur,
1659 5155 1745 5227 ignis,
1763 5158 1790 5207 et
1808 5146 1900 5227 iuguli

300 5225 387 5281 trebel
402 5240 409 5280 :
427 5224 553 5281 variatio
568 5238 666 5281 eorum
683 5239 733 5296 per
746 5239 855 5296 poenes.
1149 5240 1199 5297 per
1217 5240 1289 5297 quas
1314 5224 1459 5294 diabolus,
1486 5225 1646 5294 hereticus,
1671 5233 1699 5281 et
1725 5224 1805 5279 bomo
1826 5222 1901 5296 vulti*

337 5294 378 5365 (3)
394 5293 437 5351 Ad
453 5294 580 5366 algorem
596 5295 726 5351 nimium.
739 5293 809 5371 lllud
824 5294 876 5353 lob
891 5294 935 5361 it,
951 5295 984 5352 19
999 5310 1005 5349 :
1021 5318 1032 5346 ‹
1051 5294 1094 5352 Ad
1149 5303 1371 5354 commutetur...
1388 5296 1443 5353 Sed
1458 5297 1482 5353 si
1496 5295 1631 5369 gebenna
1645 5288 1830 5353 tantummodo
1846 5299 1852 5338 1
1877 5292 1901 5360 ,Β

301 5366 421 5423 nimium
437 5364 560 5422 calorem
581 5373 706 5423 transeat
721 5365 756 5422 eb
775 5366 857 5437 aquis
871 5366 991 5434 nivium,
1008 5365 1094 5494 111(ὲυί
1148 5375 1202 5433 est,
1217 5365 1288 5424 torte
1305 5367 1409 5439 inipso
1426 5368 1490 5423 talis
1503 5381 1606 5424 sensus
1619 5367 1790 5424 cruciamen
1804 5352 1899 5415 uerus

300 5442 456 5508 exponunt,
473 5437 501 5492 in
523 5437 563 5493 uit
578 5437 714 5509 Lyrenus,
730 5436 767 5493 de
782 5451 865 5508 poena
880 5436 1033 5509 gehenne,
1070 5438 1093 5492 i·
1169 5438 1197 5493 ui
1214 5438 1242 5493 iu
1262 5453 1294 5494 ea
1311 5438 1525 5510 torquebuntur,
1540 5444 1571 5493 ut
1591 5451 1666 5495 nunc
1680 5435 1760 5507 quasi
1778 5433 1899 5505 igneruti-

300 5505 515 5578 cenles,quodr
537 5507 601 5563 iesl
616 5506 747 5579 quedem
759 5508 944 5564 commutatio
958 5506 994 5564 de
1006 5509 1094 5565 inaxi—
1149 5452 1262 5565 gentem
1284 5509 1419 5576 sentient,
1435 5523 1511 5565 nunc
1530 5508 1611 5565 nimii
1632 5507 1739 5579 algoris
1757 5495 1899 5582 incendunt

301 5590 349 5632 rno
364 5575 471 5649 frigore
489 5575 526 5633 ad
545 5578 701 5634 maximum
717 5576 880 5634 incendium
902 5577 938 5635 ed
955 5579 1094 5651 majorem
1148 5587 1177 5636 et
1196 5580 1317 5651 poenalis
1330 5579 1515 5636 commutatio
1537 5593 1613 5638 nunc
1633 5577 1724 5650 lrigus
1739 5564 1899 5644 sentientiam

302 5645 484 5704 afflictionem
497 5660 506 5717 ;
519 5653 548 5705 et
559 5662 684 5721 sequens
697 5648 789 5706 littera
802 5648 966 5717 concordat,
979 5664 1045 5707 oum
1055 5649 1096 5706 di·
1149 5664 1225 5708 nunc
1246 5651 1380 5719 calorem,
1401 5649 1482 5724 quasi
1503 5648 1618 5709 deloco
1635 5648 1669 5708 ad
1691 5649 1781 5707 locum
1798 5640 1901 5700 tillim
