3950 6200
102 220 170 335 25·
737 252 1070 321 carmennum.
1096 254 1136 312 x.
1715 252 1756 312 20
1827 339 1831 343 ¹

105 430 274 493 institutus
290 429 405 493 fuerit
416 429 522 508 prior,
538 425 619 488 illud
638 436 769 500 semper
782 419 910 481 hahea—
965 428 1010 474 na
1033 413 1082 473 eis
1104 411 1220 488 gravia
1244 411 1277 477 et
1300 412 1443 490 injurias
1468 412 1640 488 irrogavit.
1664 413 1758 475 Unde

106 530 191 592 11616
206 530 341 600 mente,
358 529 395 589 et
409 525 550 588 servetis
560 525 595 584 in
611 536 720 600 opere,
741 518 825 595 6661
841 519 910 577 116-
966 510 1073 571 dictus
1086 509 1336 586 661666666116,
1352 510 1494 586 aliisque
1508 510 1549 571 16
1564 510 1673 571 666616
1689 510 1759 587 plu-

108 627 210 688 niuus
225 626 277 686 ait
292 626 333 685 in
357 624 544 700 Evangelio
561 645 568 682 :
583 621 785 693 Quicumque
796 614 913 677 66166-
966 605 1058 667 ribus
1073 606 1270 675 manifestis,
1286 606 1321 666 in
1334 622 1421 678 eum,
1438 605 1595 678 fautores,
1615 608 1758 684 compli-

110 725 247 786 ritinter
268 739 336 783 vos
352 725 466 798 major
489 735 563 781 esse
579 719 693 786 frater,
719 714 782 776 erit
802 713 912 773 uester
965 720 1032 774 ces,
1047 706 1080 764 et
1092 703 1329 780 participantes
1340 702 1604 780 eidem,prctulit
1618 722 1757 767 excom-

112 822 285 883 miuister:
305 822 342 882 et
363 820 565 896 quicumque
587 813 732 875 voluerit
753 812 912 872 intervos
965 800 1199 862 munIcationis
1226 801 1434 873 senteutiam,
1460 818 1533 878 quae
1559 803 1758 864 auctoritate

114 920 235 997 primus
250 933 343 990 0330,
360 917 427 977 erp
440 916 690 976 vestepsepvus,
966 898 1155 973 1666161166
1181 897 1291 959 extitit
1323 899 1529 974 postmodum
1563 899 1756 975 approbata.

969 994 1032 1054 Sed
1055 994 1127 1069 1666
1148 994 1306 1071 tanquam
1321 996 1485 1071 peccator,
1503 997 1560 1073 661
1575 997 1760 1059 contemnit

429 1087 506 1148 Car.
520 1084 606 1144 XVI.
967 1093 1141 1168 postquam
1163 1092 1198 1152 in
1221 1091 1420 1167 profundum
1440 1092 1563 1153 labitur
1588 1094 1756 1167 vitiorum,

149 1217 217 1275 vos
233 1228 384 1291 quoque,
401 1209 514 1272 caetepi
527 1206 659 1273 fratres,
673 1203 817 1280 priorem
832 1214 912 1261 ves.
966 1188 1114 1249 eamdem
1143 1189 1341 1250 sententiam
1378 1189 1510 1265 penitus
1537 1190 1756 1266 vilipendens,

118 1315 199 1375 16616
213 1309 385 1372 honorate
402 1306 573 1368 humiliter
594 1325 601 1363 :
621 1301 787 1363 Christum
804 1298 912 1375 potius
966 1284 1007 1346 de
1030 1285 1199 1347 redeundo
1214 1286 1256 1346 ad
1275 1285 1468 1347 mandatum
1493 1286 1661 1359 Ecclesiae,
1683 1304 1758 1350 cum

119 1409 313 1485 cogitantes,
332 1422 432 1484 quam
456 1404 574 1481 ipsum,
603 1400 660 1477 qui
686 1397 796 1476 posuit
820 1395 912 1456 illum
967 1382 1077 1443 ablata
1105 1382 1262 1452 detineat,
1291 1386 1323 1444 61
1354 1383 1395 1444 16
1420 1383 1549 1444 damnis
1569 1384 1602 1445 et
1625 1385 1759 1461 injuriis

121 1521 215 1584 super
230 1505 345 1582 capita
359 1503 484 1565 vestra,
501 1502 540 1561 Et
556 1497 772 1561 ecelesiarum
788 1507 913 1571 praepo.
967 1480 1092 1540 nullam
1108 1479 1369 1541 satisfactionem
1388 1480 1596 1557 impenderit,
1616 1498 1683 1543 non
1704 1484 1760 1544 vi-

119 1605 186 1666 sitis
200 1602 317 1673 etiam,
331 1602 380 1663 ait
395 1621 402 1659 ε
417 1600 478 1671 Qui
500 1613 560 1659 666
575 1595 678 1667 66111,
693 1609 746 1655 me
760 1591 863 1662 audit,
879 1591 913 1651 61
966 1577 1062 1639 detur
1086 1577 1185 1639 etiam
1209 1579 1369 1653 COgitaPe·
1389 1580 1432 1639 Ut
1454 1580 1564 1640 autem
1589 1578 1629 1639 de
1652 1580 1760 1642 salute

119 1702 245 1779 quivos
258 1699 399 1775 spernit,
416 1712 469 1757 me
483 1695 620 1772 spernit,
637 1693 674 1754 ut
688 1707 754 1752 non
769 1688 912 1750 veniatis
966 1691 1027 1736 sua
1052 1675 1139 1735 idem
1161 1676 1326 1736 excitatus
1350 1691 1370 1735 a
1396 1674 1491 1736 nobis
1514 1676 1759 1754 recogitatum

121 1798 151 1857 tn
161 1795 328 1873 judicium
346 1795 387 1855 (ιθ
402 1792 601 1867 contemptu,
619 1788 676 1848 sed
698 1787 739 1848 de
753 1784 913 1846 ohedien-
965 1788 1025 1849 per
1037 1772 1244 1848 septennium
1259 1771 1410 1848 despexit
1422 1773 1620 1834 sententiam
1635 1790 1758 1852 supra-

119 1896 162 1956 fia
176 1890 468 1954 mereaminivitae
483 1890 616 1951 aetgrnae
630 1883 826 1947 mercedem,
966 1869 1098 1941 dictam,
1124 1868 1319 1929 (118016110ῃὶ
1339 1869 1470 1939 Vesbfae,
1501 1870 1563 1929 610.
1591 1870 1757 1947 Pl'aeciplt,

156 1994 234 2052 flaec
253 1989 403 2050 breviter
413 1986 617 2063 scripsimus,
633 1983 727 2045 vobis
740 1995 913 2042 conserva.
966 1969 1003 2027 ut
1017 1967 1124 2043 ipsum
1141 1966 1256 2027 diebus
1267 1966 1360 2027 festis
1375 1966 1513 2027 solemni
1527 1967 1595 2028 ritu
1610 1966 1759 2028 fidelium

121 2089 219 2150 116616
233 2088 356 2148 vestrae
372 2083 548 2145 formulam
571 2080 763 2150 statuentes,
787 2092 911 2139 secuu—
966 2064 1196 2125 00ffl11111ssi⁰ss0
1211 2063 1388 2139 depellant,
1406 2078 1445 2124 ³0
1467 2064 1689 2140 principatum
1708 2080 1760 2126 sa·

123 2188 193 2248 dum
206 2201 306 2262 quam
322 2183 436 2244 vivere
462 2180 619 2241 debeatis,
647 2180 682 2238 Si
708 2177 782 2254 quis
802 2176 912 2235 autem
966 2162 1033 2222 cris
1062 2161 1272 2223 interdicant.
1298 2161 1416 2222 Datum
1432 2162 1546 2234 Reate,
1561 2163 1607 2223 III
1622 2162 1755 2224 kalend.

124 2298 217 2360 super
230 2279 433 2356 erogaverit,
447 2281 518 2354 1666
534 2276 692 2338 Dominus
713 2289 788 2334 cum
802 2272 914 2333 66116-
965 2258 1137 2331 februarii,
1155 2274 1243 2320 anno
1259 2257 1398 2320 decimo·

125 2381 175 2452 rit,
199 2377 315 2440 reddet
342 2377 385 2438 61.
415 2377 534 2437 Utatur
560 2374 672 2434 tamen
697 2369 910 2436 discretione,

127 2494 192 2555 6666
205 2477 367 2537 virtutum
383 2474 436 2536 est
449 2472 663 2533 moderatrix.
765 2502 768 2509 ·
1224 2466 1228 2481 ι
1314 2491 1417 2578 XCV

159 2577 206 2635 Ex
232 2574 360 2644 achon,
391 2571 466 2631 idus
481 2568 641 2647 januarii,
668 2581 756 2628 6666
781 2564 912 2626 Domini

128 2672 296 2733 666666,
337 2690 340 2695 »
966 2644 1018 2703 Ad
1027 2641 1181 2703 abactam
1190 2644 1231 2702 16
1244 2641 1419 2714 Iosophat,
1432 2642 1712 2702 archidiaconum
1724 2642 1760 2702 et

1109 2741 1339 2801 subdecanum
1353 2739 1611 2800 carnotensem.

456 2889 578 2977 XCIV
1227 2868 1259 2924 lc
1270 2865 1403 2925 februarii
1419 2868 1498 2925 1116.

129 3046 175 3107 Aa
198 3046 436 3108 Nicomnsem
460 3041 494 3103 et
508 3041 757 3102 mmmmm
784 3038 914 3099 arem
987 2992 1108 3056 [liegest.,
1123 2991 1169 3041 lib.
1183 2992 1215 3050 Χ,
1233 2990 1307 3055 epist.
1327 2991 1382 3041 als.
1394 2991 1451 3040 1166.
1463 2992 1500 3040 La
1519 2990 1593 3040 Porta
1603 2990 1637 3041 16
1648 2990 1744 3056 rheti]

169 3146 327 3219 piscopos
350 3141 386 3202 et
406 3139 561 3201 abbatem
575 3138 705 3199 Montis
731 3135 861 3197 666666,
1037 3120 1062 3175 1.
1079 3117 1188 3191 regine
1201 3116 1343 3189 quondam
1353 3117 1479 3174 Francia
1490 3117 1606 3175 tutelam
1620 3117 1691 3189 ipsis

388 3271 423 3328 30
431 3267 556 3343 ianuarii
569 3267 647 3325 1116.
1280 3205 1442 3263 committit.

1007 3323 1186 3395 Honorius,
1201 3323 1276 3393 616,
1296 3323 1426 3384 11166116
1447 3322 1562 3384 filiis...
1588 3322 1700 3384 abbati
1718 3323 1760 3386 de

267 3387 769 3461 ffl⁸ffl⁸¹d’3¹¹¹¹·⁸d³⁰¹¹·¹²²⁶’⁵⁵⁷¹]
966 3421 1165 3496 iosaphat...
1198 3420 1444 3492 archidiacono,
1471 3421 1540 3482 61...
1573 3419 1761 3482 subdecano

128 3513 174 3570 ffis
187 3511 305 3570 mundat
320 3517 352 3569 ut
365 3509 498 3567 comitem
514 3507 717 3579 Tripolitanum
737 3504 837 3561 diebus
851 3501 914 3562 16611
968 3517 1174 3588 carnotensi,
1191 3517 1344 3588 salutem,
1362 3520 1424 3579 etc,

160 3601 278 3659 solemni
296 3601 351 3656 ritu
371 3597 496 3655 fidelium
510 3594 713 3652 communione
725 3592 867 3666 depellant
881 3607 915 3649 ac
1008 3616 1100 3676 Licet
1121 3614 1318 3690 Apogtffljcae
1348 3614 1442 3674 sedis
1467 3613 1666 3690 benignitas,
1683 3615 1759 3682 etc„

160 3695 347 3792 ΡΠῙῙΟῬΨΠ)
361 3701 452 3744 ⁵⁸⁰⁸⁸
465 3683 644 3742 mmmm·
968 3714 1006 3774 61
1021 3715 1117 3786 cana
1137 3725 1244 3784 66666
1259 3711 1490 3788 promptiores.
1510 3710 1604 3771 Unde
1622 3711 1761 3772 66616-
1787 3703 1789 3706 ’

164 3778 417 3851 H⁰n⁰r¹¹¹⁸’⁰t⁰·
967 3810 1112 3872 rationis
1152 3809 1327 3881 fervorem,
1370 3824 1466 3886 quem
1509 3808 1682 3869 carissima
1726 3808 1761 3868 in

164 3916 280 3975 Comes
298 3908 536 3987 Tripolitanae,
560 3907 616 3983 661
642 3922 701 3984 666
721 3904 863 3966 11666616
883 3905 916 3965 61
969 3907 1099 3969 Christo
1130 3905 1200 3966 filia
1232 3909 1347 3967 nostra
1377 3909 1421 3978 1.,
1446 3905 1611 3982 quondam
1643 3906 1762 3981 regina

128 4012 227 4072 666116
249 4008 444 4071 excessibus
459 4005 530 4067 suis
545 4004 586 4065 61
604 4005 697 4065 illum
713 4002 848 4064 deberet
861 4002 916 4062 in·
968 4007 1172 4065 Francorum
1187 4003 1338 4074 illustris,
1356 4003 1472 4063 relicta
1494 4002 1625 4079 inclytae
1644 4018 1761 4063 recor-

128 4109 242 4170 tuitum
255 4106 397 4181 erigere,
412 4120 476 4180 666
491 4101 702 4178 respiciente,
724 4102 841 4162 Petrus
861 4099 915 4160 le·
969 4100 1113 4162 dationis
1129 4101 1275 4176 Philippi
1295 4100 1384 4176 regis
1408 4100 1559 4161 Franeiae
1580 4100 1621 4159 ad
1646 4115 1763 4161 sacro·

129 4205 214 4281 gitur
233 4206 269 4264 in
294 4217 429 4264 amaras
446 4201 610 4276 lacrymas
625 4197 804 4269 effluxisse,
821 4196 916 4272 gravi
969 4200 1309 4260 sanetamRomanam
1321 4197 1499 4259 Ecclesiam
1509 4197 1646 4257 matrem
1654 4213 1760 4266 suam,

130 4302 294 4363 demersus
306 4299 484 4362 oblivionis
500 4312 627 4367 somno,
644 4298 676 4356 61
690 4294 776 4356 16166
789 4310 849 4372 666
862 4309 918 4356 vc·
970 4297 1002 4357 et
1015 4311 1077 4357 nos
1099 4296 1189 4372 ipsos
1204 4295 1326 4356 habere
1355 4295 1569 4370 dignoscitur,
1587 4293 1763 4355 attenden-

131 4401 274 4476 raginem
305 4394 549 4472 desperationis
573 4392 759 4468 absorptus,
790 4392 916 4452 nullam
969 4382 1130 4466 166616,
1159 4408 1266 4466 arsque
1289 4393 1464 4453 viduarum
1491 4391 1671 4467 specialem
1697 4391 1763 4453 sibi

132 4497 252 4573 recipit,
266 4511 340 4557 cum
354 4507 533 4570 percussus
545 4506 611 4552 non
624 4489 746 4556 doleat,
764 4489 917 4565 11661611·
970 4490 1111 4565 gratiam
1136 4489 1342 4560 exhibentes
1367 4503 1543 4564 personam
1570 4505 1663 4549 suam
1688 4506 1762 4551 cum

135 4609 213 4653 nam.
227 4590 430 4660 idemenim,
444 4589 532 4650 inter
545 4587 631 4648 alios
644 4590 716 4663 ejus
731 4586 917 4661 divulgatos
971 4586 1123 4648 omuibus
1147 4586 1254 4658 bonis,
1272 4590 1347 4657 616,
1370 4601 1477 4659 cuque
1500 4586 1709 4663 suscipimus,
1730 4589 1764 4649 et

136 4705 293 4761 excessus,
308 4687 518 4750 Antiochiam
531 4687 565 4747 61
578 4685 723 4747 castrum
741 4685 918 4745 Antioche·
971 4685 1211 4745 communimus
1259 4683 1465 4760 patrocinio,
1505 4684 1620 4761 scripti
1656 4684 1763 4745 nostri

137 4802 218 4860 num,
233 4787 318 4865 quod
338 4784 499 4846 fratribus
521 4782 696 4859 hospitalis
717 4782 916 4858 Hierosoly·
970 4782 1154 4843 districtius
1169 4781 1368 4853 inhibentes
1383 4781 1513 4857 nequis
1527 4782 1562 4841 in
1577 4783 1693 4857 ipsam,
1708 4782 1763 4843 vel

138 4886 243 4947 mitani
279 4882 531 4945 custodiendum
560 4880 685 4942 dimisit
716 4878 917 4941 venerabilis
970 4881 1093 4940 terram
1141 4880 1213 4955 6166
1242 4878 1314 4939 6166
1341 4876 1527 4949 manifesta,
1553 4878 1627 4949 616,
1655 4893 1762 4952 osque

73 5027 90 5044 .
139 4980 231 5044 166166
256 4983 370 5042 666166
397 4977 596 5039 albanensis
619 4978 805 5054 episcopus,
838 4979 917 5037 tunc
970 4975 1131 5051 requirat.
1167 4975 1215 5036 Ad
1255 4975 1327 5036 haec
1355 4974 1503 5050 ejusdem
1534 4975 1648 5050 scripti
1676 4990 1760 5036 anc-

75 5091 79 5102 ·
140 5078 324 5154 spostolicae
340 5075 436 5138 Sedis
451 5076 590 5151 legatus,
604 5075 637 5136 et
650 5074 782 5134 domum
796 5089 916 5150 quam·
969 5072 1104 5134 toritate
1135 5072 1290 5132 duximus
1327 5072 1574 5147 indulgendum,
1606 5073 1642 5132 ut
1668 5072 1697 5133 si
1725 5089 1762 5136 66

141 5174 215 5248 dam,
230 5191 329 5254 quam
343 5174 408 5250 ipsi
422 5171 546 5234 habent
568 5171 655 5249 apud
669 5171 840 5247 Tripolim,
857 5186 917 5231 ca·
971 5169 1114 5231 senserit
1141 5169 1176 5229 in
1203 5169 1315 5246 aliquo
1335 5169 1539 5246 praegravari
1569 5168 1669 5231 liceat
1698 5170 1762 5232 sibi

143 5271 223 5347 pisus
233 5272 407 5342 violenter,
431 5268 524 5330 rabie
539 5268 723 5344 concitatus
740 5266 915 5339 diabolica,
971 5266 1013 5327 ad
1048 5266 1166 5327 Sedem
1201 5266 1424 5342 apostolicam
1455 5264 1635 5341 appellare.
1673 5268 1763 5339 Quo-

141 5368 368 5446 unumoxipsis
380 5365 558 5434 excoriari,
570 5365 727 5436 etalium,
739 5364 914 5437 utdicitur,
970 5364 1060 5424 circa
1090 5363 1295 5425 'discretioni
1327 5364 1448 5424 vestrae
1480 5377 1539 5438 per
1573 5364 1763 5439 apostolica

142 5467 236 5528 occidi
247 5465 335 5537 fecit,
350 5464 471 5542 praeter
485 5462 519 5523 11
541 5461 627 5539 6661
644 5460 839 5537 quibusdam
854 5476 916 5522 66·
971 5460 1095 5537 scripta
1107 5460 1314 5531 mandamus,
1332 5460 1493 5535 quatenus
1507 5459 1658 5534 reginam
1675 5478 1762 5540 prae-

141 5577 205 5625 rum
218 5562 395 5626 crudeliter
408 5561 442 5622 61
455 5559 629 5621 inhoneste
647 5558 808 5631 tractatis,
823 5558 917 5620 dam·
970 5556 1072 5620 fatam
1088 5572 1154 5619 non
1169 5555 1368 5634 permittatis
1383 5556 1498 5618 contra
1510 5557 1759 5635 protectionem,
