3950 6200
1756 184 1763 189 ’
1818 219 1873 280 mc

238 213 298 275 195
634 238 640 249 ·
673 211 728 271 AD
750 212 887 272 OPERA
909 212 942 271 S.
966 210 1185 273 FRANCiSCi
1208 212 1435 277 assistatis

233 373 302 434 lius
316 369 471 455 introire,
489 369 655 431 sarcinam
676 370 818 431 terrenae
834 368 1028 432 substantiae
1083 372 1234 448 sumpsit,
1256 374 1293 435 ut
1313 374 1495 436 lucentium
1514 386 1651 452 operum
1672 375 1876 439 documentis

229 470 400 548 deposuit,
416 483 451 529 se
466 466 516 528 iili
532 465 753 537 conformans,
771 466 827 543 qui
842 481 917 527 cum
934 467 1028 528 dives
1083 468 1225 531 humiles
1237 470 1420 537 attraheret
1433 471 1473 532 ad
1487 468 1641 548 gratiam,
1658 476 1692 535 et
1705 475 1877 550 protervos

228 570 334 638 esset,
351 580 411 643 pro
433 563 527 624 nobis
542 562 649 623 factus
666 564 718 624 est
731 578 869 639 pauper,
887 579 1028 642 eamque
1082 581 1102 625 a
1118 567 1228 627 noxiis
1241 568 1427 630 retraheret
1443 569 1648 639 excessibus,
1665 570 1752 632 dura
1770 572 1878 634 incre-

230 663 403 741 disperslt,
420 661 510 721 dedit
524 659 735 736 pauperibus,
757 661 793 721 ut
810 660 859 720 sic
873 663 1029 738 tjusjus-
1083 663 1215 738 palione
1238 665 1404 725 terrendo.
1431 669 1478 726 Ac
1504 666 1553 726 sic
1580 668 1705 728 virtute
1729 669 1876 731 caritatis

232 764 310 825 titia
324 761 359 821 in
380 756 539 820 saeculum
554 756 668 817 saeculi
691 759 911 833 permaneret
935 760 975 818 Et
994 758 1029 818 in
1083 759 1227 830 afflatus,
1246 761 1280 820 in
1300 764 1408 822 castra
1430 763 1700 834 Madianitarum,
1722 765 1876 828 Ecclesiae

232 864 358 922 terram
373 855 513 915 visionis
528 853 703 922 accedens,
722 869 823 930 super
844 870 945 915 unum
963 854 1029 915 sibi
1079 856 1240 932 judicium
1253 858 1501 929 declinantium,
1516 874 1576 936 per
1587 864 1823 939 contemptum,
1838 880 1876 925 eo

230 954 396 1017 montium
425 951 696 1021 demonstratum,
732 951 889 1012 videlicet
916 951 1030 1012 excal-
1079 952 1229 1026 iuvante,
1253 953 1308 1029 qui
1329 952 1406 1013 dum
1433 954 1592 1028 virginali
1619 959 1714 1017 utero
1744 957 1879 1018 claude-

232 1052 372 1114 lentiam
398 1048 487 1118 fidei,
513 1062 647 1109 carnem
669 1062 774 1119 suam,
802 1049 898 1125 quasi
925 1049 1029 1109 filiam
1084 1048 1185 1119 retur,
1203 1049 1360 1108 mundum
1378 1067 1439 1111 suo
1453 1050 1617 1114 circuibat
1636 1053 1778 1128 imperio
1797 1055 1876 1115 uni-

205 1148 210 1157 “
232 1149 450 1225 unigenitam,
464 1146 653 1223 quaeipsum
664 1144 829 1207 interdum
840 1145 1026 1222 deceperat,
1082 1160 1226 1216 versum,
1241 1145 1427 1222 intrepidus
1440 1147 1551 1215 irruit,
1568 1150 1602 1210 et
1620 1148 1759 1211 abstulit
1771 1166 1874 1221 arma,

233 1263 309 1309 cum
333 1245 452 1322 Jephte
479 1244 619 1304 Domino
647 1242 682 1302 in
711 1241 941 1303 holocaustum
968 1242 1030 1303 ob·
1082 1242 1116 1301 in
1130 1241 1248 1317 quibus
1263 1242 1448 1305 confidebat
1462 1243 1559 1306 fortis
1572 1249 1734 1317 armatus,
1754 1248 1875 1308 atrium

232 1345 321 1416 tulit,
343 1343 419 1417 igne
442 1340 613 1416 supposito
637 1339 797 1411 caritatis,
813 1339 905 1400 iilam
927 1337 1025 1409 fame,
1082 1355 1178 1399 suum
1197 1339 1398 1410 custodiens,
1421 1341 1456 1402 et
1478 1340 1649 1403 distribuit
1670 1342 1780 1420 spolia
1801 1361 1875 1421 quae

232 1443 301 1512 siti,
334 1440 469 1515 frigore,
499 1453 539 1498 ac
562 1437 723 1505 nuditate,
754 1437 882 1512 vigiliis
914 1435 1026 1497 multis
1081 1435 1225 1501 tenebat,
1246 1438 1384 1511 ejusque
1398 1438 1624 1514 captivitatem
1637 1440 1877 1516 captivamre-

232 1542 267 1600 et
288 1536 427 1615 jejuniis
453 1535 664 1605 macerando,
690 1548 755 1611 qua
780 1550 855 1594 cum
876 1533 970 1594 vitiis
994 1533 1028 1593 et
1081 1531 1178 1593 duxit
1192 1532 1224 1593 in
1238 1531 1431 1609 obsequium
1445 1537 1525 1595 lesu
1538 1535 1673 1597 Christi.

231 1632 512 1711 concupiscentiis
547 1632 718 1703 crucifixa,
754 1630 866 1691 dicere
896 1632 1027 1707 poterat
1120 1631 1223 1691 Hoste
1238 1630 1350 1707 itaque
1372 1630 1497 1707 triplici
1512 1632 1545 1692 in
1560 1634 1649 1694 terra
1666 1634 1793 1709 positus
1813 1650 1875 1696 su·

232 1748 308 1796 curn
334 1731 491 1808 Apostolo
513 1750 521 1788 ε
547 1729 630 1788 Vivo
654 1743 728 1803 ego,
752 1730 821 1803 jam
855 1742 922 1788 non
950 1742 1024 1802 ego,
1081 1728 1206 1802 penato,
1227 1742 1331 1802 regno
1357 1728 1516 1789 coelorum
1544 1730 1611 1790 vim
1636 1731 1761 1804 intulit,
1783 1732 1875 1793 etit·

233 1831 316 1891 vivit
336 1829 447 1891 autem
467 1827 502 1886 in
523 1840 575 1886 me
590 1826 740 1886 christus
755 1840 762 1886 :
780 1825 937 1902 quoniam
953 1826 1025 1901 jam
1080 1823 1136 1884 lud
1164 1825 1277 1900 rapuit
1301 1825 1483 1893 violenter,
1512 1833 1545 1887 et
1567 1828 1642 1903 post
1667 1827 1767 1906 hujus
1796 1830 1875 1891 vitae

232 1943 300 1989 non
313 1927 376 1987 sibi
389 1925 529 1993 vixerat,
545 1923 601 1983 sed
616 1923 745 1983 Christo
761 1923 881 1998 potius,
896 1928 952 1998 qui
964 1936 1025 1997 pro
1080 1920 1277 1995 quamplura
1293 1921 1440 1996 gloriosa
1464 1923 1659 1993 certamina,
1685 1925 1725 1987 de
1753 1927 1875 1987 mundo

232 2021 519 2103 peccatisnostris
541 2020 766 2088 mortuus'est,
790 2020 823 2080 et
841 2018 1026 2079 resurrexit
1079 2016 1453 2093 triumphans,feliciter
1463 2019 1620 2095 migravit
1631 2021 1672 2081 ad
1684 2022 1874 2095 Dominum,

233 2123 368 2200 propter
383 2116 657 2196 justificationem
675 2116 834 2185 nostram,
857 2116 894 2174 ut
914 2115 1026 2174 nulla·
1080 2112 1200 2173 multos
1215 2116 1424 2188 preveniens
1438 2116 1578 2177 scientia
1594 2118 1753 2192 praeditos
1762 2121 1875 2180 scien-

234 2221 329 2281 tenus
365 2217 499 2292 peccato
535 2213 674 2273 ulterius
703 2212 898 2272 serviamus.
935 2210 1025 2272 Vitia
1080 2210 1130 2269 ter
1143 2210 1288 2280 nescius,
1300 2212 1333 2272 ot
1345 2211 1515 2287 sapienter
1528 2212 1692 2275 indoctus.

232 2330 363 2394 quoque
380 2312 609 2389 supplantans,
627 2312 742 2371 contra
762 2308 931 2380 mundum,
948 2322 1026 2367 car·
1121 2308 1207 2366 Saue
1221 2306 1300 2367 licet
1313 2311 1386 2383 eius
1400 2309 1469 2370 vita
1482 2312 1549 2370 tam
1564 2314 1693 2382 sancta,
1709 2312 1779 2372 tam
1795 2314 1877 2373 stre-

230 2428 319 2484 nem,
340 2412 373 2472 et
391 2409 571 2487 potestates
596 2422 713 2468 aereas
737 2406 903 2466 luctamen
925 2420 1024 2465 assu-

231 2526 325 2575 mens
340 2508 494 2578 viriliter,
512 2520 627 2575 uxore,
644 2503 736 2574 villa,
757 2502 873 2575 bobus,
890 2517 910 2562 a
929 2517 1024 2563 coena

230 2622 353 2682 magna
367 2601 613 2666 retrahentibus
633 2601 800 2671 invitatos,
818 2600 949 2675 penitus
965 2598 1026 2659 ab·

231 2703 362 2773 dicatis
390 2716 464 2761 cum
492 2697 595 2760 Jacob
621 2698 760 2759 Domino
780 2696 919 2773 jubente
944 2711 1023 2757 sur·

230 2800 334 2873 rexit;
362 2799 395 2859 et
420 2797 530 2872 gratia
559 2795 702 2871 Spiritus
737 2793 939 2870 septiformis
966 2808 1026 2855 ac-

231 2898 337 2974 cepta,
355 2898 494 2970 octoque
513 2892 577 2953 sihi
592 2890 826 2953 assistentibus
845 2888 1026 2952 beatitudi-

231 2995 330 3056 nibus
342 2991 556 3068 evangelicis,
568 2988 682 3049 Bethel
695 2988 827 3048 domum
841 2987 910 3058 Dei,
925 3004 1024 3065 quam

230 3093 378 3171 seipsum
398 3087 598 3169 praeparavit
618 3086 736 3156 eidem,
760 3101 819 3162 per
836 3085 1024 3163 quindecim

229 3192 353 3270 gradus
370 3190 541 3258 virtutum,
565 3186 621 3264 qui
644 3183 781 3261 mystice
800 3184 836 3243 in
860 3183 1024 3244 Psalterio

229 3289 451 3358 continentur,
491 3283 673 3347 ascendit:
703 3284 736 3343 et
770 3280 890 3342 ibidem
916 3281 1025 3341 altare

230 3386 341 3449 cordis
359 3384 499 3447 Domino
520 3381 727 3451 construens,
750 3380 899 3440 aromata
923 3378 1026 3440 devo-

229 3488 339 3549 tarum
354 3482 542 3545 orationum
558 3477 676 3540 obtulit
690 3491 790 3552 super
808 3491 859 3548 eo,
877 3491 936 3552 per
952 3491 1026 3535 ma-

229 3598 293 3644 nus
317 3579 486 3656 angelicas
512 3577 547 3637 in
574 3574 752 3650 conspectu
778 3572 910 3633 Domini
933 3571 1026 3633 defe-

230 3679 347 3746 renda,
362 3675 510 3738 concivis
525 3671 697 3747 angelicus
713 3685 792 3730 mox
805 3668 946 3731 iuturus.

271 3777 323 3838 Ne
350 3788 430 3834 vero
458 3770 523 3831 sibi
550 3768 613 3830 soli
641 3768 815 3845 proliceret
838 3767 874 3828 iu
899 3768 1023 3838 monte,

231 3869 458 3936 tantummodo
467 3859 808 3941 Rachelamplexibus
819 3863 1023 3935 inhaerendo,

232 3964 503 4044 contemplationi
515 3960 819 4039 pulchraequidem,
833 3960 890 4021 sed
905 3960 1024 4031 sterili,

234 4067 276 4130 ad
301 4065 370 4127 Liae
395 4061 608 4124 interdictum
630 4057 801 4119 descendit
824 4056 1024 4129 cubiculum,

232 4165 420 4227 minaturus
435 4173 569 4235 gregem
584 4156 734 4231 gemellis
750 4154 882 4216 foetibus
897 4153 1027 4216 foecun-

1080 2418 1146 2463 nua
1162 2404 1195 2464 et
1209 2405 1370 2480 praeclara
1386 2405 1450 2465 sibi
1465 2406 1643 2479 sufficeret,
1657 2407 1698 2468 ad
1715 2408 1875 2470 obtinen-

1079 2498 1156 2559 dum
1187 2502 1392 2563 consortium
1428 2503 1584 2565 Ecclesiae
1614 2505 1873 2581 triumphantis,

1079 2596 1156 2674 quia
1167 2598 1278 2659 tamen
1292 2598 1451 2667 militans,
1473 2615 1547 2676 quae
1565 2600 1772 2663 solummodo
1785 2602 1877 2664 videt

1079 2694 1114 2754 in
1125 2693 1222 2765 facie,
1235 2709 1300 2755 non
1308 2696 1478 2770 praesumit
1487 2696 1529 2757 de
1541 2697 1594 2757 his
1606 2698 1663 2774 qui
1676 2699 1718 2758 de
1728 2714 1791 2761 suo
1802 2699 1875 2762 foro

1079 2807 1145 2851 non
1170 2793 1257 2862 sunt,
1285 2793 1482 2855 auctoritate
1504 2795 1637 2870 propria
1654 2796 1821 2872 Judicare,
1839 2799 1876 2859 ut

1079 2889 1155 2950 illos
1171 2904 1230 2964 pro
1248 2891 1327 2960 vita,
1343 2892 1472 2951 tanturn
1488 2893 1697 2955 venerandos
1712 2897 1874 2966 assumat,

1080 2987 1274 3062 praesertim,
1302 2987 1380 3063 quia
1402 3003 1639 3065 nonnunquam
1662 2991 1878 3067 angeinssa-

1079 3072 1188 3146 thanae
1203 3083 1238 3144 in
1248 3083 1332 3146 lucis
1343 3085 1497 3161 angelum
1509 3102 1545 3147 se
1555 3087 1791 3163 transformat;
1808 3106 1878 3152 om·

1080 3183 1232 3257 uipotens
1245 3182 1279 3243 et
1292 3182 1483 3244 misericors
1496 3187 1596 3255 Deus,
1613 3186 1654 3247 de
1676 3189 1772 3263 quus
1795 3204 1875 3248 mu-

1079 3294 1159 3339 nere
1169 3279 1271 3349 venit,
1287 3280 1373 3355 quod
1389 3280 1567 3355 praedictus
1579 3281 1724 3343 famulus
1736 3282 1875 3356 Christi,

1079 3376 1178 3450 digne
1193 3375 1300 3437 sibiet
1312 3375 1526 3439 laudabiliter
1544 3378 1735 3450 deservivit,
1746 3382 1876 3442 annm

1079 3472 1249 3533 lucernam
1264 3471 1459 3534 absconsam
1477 3474 1539 3535 sub
1564 3476 1674 3537 modio
1698 3492 1877 3539 remanere

1079 3585 1144 3631 non
1160 3570 1301 3646 patiens,
1316 3571 1372 3631 sed
1389 3587 1462 3631 eam
1477 3572 1592 3633 volens
1605 3589 1709 3648 super
1721 3575 1879 3636 candela·

1079 3668 1173 3727 hrum
1189 3666 1358 3738 collocari,
1369 3668 1421 3727 his
1440 3669 1497 3744 qui
1521 3671 1598 3730 sunt
1616 3670 1651 3729 in
1664 3669 1762 3731 domo
1778 3671 1877 3732 lumi·

1080 3765 1143 3833 nis,
1169 3764 1324 3825 solatium
1346 3763 1572 3840 praebituram,
1593 3767 1696 3827 vitam
1720 3770 1795 3844 ejus
1810 3769 1875 3830 sibi

1081 3861 1183 3921 fuisse
1195 3861 1376 3937 acceptam,
1393 3863 1426 3922 et
1437 3861 1543 3938 ipsius
1558 3863 1753 3923 memoriam
1763 3880 1840 3926 esse
1854 3881 1876 3927 a

1081 3957 1237 4018 militanti
1266 3957 1412 4018 Ecclesia
1441 3959 1678 4031 venerandam,
1702 3961 1817 4022 multis
1842 3965 1877 4025 et

1081 4055 1252 4131 praeclaris
1268 4054 1438 4115 miraculis
1452 4055 1645 4118 declaravit.

1121 4153 1201 4212 Cum
1214 4151 1318 4227 igitur
1329 4151 1484 4226 gloriosae
1497 4152 1575 4213 vitas
1589 4152 1695 4229 ipsius
1712 4154 1873 4231 insignia,

232 4264 344 4325 datum
357 4259 397 4322 ad
413 4256 573 4319 interiora
588 4253 712 4315 deserti
727 4268 786 4330 pro
801 4252 878 4313 vitas
891 4251 1026 4328 pascuis
1081 4264 1124 4310 ex
1138 4248 1240 4309 multa
1253 4247 1492 4318 familiaritate,
1504 4264 1602 4325 quam
1617 4248 1792 4312 nobiscum
1807 4253 1875 4315 ha-

232 4356 477 4438 perquirendis,
500 4354 537 4414 ut
559 4352 628 4413 illic
652 4350 709 4411 ubi
738 4364 858 4410 manna
881 4349 1026 4410 coelestis
1080 4345 1151 4406 buit
1165 4345 1198 4405 in
1211 4344 1331 4404 minori
1345 4343 1455 4404 oidcio
1470 4345 1670 4417 constitutis,
1688 4347 1786 4424 plene
1801 4366 1876 4427 cog·

233 4455 417 4518 dulcedinis
431 4451 573 4514 reficite
588 4448 799 4511 saecularium
813 4446 952 4523 strepitu
968 4461 1025 4506 se·
1081 4444 1150 4503 nita
1166 4440 1261 4502 nobis
1271 4443 1393 4511 essent,
1406 4443 1439 4503 et
1453 4441 1493 4503 de
1509 4442 1746 4504 miraculorum
1761 4461 1876 4508 corus

231 4545 398 4629 gregatos,
426 4564 501 4610 cum
532 4548 755 4623 lacrymarum
784 4543 948 4604 effusione
971 4557 1027 4603 se-
1081 4540 1212 4600 catione
1235 4538 1411 4614 multipiici
1426 4553 1485 4614 per
1506 4540 1607 4601 testes
1622 4539 1761 4602 idoneos
1776 4543 1875 4605 nobis

233 4650 325 4711 mina
344 4662 405 4708 sua
425 4646 569 4713 mittens,
593 4658 667 4704 cum
691 4640 897 4703 exultatione
917 4640 1027 4700 mani·
1081 4637 1168 4698 lacta
1181 4635 1282 4697 fuerit
1297 4635 1394 4712 plena
1409 4635 1502 4706 fides,
1515 4636 1718 4698 confidentes
1740 4642 1874 4716 perlici

234 4746 329 4826 pulos
340 4744 381 4805 ad
395 4740 589 4803 aeternitatis
602 4738 722 4799 horrea
736 4739 933 4813 reportaret,
951 4751 1026 4797 cum
1080 4731 1357 4804 misericordiam,
1375 4748 1447 4803 hos,
1467 4734 1500 4793 et
1513 4748 1648 4809 gregem
1666 4734 1763 4796 nobis
1778 4749 1874 4798 com-

235 4842 349 4923 populi
369 4839 420 4900 sui
443 4834 649 4915 principibus
670 4833 883 4894 collocandus
902 4847 1025 4894 corona
1081 4832 1228 4898 missum,
1245 4833 1319 4907 ejus
1343 4830 1514 4904 suffragiis
1535 4830 1705 4907 adjuvari,
1727 4835 1763 4895 et
1777 4851 1875 4910 quem

232 4941 371 5022 justitiae
391 4935 580 4998 coronatus
601 4931 662 5003 Qui
683 4930 839 4991 nimirum
865 4944 929 4989 non
952 4944 1025 5005 quae
1080 4927 1279 4989 familiarem
1301 4926 1500 4987 habuimus
1492 4942 1523 4986 m
1539 4927 1649 4997 terris,
1669 4927 1797 4992 habere
1811 4947 1874 5008 pa-

236 5057 295 5100 sua
320 5037 397 5098 sunt
425 5044 590 5109 quaerens,
621 5026 676 5088 sed
716 5026 826 5103 potius
852 5039 925 5101 quae
950 5027 1027 5087 sunl
1080 5024 1233 5086 tronum
1224 5039 1259 5084 m
1281 5023 1389 5097 coelis3
1404 5022 1517 5084 habito
1529 5023 1667 5085 fbatrum
1683 5029 1874 5090 nostrorum

234 5133 373 5203 Christi,
393 5130 427 5190 et
445 5127 551 5189 eidem
576 5126 668 5186 velut
695 5124 768 5200 apis
793 5122 1025 5197 argumentosa
1080 5121 1222 5183 consilio
1241 5121 1275 5181 et
1296 5135 1446 5191 assensu,
1471 5136 1579 5196 ipsum
1594 5120 1742 5183 adscribi
1758 5124 1877 5187 decre-

237 5228 445 5296 deserviens,
468 5239 597 5285 necnon
626 5221 723 5298 quasi
744 5220 840 5281 stella
864 5221 1026 5281 matutina
1080 5219 1189 5278 vimus
1204 5217 1401 5279 sanctorum
1417 5217 1568 5293 catalogo
1581 5220 1825 5283 venerandum.

237 5332 274 5391 iu
294 5323 403 5387 medio
426 5320 568 5390 nebula,
590 5334 629 5380 ac
648 5318 742 5394 quasi
766 5317 845 5378 luna
869 5316 967 5393 plena
991 5317 1026 5377 in
1122 5316 1322 5383 statuentes,
1338 5318 1374 5375 ut
1390 5317 1508 5390 quarto
1522 5330 1627 5375 nonas
1642 5316 1802 5390 octobris,
1821 5319 1874 5381 dis

181 5471 187 5482 .
238 5423 354 5487 diebus
370 5419 450 5489 suis,
466 5418 500 5478 et
514 5417 600 5478 sicut
613 5416 662 5477 soi
675 5416 710 5476 in
724 5414 870 5475 Ecclesia
887 5414 946 5475 Dei
962 5415 1028 5475 ful·
1081 5412 1328 5488 vindicatque
1345 5412 1486 5473 acarnis
1502 5411 1669 5488 ergastulo
1686 5413 1871 5486 absolutus,

239 5535 333 5598 gens,
358 5514 543 5593 lampadem
570 5515 604 5575 et
631 5512 744 5574 tubam
772 5511 807 5572 in
832 5527 950 5572 manus
972 5527 1028 5572 as·
1082 5511 1123 5572 ad
1139 5510 1282 5571 aetherea
1302 5523 1404 5584 regna
1432 5509 1594 5585 pervenit,
1619 5508 1661 5569 ab
1687 5511 1873 5574 universali
