3950 6200
112 375 146 434 57
719 362 947 427 EPISTOLAE.
971 361 1049 423 LIB.
1072 362 1113 421 X.
1699 365 1742 426 58

110 532 179 594 tum.
194 527 392 604 Eapropten
404 525 514 589 dilecti
526 526 562 587 in
574 524 714 587 Domino
725 524 798 597 dlii,
814 538 893 585 ves·
945 520 1122 582 llrmatum.
1151 520 1232 580 Cum
1262 519 1373 582 autem
1401 536 1445 582 ex
1472 520 1536 583 boc
1567 538 1664 584 rarus
1690 522 1744 586 rel

111 628 162 688 tris
183 625 282 702 justis
307 623 589 701 postulationibus
613 624 708 698 grato
745 636 889 683 concur·
946 617 1059 678 nullus
1073 617 1200 679 tructus
1213 617 1374 679 hactenus
1387 620 1579 695 provenerit
1592 620 1743 682 ecclesiae

111 724 207 787 rantes
225 737 383 793 assensu,
402 721 652 791 institutionem,
675 734 772 796 quam
793 733 893 795 super
947 714 1157 791 supradictae,
1171 730 1229 790 pro
1245 730 1284 775 eo
1294 715 1450 777 videlicet
1463 716 1550 792 quod
1561 719 1761 793 proventus

110 819 258 881 fructibus
273 819 477 895 praebendae,
494 834 567 895 quae
592 817 656 878 luit
675 816 754 877 olim
765 814 892 876 Yvonis
947 812 1010 888 ipsi
1022 811 1211 887 permultos
1222 827 1288 872 non
1298 813 1476 874 canonicos
1489 813 1583 874 brevi
1595 816 1744 891 tempore

110 917 143 979 de
162 918 267 978 Vinea
291 915 512 978 concanonici
537 915 651 985 vestri,
675 915 770 990 cujus
792 913 891 974 etiam
947 908 1111 969 inutiliter
1125 912 1374 981 consumuntur,
1392 910 1512 986 quibus
1527 912 1743 987 consumptis,

109 1014 228 1076 donatio
253 1014 373 1075 advos
389 1013 480 1073 nullo
504 1012 614 1073 medio
638 1010 835 1088 pertinebat,
853 1008 893 1069 de
947 1006 1044 1068 multi
1059 1022 1103 1067 ex
1117 1007 1287 1067 canonicis
1309 1007 1523 1068 residentiam
1546 1008 1670 1069 ibidem
1693 1008 1747 1069 la-

108 1111 265 1174 roluntate
290 1110 326 1172 et
348 1110 489 1171 consilio
512 1108 607 1170 bonae
635 1108 804 1169 memoriae
820 1108 892 1169 Ste-
948 1119 1036 1176 cere,
1062 1104 1095 1164 et
1121 1103 1214 1164 boris
1241 1104 1404 1166 interesse
1431 1105 1602 1165 canonicis
1627 1121 1747 1182 parum

108 1209 199 1286 pbani
212 1209 365 1283 episcopi
379 1208 493 1278 vestri,
510 1208 545 1267 in
558 1205 700 1267 ecclesia
716 1205 829 1267 vestra
843 1204 895 1264 fe·
948 1201 1077 1272 curant,
1093 1200 1327 1277 propterquod
1341 1201 1450 1263 debito
1463 1202 1602 1263 servitio
1617 1202 1749 1263 defrau-

109 1306 205 1380 cistis;
232 1305 395 1366 videlicet
422 1306 459 1366 ut
482 1304 609 1364 fructus
634 1304 686 1364 illi
700 1303 742 1363 ad
764 1301 893 1378 agenda
948 1296 1046 1358 datur
1072 1297 1214 1358 ecclesia
1235 1300 1434 1370 memorata,
1457 1298 1554 1360 nobis
1577 1298 1748 1360 bumiliter

110 1403 284 1463 communia
296 1402 434 1477 negotia
450 1403 606 1477 perpetuo
622 1400 763 1462 debeant
779 1399 892 1475 appli—
948 1394 1190 1470 supplicarunt,
1211 1397 1247 1456 nt
1261 1410 1362 1471 super
1376 1395 1429 1455 his
1442 1396 1578 1457 utilitati
1599 1396 1747 1471 ejusdem

109 1495 891 1575 cari,sioutipsainstitutiorationabiliterlacta,
948 1491 1099 1553 ecclesiae
1111 1491 1662 1569 misericorditerprovidentes,eis
1673 1509 1750 1555 con·

109 1600 137 1657 ot
147 1596 306 1656 hactenus
321 1594 510 1667 observata,
527 1594 560 1655 et
574 1594 609 1654 in
621 1594 813 1656 authentico
836 1609 892 1654 ex·
949 1588 1067 1649 cedere
1104 1589 1334 1663 dignaremur,
1371 1591 1408 1652 ut
1442 1591 1622 1665 proventus
1656 1591 1748 1667 ipsos

110 1692 176 1755 inde
195 1692 352 1754 conlecto
375 1692 506 1770 plenius
524 1690 725 1762 continetur,
747 1688 896 1751 auctori·
948 1687 1084 1762 possent
1102 1686 1137 1746 in
1157 1686 1369 1764 quotidianas
1389 1686 1642 1749 distributiones
1664 1702 1747 1748 con-

110 1792 164 1852 tate
181 1791 377 1866 apostolica
397 1790 643 1861 confirmamus,
661 1791 695 1850 et
719 1788 894 1865 praesentis
947 1785 1090 1855 vertere,
1108 1799 1190 1861 quos
1207 1784 1257 1844 illi
1278 1784 1451 1846 dumtaxat
1466 1785 1677 1861 perciperent
1691 1785 1749 1863 qui

109 1887 207 1964 nupti
220 1887 414 1963 patrocinio
441 1886 695 1948 commuuimus.
710 1885 802 1946 Nulli
815 1899 893 1959 ergo
948 1880 1122 1941 matutinis
1143 1882 1176 1942 et
1203 1880 1295 1942 boris
1328 1881 1500 1942 canonicis
1533 1883 1746 1945 interessent.

108 1985 228 2045 omnino
242 1985 422 2046 bominum
438 1984 537 2045 liceat
551 1982 638 2045 banc
647 1982 803 2060 paginam
816 1997 895 2042 nos·
949 1977 1018 2036 Nos
1049 1977 1153 2051 igitur
1175 1976 1215 2038 de
1244 1977 1445 2039 discretione
1475 1981 1587 2040 vestra
1616 1979 1748 2055 plenam

108 2082 159 2142 trae
183 2081 452 2143 confirmationis
466 2081 661 2157 infringere,
691 2080 745 2142 uel
764 2080 796 2141 ei
810 2095 896 2140 ausu
949 2072 1105 2134 fiduciam
1118 2072 1315 2148 obtinentes,
1330 2076 1453 2136 dictum
1469 2076 1639 2150 negotium
1653 2075 1749 2137 vobis

106 2180 269 2241 temerario
300 2180 482 2241 contraire.
511 2179 546 2239 Si
581 2178 656 2255 quis
689 2178 800 2239 antem
832 2176 895 2238 hoc
950 2170 1106 2232 duximus
1121 2169 1402 2244 committendum,
1419 2172 1615 2234 discretioni
1628 2177 1748 2235 restrae

110 2276 259 2336 attentare
273 2276 540 2353 praesumpserit,
551 2275 813 2350 indignationem
829 2289 896 2334 om·
950 2284 1009 2343 per
1021 2269 1211 2344 Apostolica
1229 2270 1353 2347 scripta
1372 2270 1570 2330 mandantes
1583 2270 1750 2346 quatenus

109 2373 276 2448 nipotentis
291 2373 355 2434 Dei
378 2374 411 2433 et
439 2372 610 2433 beatorum
635 2372 727 2433 Petri
751 2372 785 2433 et
799 2371 896 2432 Pauli
950 2365 991 2426 ad
1002 2364 1178 2425 ecclesiam
1189 2368 1404 2426 memoratam
1415 2366 1637 2442 personaliter
1651 2382 1751 2427 acce-

110 2470 323 2545 apostolorum
351 2473 425 2546 ejus
451 2485 488 2531 se
508 2469 639 2531 noverit
666 2471 892 2529 incursurum.
950 2461 1078 2533 dentes,
1091 2460 1376 2537 ethabefliesprae
1389 2461 1496 2523 Oculis
1511 2463 1618 2522 solum
1632 2465 1748 2534 Deum,

110 2567 214 2627 Datum
225 2556 531 2638 Laterani‚XIlral.
543 2566 670 2645 aprilis,
682 2566 895 2643 pontificatus
950 2558 1752 2636 statuatissuperbis,inquisitasuperpraemissis

110 2664 202 2725 nostri
216 2681 307 2727 anno
324 2664 466 2727 decimo.
951 2656 1144 2731 diligentius
1158 2656 1310 2728 veritate,
1324 2657 1410 2734 quod
1432 2657 1473 2716 ad
1495 2656 1656 2717 bonorem
1675 2658 1748 2729 Dei,

950 2754 1130 2815 utilitatem
1152 2753 1313 2826 ecclesiae,
1330 2756 1363 2815 et
1379 2754 1505 2815 cultum
1522 2754 1750 2830 ampliandum

951 2851 1112 2922 divinum,
1129 2850 1281 2912 videritis
1296 2851 1473 2927 pertinere,
1488 2851 1751 2913 contradictores

439 2941 560 3029 CXXI
951 2964 1012 3025 per
1037 2963 1212 3011 censuram
1233 2948 1504 3021 ecclesiasticam,
1528 2950 1753 3025 appellatione

867 3090 898 3149 Β
952 3046 1147 3124 postposita,
1159 3046 1409 3123 compescendo.
1420 3046 1549 3118 Quodsi
1560 3059 1752 3107 nonomnos

952 3144 1006 3206 bis
1035 3143 1257 3221 exsequendis
1279 3144 1454 3220 potueritis
1480 3145 1662 3216 interesse,
1684 3144 1752 3203 duo

952 3245 1099 3304 vestrum
1114 3258 1154 3303 ea
1169 3241 1386 3303 nibilominus
1399 3243 1619 3318 exequantur.
1632 3242 1752 3301 Datum

378 3364 414 3422 23
427 3363 522 3421 marm
540 3363 619 3421 1226.
954 3339 1122 3410 Laterani,
1145 3341 1176 3399 X
1197 3338 1360 3399 kalendas
1381 3338 1516 3416 aprilis,
1542 3337 1754 3416 pontificatus

111 3483 196 3550 [inu
207 3489 321 3546 moreau,
335 3487 393 3539 uss.
406 3487 492 3546 nun,
508 3492 528 3536 t.
546 3486 690 3544 cuitu,
704 3484 772 3537 nui.
784 3483 898 3548 naiton]
953 3437 1060 3498 ”⁰⁸³1
1073 3435 1312 3497 ³¹1¹¹⁰d001m0·

110 3093 154 3154 Ad
180 3094 322 3155 abbates
345 3094 381 3154 S.
413 3095 517 3154 Pautt
546 3089 866 3154 praemonstratam

142 3193 283 3262 mulam,
299 3192 336 3252 S.
358 3190 489 3252 Vitonis
503 3191 537 3252 et
559 3192 595 3250 S.
615 3191 754 3265 Aperta
773 3190 900 3249 Virdu-

142 3300 276 3350 raenscs.

111 3611 154 3667 Fir
164 3612 282 3670 mandat
294 3620 327 3670 ut
337 3612 374 3669 de
388 3611 553 3680 redditibus,
569 3610 739 3684 quibusdem
753 3610 900 3668 canonicis

141 3701 269 3758 omissis
281 3699 471 3760 virdunensis
483 3701 677 3773 assignandis,
691 3705 828 3757 statuant.
1284 3684 1425 3773 CXXII

145 3836 323 3907 Honorius,
340 3835 416 3907 etc,
437 3834 567 3897 dilectis
583 3835 661 3897 tiliis
677 3835 791 3897 Sancti
804 3836 901 3896 Pauli
1035 3839 1087 3898 Ad
1098 3838 1305 3905 abbatissam
1319 3839 1354 3898 et
1367 3836 1574 3898 conventam
1584 3837 1677 3899 Novi

113 3931 434 3994 Praemonstratensis
448 3932 586 4003 ordinis,
600 3933 714 3996 Sancti
724 3933 856 3995 Vltoris
869 3934 903 3994 et
1245 3935 1464 3996 Monastem'i.

115 4028 218 4091 Sancti
250 4030 384 4106 Agerici
416 4029 590 4091 abbatibus
623 4030 900 4102 Virduuensibus,
1237 4065 1273 4122 25
1288 4064 1382 4121 mmm
1403 4065 1482 4123 ωδ,

115 4125 245 4188 salutem
259 4131 293 4189 et
306 4127 530 4204 Apostolicam
545 4127 821 4190 benedictionem.

149 4222 418 4298 Significantibus
431 4222 562 4284 dilectis
577 4222 656 4282 liliis
669 4223 813 4299 capitulo
825 4223 904 4284 Vir·

116 4315 258 4392 dunensi,
275 4336 337 4381 nos
352 4320 512 4381 noveritis
525 4320 696 4396 accepisse
709 4320 794 4396 quod
808 4320 903 4381 honae
988 4303 1133 4363 Ecclesiae
1146 4305 1242 4362 Sancti
1252 4303 1357 4361 Auiani
1372 4310 1400 4359 et
1411 4304 1485 4361 Novi
1497 4301 1663 4361 Monasterii
1677 4302 1723 4359 eis

116 4418 275 4479 memoriae
295 4419 332 4478 L
348 4417 571 4480 virdunensis
581 4417 767 4494 episcopus,
783 4433 903 4479 neces·
1277 4392 1437 4449 ⁰⁰⁰⁰'ffl⁸¹·

118 4512 239 4576 uitatem
256 4515 410 4577 ecclesiae
424 4515 647 4577 virdunensis
670 4515 905 4587 attendens,·et
999 4508 1167 4569 Honorius
1178 4509 1490 4585 episcopusservus
1500 4522 1673 4568 serrorum
1683 4508 1754 4580 Dei,

119 4610 244 4686 cupiens
256 4612 291 4672 in
314 4612 430 4673 eadem
443 4612 585 4674 ecclesia
600 4612 726 4673 cultum
749 4612 904 4688 ampliari
958 4606 1088 4668 dilectis
1102 4605 1137 4665 iu
1150 4605 1281 4666 Christo
1294 4604 1426 4666 tiliabus
1439 4604 1616 4666 abbatissae
1631 4605 1665 4665 et
1676 4619 1758 4665 con-

120 4701 267 4779 divisum,
284 4724 360 4769 oum
375 4708 482 4768 eidem
506 4706 660 4769 canonici
679 4706 828 4769 redditus
843 4708 906 4769 ha·
958 4704 1073 4767 ventui
1086 4703 1173 4764 Novi
1188 4704 1394 4776 Monasterii‚
1412 4704 1553 4764 salutem
1568 4704 1601 4765 et
1613 4703 1757 4779 Aposto-

119 4798 223 4865 beutes
245 4806 346 4866 nimis
371 4807 487 4867 tenues
502 4805 538 4865 in
553 4805 625 4882 ipsa
639 4805 750 4865 minus
765 4804 905 4867 studiosi
960 4802 1058 4863 licam
1074 4800 1349 4862 benedictionem.

122 4900 283 4974 seruirent,
304 4902 484 4979 proventus
502 4903 721 4964 thesaurariae
740 4902 903 4976 vacantis,
1000 4899 1081 4959 Cum
1096 4915 1116 4959 a
1130 4898 1226 4958 nobis
1245 4898 1379 4974 petitur,
1395 4898 1457 4959 eto.
1479 4895 1676 4974 Specialiter
1694 4911 1757 4955 au·

123 5010 187 5070 uuae
205 4999 282 5060 tunc
302 4999 423 5060 eratin
438 4999 580 5061 ecclesia
601 5000 796 5071 memorata,
810 5003 906 5077 cujus
959 4997 1026 5058 tem
1042 4998 1075 5056 S.
1089 4994 1211 5056 Auiani
1222 4997 1255 5056 et
1265 4995 1352 5055 Novi
1369 4994 1564 5056 Monasterii
1584 4992 1755 5065 ecclesias,

124 5090 244 5159 donatio
271 5096 460 5173 pertinebat
488 5097 531 5157 ad
562 5097 668 5164 illum,
691 5097 732 5158 de
757 5098 906 5174 ipsorum
961 5093 1056 5155 robis
1069 5109 1089 5153 a
1103 5093 1199 5154 bonae
1213 5092 1382 5154 memoriae
1396 5094 1431 5152 C.
1447 5090 1586 5153 Metensi
1602 5091 1757 5167 episcopo

1074 4187 1322 4251 [blittelrbeiniscbes
1339 4187 1396 4246 Ub.,
1410 4188 1454 4246 lll,
1464 4187 1520 4246 238,
1533 4200 1560 4237 n.
1573 4187 1641 4251 282]

124 5202 259 5265 assensn,
277 5193 467 5255 eorumdem
482 5193 651 5270 refectorii
666 5194 793 5266 usibus,
809 5195 908 5271 depu·
961 5192 1003 5252 de
1018 5191 1155 5268 capituli
1170 5191 1223 5250 sui
1238 5205 1378 5252 assensu
1397 5189 1453 5266 pia
1474 5187 1673 5249 liberalitate
1687 5188 1760 5250 ool-

123 5285 204 5359 tarit,
218 5290 253 5349 in
270 5306 329 5351 eos
347 5290 403 5366 qni
418 5292 597 5366 proventus
612 5291 745 5352 eosdem
769 5292 805 5351 in
827 5307 907 5352 usus
962 5289 1059 5360 latas,
1083 5288 1169 5350 siout
1192 5304 1249 5350 eas
1270 5288 1372 5363 juste,
1390 5286 1549 5348 canonice
1569 5287 1602 5347 et
1619 5286 1759 5362 pacifice

125 5387 540 5449 convenereeliostemere
554 5389 757 5450 attentarent
774 5403 909 5450 excom·
963 5378 1139 5462 possidetis
1163 5385 1197 5445 et
1220 5385 1255 5445 in
1278 5383 1436 5445 conlectis
1451 5397 1552 5458 super
1571 5382 1634 5444 boc
1654 5384 1759 5460 ipsius

126 5483 347 5546 dimicationis
361 5485 560 5548 sententiam
575 5485 795 5561 proferend03
813 5488 908 5563 cujus
963 5482 1110 5559 episcopi
1129 5482 1250 5543 litteris
1277 5479 1399 5540 dicitur
1423 5480 1600 5548 contineri,
1616 5481 1710 5542 robis
1725 5483 1759 5542 et

128 5577 270 5641 tuntum
291 5596 312 5642 a
335 5579 430 5643 bonae
454 5582 625 5643 memoriae
644 5582 747 5643 Lucio
763 5584 809 5643 ill
823 5598 909 5660 papa
964 5596 1024 5656 per
1036 5596 1096 5642 ros
1109 5577 1310 5640 monasterio
1323 5579 1434 5639 restro
1447 5578 1645 5640 auctoritate
1655 5583 1759 5655 Apos-

130 5675 356 5746 predecessore
370 5681 483 5742 nostro
494 5677 702 5758 postmodum
713 5679 824 5743 extitit
834 5695 911 5741 con·
963 5678 1064 5741 tolica
1098 5676 1331 5738 confirmamus
1360 5676 1393 5736 et
1428 5675 1604 5751 praesentis
1642 5675 1757 5752 scripti
