3950 6200
119 305 172 368 lea
668 305 990 368 Paonmomana.
1012 336 1053 354 ·-
1072 306 1181 367 viri.
1686 309 1745 369 110

120 465 203 543 pura
216 475 272 539 pro
282 460 343 523 Dei
354 473 482 535 amore,
494 477 594 541 quam
608 460 756 528 denariis
771 465 894 528 emunt.
951 463 1073 526 clinatt
1091 463 1179 526 Bibit
1192 464 1309 525 sitiens
1332 464 1431 525 homo
1452 480 1573 542 aquam
1588 464 1629 527 de
1650 466 1743 544 petra

121 559 270 638 Siquidem
281 558 398 621 divino
411 561 494 622 natu
506 559 604 622 corde
616 562 805 638 compuncti
818 577 897 639 pau-
950 560 1077 623 orantis
1092 562 1225 632 virtute,
1242 562 1276 624 et
1290 561 1445 638 poculum
1460 562 1572 624 hausit
1597 564 1637 624 de
1661 579 1745 626 saxo

119 673 203 735 peres
216 655 342 729 incolae,
363 671 431 718 non
445 658 552 718 solum
568 673 640 728 sua,
653 659 711 718 sed
722 659 755 720 et
768 659 895 736 seipsos
950 656 1141 717 durissimo.
1163 659 1267 733 Aquae
1294 657 1452 718 decursus
1490 658 1613 720 ibidem
1644 661 1745 722 antea

118 753 285 815 liberaliter
306 752 512 816 obtulerunt.
540 753 660 831 sicque
683 755 806 818 iactum
833 758 894 826 est,
950 753 1107 825 nonfuit,
1125 768 1197 825 nec,
1219 754 1255 814 ut
1282 754 1333 815 est
1360 754 1540 830 diligenter
1556 757 1741 831 quaesitum,

117 852 149 913 nt
159 851 310 927 inopiam,
326 866 427 927 quam
441 852 583 928 pecunia
595 853 747 913 relevare
760 867 827 913 non
842 867 897 928 po·
950 850 1108 927 deinceps
1141 851 1248 926 potuit
1282 852 1437 912 inveniri.
1461 852 1611 923 Qualiter
1632 855 1744 915 autem

116 949 200 1018 terat,
228 947 399 1009 Francisci
421 948 598 1025 pauperies
625 949 783 1025 opulenta
815 965 896 1025 sup-
951 961 1010 1022 per
1026 947 1144 1008 merita
1162 948 1215 1007 sui
1230 948 1386 1024 pauperis
1408 948 1557 1011 Christus
1581 950 1745 1028 multipli-

115 1045 220 1122 plorat.
950 1044 1078 1105 caverit
1100 1043 1192 1104 cibos
1222 1044 1257 1104 in
1283 1045 1379 1114 mari,
1408 1062 1483 1106 cum
1512 1062 1572 1107 suo
1598 1049 1643 1110 sit
1669 1048 1743 1110 loco

146 1144 302 1217 Tempore
317 1157 382 1218 quo
397 1141 550 1203 iuilrmus
565 1142 698 1219 jacebat
719 1142 754 1203 in
773 1143 896 1203 eremi·
950 1141 1090 1201 interius
1110 1141 1352 1216 annotandum
1374 1142 1437 1205 hoc
1455 1145 1583 1205 tantum
1598 1160 1745 1208 comme·

114 1240 189 1301 torio
201 1254 303 1315 prope
318 1241 434 1310 Reate,
448 1240 597 1301 medicus
612 1239 746 1317 quidam
766 1255 894 1317 oppor-
952 1253 1101 1298 morasse
1114 1238 1271 1310 sufficiat,
1286 1239 1371 1315 quod
1387 1239 1427 1300 de
1440 1240 1652 1318 eleemosyna
1667 1258 1743 1304 me·

114 1338 183 1398 tuuc
195 1352 270 1397 eum
282 1335 518 1413 frequentabat
537 1334 660 1399 cilicio.
683 1339 764 1398 Cum
783 1337 895 1400 autem
950 1333 1025 1396 dica
1041 1334 1106 1396 sibi
1121 1335 1255 1403 collata,
1269 1338 1389 1397 nautas
1410 1352 1430 1397 a
1450 1334 1548 1397 lamis
1572 1339 1605 1399 et
1627 1340 1745 1402 mortis

114 1433 221 1495 Christi
242 1449 373 1510 pauper
395 1433 561 1510 impotens
586 1437 674 1496 esset
701 1433 742 1495 ad
768 1449 893 1510 repen·
949 1432 1100 1508 periculo
1121 1447 1181 1509 per
1200 1432 1272 1494 dies
1294 1434 1455 1509 plurimos
1468 1434 1633 1507 liberavit,
1650 1439 1687 1499 ut
1701 1453 1744 1498 ex

113 1530 237 1592 dandam
257 1531 447 1591 mercedem
464 1531 571 1593 labori
587 1531 796 1607 condignam,
816 1530 896 1592 libe·
951 1529 1014 1590 hoo
1034 1530 1160 1606 liquido
1182 1530 1287 1606 possit
1314 1530 1457 1604 adverti,
1482 1532 1745 1610 quod-omnipo-

113 1628 287 1690 rnlissimus
309 1631 410 1701 Deus,
433 1644 476 1690 ne
497 1629 606 1705 ipsum
633 1630 707 1690 siue
735 1629 894 1707 praesenti
948 1627 1050 1688 tentis
1063 1627 1123 1688 Dei
1138 1626 1294 1699 iamulus,
1310 1628 1443 1690 sicutin
1458 1629 1634 1692 eductione
1648 1646 1744 1709 aquae

113 1727 369 1787 remuneratione
389 1725 579 1799 dimitteret,
597 1726 688 1804 plum
703 1728 777 1803 ejus
797 1725 896 1788 obse·
950 1723 991 1784 de
1020 1723 1113 1800 petra
1141 1723 1321 1786 conformis
1354 1715 1466 1787 eititit
1497 1728 1615 1804 Moysi,
1632 1728 1682 1789 sic
1709 1729 1745 1789 in
1779 1715 1782 1718 ⁵

115 1824 209 1900 quium
238 1824 308 1885 hoc
335 1839 423 1888 novo
451 1822 612 1888 beneilcio
638 1826 712 1886 vice
738 1824 894 1901 pauperis
949 1820 1226 1898 multiplicatione
1249 1822 1443 1884 victualium
1465 1824 1596 1886 Elisaeo.
1622 1826 1744 1887 Procul

114 1922 338 1997 compensavit
367 1924 474 1998 Hujus
499 1922 588 1983 euim
613 1921 734 1982 medici
763 1921 891 1993 domus,
948 1918 1053 1994 igitur
1067 1934 1086 1979 a
1102 1919 1303 1996 pauperihus
1322 1920 1446 1981 Christi
1461 1921 1568 1982 omnis
1584 1921 1744 1984 difliden-

114 2033 195 2094 quum
212 2021 297 2079 tune
317 2019 476 2094 temporis
498 2034 541 2080 ex
560 2020 651 2080 omni
665 2019 758 2080 lucro
774 2034 835 2079 suc
853 2019 894 2080 de
949 2016 995 2077 tia
1010 2015 1178 2079 abscedat.
1201 2017 1237 2078 Si
1260 2018 1349 2079 enim
1372 2021 1551 2095 paupertas
1572 2020 1744 2084 Francisci

114 2130 183 2177 uero
203 2115 453 2187 construxerat,
489 2116 653 2193 parietum
676 2116 790 2194 patula
804 2116 893 2177 scis·
949 2113 1408 2189 adsocopiosasutncientia
1421 2114 1745 2187 iuit,utsubvevien·

113 2212 190 2274 sione
213 2228 232 2274 a
259 2226 514 2290 summotisque
543 2213 710 2282 deorsum,
741 2211 824 2274 adeo
852 2213 894 2274 de
946 2210 1030 2271 tium
1044 2210 1107 2270 sibi
1123 2210 1271 2272 deiectus
1286 2213 1353 2273 tam
1369 2212 1453 2274 mira
1475 2213 1741 2291 virtutesupple·

114 2310 244 2385 proximo
270 2309 466 2372 minabatur
486 2311 630 2383 ruinam,
651 2311 739 2388 quod
755 2326 821 2372 uon
840 2311 894 2371 vi·
949 2307 1011 2378 ret,
1026 2307 1112 2384 quod
1134 2323 1196 2368 nec
1219 2307 1324 2380 cibus,
1342 2323 1403 2369 nec
1419 2312 1526 2384 potus,
1543 2325 1605 2370 nec
1624 2310 1742 2371 domus

113 2404 232 2467 debatur
245 2422 313 2484 per
327 2407 483 2468 humanae
505 2408 587 2469 artis
601 2407 799 2470 industriam
815 2423 894 2485 pes-
949 2402 1091 2475 deesset,
1109 2419 1183 2465 cnm
1205 2404 1366 2480 pecuniae,
1388 2406 1421 2466 et
1443 2407 1537 2474 artis,
1558 2409 1592 2467 et
1612 2407 1741 2469 naturae

114 2502 192 2566 sibile
213 2504 328 2582 ipsius
350 2504 444 2565 casui
468 2504 617 2567 obviare.
648 2508 723 2582 lpse
748 2520 828 2567 vero
852 2504 892 2567 de
948 2500 1092 2563 facultas
1106 2500 1293 2575 deiecerat;
1310 2502 1413 2563 multo
1435 2503 1542 2578 magis
1554 2503 1612 2566 illa
1628 2519 1740 2568 mere-

114 2602 200 2663 saucti
221 2602 291 2663 viri
321 2602 449 2664 meritis
477 2603 574 2679 plene
603 2602 792 2675 conlidens,
817 2618 892 2664 cum
946 2597 1054 2671 bitur,
1091 2614 1165 2675 (111oe
1207 2599 1329 2660 usitato
1367 2598 1488 2661 divissae
1525 2600 1743 2677 providentias

114 2713 223 2775 magua
243 2699 328 2760 ildei
348 2699 523 2761 devotione
537 2700 654 2776 petivit
668 2717 689 2762 a
704 2701 804 2761 sociis
820 2703 892 2777 ejus
948 2695 1067 2758 ordine
1090 2697 1311 2757 communiter
1337 2696 1575 2759 conceduntur.
1608 2698 1644 2758 si
1673 2696 1742 2775 (in-

45 2865 46 2870 ,
114 2795 220 2874 aliquid
243 2797 312 2859 sibi
341 2797 499 2870 concedi,
523 2797 609 2875 quod
641 2797 728 2858 idem
751 2798 805 2858 vir
832 2798 892 2859 Dei
948 2793 1062 2871 quam)
1086 2794 1188 2870 petrae
1211 2793 1346 2854 siccitas
1372 2793 1415 2854 ad
1441 2795 1598 2871 pauperis
1626 2810 1741 2857 vocem

114 2894 248 2955 manibus
258 2895 513 2956 contrectasset.
524 2897 605 2955 Cum
615 2894 717 2970 igitur
728 2895 892 2956 modicum
949 2889 1124 2951 abundans
1146 2890 1300 2965 poculum
1315 2890 1440 2952 sitienti
1455 2892 1644 2969 propinavit
1658 2907 1743 2968 pau-

114 2990 145 3051 ie
155 2992 279 3069 capillis
300 2991 422 3068 ipsius,
439 2992 543 3053 multa
566 3007 702 3068 precum
724 2991 892 3053 obtentum
947 2986 1096 3064 percule,
1119 2988 1167 3047 nil
1187 2990 1258 3063 jam
1281 2989 1505 3052 interamnis
1528 3005 1625 3050 sunm
1639 2988 1743 3050 deue-

45 3104 46 3107 ’
114 3086 264 3160 nstantia,
279 3088 453 3167 posuisset
466 3089 506 3153 de
519 3104 593 3151 sero
609 3090 697 3152 intra
712 3090 799 3151 muri
814 3090 893 3151 scis·
947 3084 1038 3161 gabit
1052 3085 1248 3162 obsequium
1263 3084 1328 3157 his,
1345 3086 1401 3163 qui
1426 3102 1486 3162 pro
1510 3087 1654 3149 Auctore
1668 3103 1741 3148 orn-

45 3208 46 3217 *
114 3200 217 3259 suram,
234 3203 338 3250 mane
354 3200 532 3263 resurgens
546 3188 639 3249 tanta
651 3188 780 3250 invenit
794 3203 894 3264 aper-
947 3183 1040 3243 nium
1056 3183 1169 3244 omnia
1184 3183 1402 3260 reliquerunt.

112 3283 204 3346 turam
229 3286 328 3347 illam
353 3284 520 3347 soliditate
543 3285 745 3356 conclusam,
772 3286 809 3346 ut
831 3300 893 3346 nec

45 3430 46 3449 2
113 3380 253 3458 reliquias
275 3382 327 3443 ihi
352 3382 479 3458 positas
494 3382 605 3458 posset
623 3381 812 3453 extrahere,
831 3397 893 3443 nec
1221 3414 1359 3479 CApUq
1380 3416 1465 3476 pm,

45 3626 47 3687 l

113 3477 248 3541 scissura
279 3478 408 3556 prioris
431 3478 608 3554 vestigium
632 3478 768 3555 aliquod
793 3478 891 3540 inve·

45 3592 46 3607 ²
113 3573 407 3653 lile·l‘flssi¹111¹<lu⁰
429 3576 490 3647 0⁸1»
517 3577 553 3637 ui
573 3575 630 3652 (11¹1
651 3576 789 3638 ruinoso
813 3589 892 3637 ⁰01⁹·
947 3594 998 3653 De
1019 3590 1159 3665 pietate
1185 3590 1326 3665 effectu,
1350 3590 1384 3651 ct
1412 3592 1579 3663 quomedo
1603 3591 1740 3651 ratione

45 3718 47 3777 ὲ
113 3672 233 3745 pusculo
252 3673 347 3734 servi
368 3672 428 3732 Dei
450 3671 566 3733 sedule
580 3672 798 3743 ministrarat,
814 3672 891 3732 rui·
1003 3688 1379 3749 carenppappdepantur
1392 3689 1437 3748 aa
1450 3688 1679 3761 ipsummet,

112 3769 180 3831 turae
201 3769 321 3831 domus
344 3769 488 3846 propriae
510 3769 661 3846 periculo
677 3771 890 3845 praecaveret.

146 3865 209 3929 hlio
220 3883 355 3945 quoque
367 3868 515 3943 tempore
527 3867 580 3927 vir
589 3866 649 3927 Dei
662 3867 702 3927 ad
716 3866 893 3942 quamdam
988 3865 1101 3927 Pietas
1123 3879 1214 3935 vera,
1238 3879 1311 3940 qnae
1333 3863 1526 3925 seeundum·
1546 3864 1740 3940 Apostolum

115 3976 241 4024 smmum
255 3962 444 4026 transferre
468 3978 506 4024 se
526 3963 654 4036 volens,
676 3964 713 4024 ut
732 3964 780 4024 ibi
804 3962 892 4025 libe·
948 3961 1114 4023 adomnia
1129 3960 1229 4032 valet,
1250 3961 1334 4021 adeo
1358 3975 1417 4021 cor
1434 3960 1604 4022 Francisci
1625 3962 1740 4038 reple·

115 4057 172 4120 rius
193 4060 466 4138 contemplationi
489 4062 640 4133 vacaret,
664 4062 742 4137 quia
773 4060 893 4121 debilis
944 4060 1053 4130 verat,
1076 4073 1116 4119 ac
1137 4059 1383 4133 penetraverat,
1401 4058 1552 4120 uttotum
1570 4058 1741 4119 videretur

118 4158 188 4229 erat,
208 4159 384 4235 cujusdam
412 4157 477 4219 viri
507 4158 664 4235 pauperis
698 4157 894 4219 vectabatur
947 4170 1081 4216 servum
1097 4155 1157 4215 liei
1171 4155 1207 4215 in
1222 4170 1319 4216 suum
1332 4153 1528 4216 vendicasse
1542 4154 1736 4214 dominium.

118 4254 212 4316 asello.
241 4259 391 4333 Cumque
425 4254 544 4317 diebus
579 4255 706 4316 aestivis
731 4253 892 4315 famulum
947 4255 1027 4313 Haec
1038 4252 1098 4323 est,
1112 4267 1185 4328 quae
1196 4252 1303 4329 ipsum
1314 4266 1374 4326 per
1384 4249 1591 4311 devotionem
1606 4266 1739 4310 sursum

117 4349 219 4414 Christi
233 4353 404 4431 sequendo
418 4353 471 4414 vir
485 4353 542 4413 ille
555 4352 713 4413 montana
726 4367 891 4412 conscen·
947 4349 1068 4425 agebat
1090 4349 1126 4409 in
1150 4350 1264 4419 Deum,
1280 4363 1339 4423 per
1357 4347 1621 4424 compassionem
1634 4349 1741 4409 trans·

118 4443 202 4522 deret,
213 4451 377 4528 asperiori
389 4452 422 4511 et
431 4450 575 4525 longiori
588 4450 708 4510 itinere
721 4448 890 4524 fatigatus,
947 4446 1112 4509 formabat
1123 4446 1156 4506 in
1166 4446 1344 4515 Christum,
1358 4460 1417 4520 per
1425 4443 1739 4507 condescensionem

117 4543 264 4624 nimioque
293 4548 367 4610 sitis
388 4547 509 4609 ardore
536 4545 705 4616 deficiens,
727 4546 894 4607 instanter
947 4542 1131 4605 inclinabat
1140 4541 1181 4603 ad
1193 4542 1439 4618 proximum;et
1450 4542 1739 4617 peruniversalem

119 4643 200 4719 capit
218 4646 363 4707 clamare
390 4640 463 4721 post
487 4645 638 4705 sanctum
663 4665 670 4703 ι
694 4645 742 4703 En
766 4644 894 4704 morior
947 4640 1215 4704 conciliationem
1239 4639 1280 4699 ad
1302 4638 1453 4715 singula,
1478 4638 1681 4715 refigurabat
1699 4641 1741 4703 ad

120 4735 234 4821 (inquit)
254 4744 323 4815 siti,
340 4742 407 4803 nisi
430 4742 540 4819 poculi
563 4740 706 4818 alicujus
728 4739 896 4801 beneflcio
947 4737 1149 4800 innocentiae
1172 4737 1305 4798 statum.
1327 4738 1479 4814 Cumque
1493 4752 1553 4813 per
1575 4736 1662 4798 hanc
1687 4738 1741 4815 pie

120 4839 255 4902 mutinuo
282 4840 461 4902 refociller.
486 4837 619 4915 Absque
643 4854 736 4899 mora
756 4838 810 4898 vir
832 4838 893 4898 Dei
948 4836 1138 4898 moveretur
1170 4834 1211 4895 ad
1245 4834 1368 4905 omnia,
1408 4834 1599 4910 specialiter
1630 4835 1740 4895 tamen

120 4937 264 5007 prosilivit
273 4938 315 4998 de
327 4938 434 5009 asino,
445 4937 480 4998 et
494 4936 570 4997 ilxis
585 4936 620 4996 in
635 4936 725 4997 terra
740 4934 891 5012 genibus,
948 4934 1078 4995 animas
1098 4931 1220 4993 Christi
1239 4934 1318 4993 Jesu
1339 4932 1503 5007 sanguine
1522 4931 1667 5027 pretioso
1686 4946 1741 4992 re-

121 5031 229 5104 palmas
252 5035 392 5098 tetendit
413 5035 448 5094 iu
472 5034 603 5104 ooelum,
621 5048 718 5094 orare
733 5048 800 5094 non
816 5048 893 5093 ces-
948 5032 1109 5108 demptas,
1138 5046 1213 5091 cum
1245 5034 1399 5091 cerneret
1430 5028 1598 5104 inquinari
1628 5028 1741 5105 aliqua

123 5141 195 5200 sans,
210 5132 312 5194 donec
325 5149 360 5195 se
373 5131 539 5195 intellexit
561 5131 721 5192 auditum.
737 5130 894 5191 Oratione
949 5130 1048 5190 sorde
1078 5129 1205 5205 peccati
1235 5128 1327 5188 tauta
1358 5125 1583 5186 miserationis
1611 5125 1740 5186 teneri-

123 5221 235 5290 tnndem
247 5231 338 5293 linita
357 5252 364 5291 :
383 5230 653 5305 Festinainquit
674 5229 758 5300 viro,
774 5227 814 5288 ad
832 5243 893 5304 pe·
949 5226 1065 5290 tudine
1078 5223 1282 5301 deplorabat,
1300 5224 1336 5283 ut
1348 5238 1405 5282 eas
1417 5224 1573 5296 tanquam
1587 5224 1694 5282 mater
1707 5223 1742 5283 in

125 5322 194 5383 tram
211 5326 310 5399 illam,
329 5330 362 5389 et
374 5327 446 5388 illic
458 5342 577 5403 aquam
598 5326 711 5387 vivam
731 5325 893 5395 invenies,
951 5324 1083 5384 Christo
1097 5322 1245 5399 quotidie
1269 5318 1459 5396 parturiret.
1477 5318 1516 5379 ut
1543 5318 1615 5379 haec
1641 5334 1744 5395 penes

126 5432 207 5493 quam
218 5423 277 5485 tibi
293 5425 356 5487 bac
369 5425 451 5486 hora
468 5424 731 5486 misericorditer
745 5423 896 5484 Christus
951 5422 1062 5497 ipsum
1079 5434 1180 5480 causa
1195 5416 1362 5493 praecipua
1379 5414 1562 5476 verterandi
1578 5415 1637 5477 Dei
1651 5416 1744 5479 verbi

127 5512 159 5574 dc
170 5518 270 5595 lapide
280 5522 454 5584 bibendam
469 5522 637 5599 produxit.
653 5521 821 5598 stupenda
836 5519 896 5581 Dei
952 5518 1135 5588 ministros,
1153 5514 1238 5593 quod
1262 5528 1374 5573 semen
1390 5510 1486 5573 iratri
1502 5529 1564 5573 suo
1575 5512 1742 5589 deiuncto,

130 5608 266 5691 tignano,
282 5635 354 5696 quae
371 5618 478 5682 servis
502 5619 571 5680 suis
591 5620 658 5681 tam
675 5618 773 5680 iacile
788 5634 823 5681 se
839 5619 894 5679 in·
914 5620 916 5626 '
954 5614 1111 5679 videlicet
1133 5613 1264 5674 Christo
1289 5626 1349 5687 pro
1382 5610 1612 5690 peccatoribus
1637 5613 1746 5673 cruci-
