3950 6200
85 323 126 390 iii
646 323 971 388 PROLEGOMENA.
993 352 1035 370 -
1055 321 1164 383 VITA.
1203 363 1210 378 .

93 487 161 553 aeds
177 501 256 550 aves
270 485 372 549 circa
390 485 499 565 ipsius
510 485 666 548 cellulam
683 484 872 559 volitantes,

97 586 230 651 concentu
244 600 377 647 sonoro
402 585 437 646 et
457 584 581 646 laetitias
600 583 761 660 gestibus,
777 583 874 659 quasi

98 681 361 760 deejusadventu
375 679 570 758 gaudentes,
581 682 708 758 patrem
718 681 810 757 pium
825 680 875 740 in·

100 782 181 844 utare
206 795 245 840 ac
265 779 411 840 allicere
435 778 633 840 videbantur
662 777 704 839 ad
732 792 872 838 moram.

101 882 153 951 Quo
170 878 250 948 viso,
272 877 363 938 dixit
387 877 429 938 ad
453 877 602 937 socium:
619 877 738 947 Cerno,
755 874 872 947 nater,

102 975 255 1038 voluntatis
281 989 358 1034 esse
382 973 516 1045 divinae,
541 972 627 1050 quod
641 972 876 1050 bicaliquam-

101 1063 141 1134 lid
162 1086 415 1142 commoremur,
430 1072 559 1132 tantvm
580 1085 713 1132 sorores
732 1070 874 1131 aviculae

36 1227 39 1228 γ
103 1170 252 1231 innostra
279 1169 440 1230 videntur
472 1168 653 1244 praesentia
692 1166 872 1229 consolari.

40 1307 43 1311 ι
103 1269 163 1327 dum
184 1267 286 1341 igitur
301 1263 526 1327 'contraheret
550 1265 598 1325 ibi
624 1279 762 1337 moram,
787 1263 874 1326 falco

102 1363 199 1424 ibidem
225 1362 402 1424 nidificans
430 1377 551 1437 magno
577 1378 614 1423 se
642 1362 694 1423 illi
718 1361 873 1422 amicitias

99 1460 203 1522 tedere
216 1459 395 1536 copulavit.
414 1460 500 1520 Nam
515 1473 647 1537 semper
660 1459 778 1520 boram
793 1473 875 1520 noe

99 1557 181 1618 turno
199 1557 358 1631 tempore,
388 1555 424 1616 in
439 1571 504 1632 qua
530 1556 583 1617 vir
601 1556 661 1615 Dei
675 1556 811 1617 sanctus
832 1554 873 1615 ad

99 1653 194 1714 divim
204 1651 313 1714 oiiicia
329 1667 466 1728 surgere
476 1652 595 1714 solitus
607 1652 690 1723 erat,
701 1653 803 1714 cantu
813 1666 874 1712 suo

102 1748 304 1827 proveniebat
315 1750 349 1811 et
362 1765 455 1810 sono.
473 1750 565 1822 Quod
581 1749 706 1811 iamulo
721 1750 780 1811 Dei
795 1764 876 1825 gra·

101 1847 242 1909 tissimm
262 1848 347 1918 erat,
376 1862 416 1908 eo
430 1847 518 1923 qnod
540 1848 634 1909 taum
661 1847 871 1919 sollicitudo,

100 1960 183 2021 qnam
207 1944 295 2006 circa
321 1959 397 2004 enm
421 1943 567 2019 gerebat,
589 1958 720 2006 omnem
735 1942 778 2004 ab
801 1944 874 2020 ipso

99 2044 243 2119 torporem
258 2041 397 2103 desidiae
419 2041 599 2103 excuteret.
611 2044 693 2102 ilum
708 2057 788 2103 vero
802 2056 875 2103 ser-

97 2140 274 2202 vusillrrisii
295 2139 491 2200 inilrmitate
512 2139 586 2215 plus
601 2139 701 2200 solito
715 2153 875 2216 gravare·

99 2236 153 2307 tur,
176 2236 327 2313 parcebat
349 2234 446 2307 raico,
474 2252 536 2297 nec
562 2238 629 2298 tam
660 2235 874 2312 tempestivas

100 2331 247 2394 indicebat
260 2333 406 2408 vigilias.
423 2333 458 2393 Sl
473 2333 606 2409 quidem
620 2332 713 2395 velut
725 2334 873 2394 instruc-

98 2429 143 2489 tus
155 2445 173 2491 a
186 2433 261 2498 Deo,
275 2431 367 2492 circa
391 2430 572 2491 diluculum
586 2446 656 2492 suae
669 2431 762 2492 vocis
777 2446 873 2492 cam-

98 2542 201 2602 panam
219 2526 285 2589 levi
309 2528 400 2589 tactu
422 2526 585 2603 pulsabat.
601 2528 766 2588 Divinum
784 2529 874 2589 certe

98 2623 211 2685 videtur
231 2624 337 2686 inisse
359 2624 569 2701 praesagium,
584 2625 652 2685 tam
676 2625 711 2685 in
741 2625 874 2686 exulta-

31 2771 33 2776 .
99 2719 176 2782 tiene
197 2721 381 2783 multimodi
407 2722 540 2797 generis
564 2723 688 2793 avium,
715 2737 815 2799 quam
837 2722 873 2783 in

31 2831 33 2908 g
100 2819 186 2878 matu
204 2818 354 2891 falconis,
379 2834 454 2879 cum
477 2819 537 2880 Dei
552 2819 706 2881 laudator
718 2820 752 2881 et
765 2818 874 2880 cultor

96 2915 197 2987 munis
216 2915 506 2993 contemplationis
520 2916 707 2989 subvectus,
724 2916 804 2978 tnnc
819 2915 870 2977 io·

31 3015 33 3030 ¹
97 3011 613 3089 retillicapparitioneseraphica
629 3013 871 3074 sublimandus.

31 3152 33 3171 .
127 3111 243 3171 liorem
268 3127 309 3172 eo
335 3110 478 3172 iaciente
505 3114 653 3188 tempore
677 3111 820 3188 quodam
835 3111 872 3172 in

92 3207 265 3269 eremitorio
278 3209 411 3280 Graecii,
428 3207 493 3269 loci
508 3208 601 3269 iliius
616 3208 784 3284 indigenae
799 3224 874 3269 ma·

91 3300 127 3363 lis
139 3304 369 3383 multiplicibus
383 3304 603 3367 vexabantur.
622 3306 706 3367 Nam
724 3306 757 3367 et
770 3305 871 3382 lupo-

31 3420 33 3483 ᾗ
91 3414 155 3461 rum
169 3404 337 3479 rapacium
350 3403 539 3473 multitudo,
557 3402 741 3463 noneolum
759 3401 871 3474 bruta,

91 3496 139 3557 sed
156 3501 188 3559 ei
208 3500 360 3561 homines
373 3499 600 3570 consumebat,
616 3501 650 3560 et
664 3499 790 3575 grando
811 3515 873 3559 an-

31 3596 33 3657 l
92 3607 148 3654 nna
160 3597 353 3674 tempestate
376 3596 473 3658 blada
489 3600 522 3658 et
535 3597 652 3658 vineas
666 3596 870 3657 devastabat.

90 3690 163 3751 Dum
181 3694 283 3769 igitur
305 3695 355 3755 sic
376 3694 509 3755 afflictis
532 3709 641 3770 praeco
659 3694 747 3754 sacri
763 3696 873 3754 livan-

1667 321 1727 382 118

927 483 1082 546 bomines
1103 481 1143 543 ad
1166 480 1322 559 pietatem
1341 494 1521 541 conversos
1535 479 1726 542 atenaco-

928 579 1161 656 runtamplius
1174 579 1346 649 desaevire,
1363 577 1521 655 quamdiu
1532 578 1631 655 juxta
1646 592 1728 638 con·

929 678 1052 740 dictum
1081 679 1197 739 contra
1224 677 1391 754 piissimas
1417 676 1477 736 Dei
1505 675 1596 751 leges
1625 675 1727 751 impie

928 791 993 836 nou
1010 776 1159 848 egerunt.
1182 775 1241 835 Pie
1260 774 1363 849 igitur
1379 772 1587 834 sentiendum
1610 773 1661 832 est
1684 772 1727 832 de

928 874 1052 950 pietate
1067 874 1132 933 viri
1146 872 1246 942 beati,
1262 888 1334 949 quae
1345 872 1413 932 tam
1429 871 1522 931 mirae
1540 869 1726 931 dulcedinis

929 974 962 1032 et
973 971 1107 1031 virtutis
1122 969 1195 1042 ierit,
1211 972 1249 1030 ut
1263 969 1412 1030 domaret
1432 968 1568 1038 ferocia,
1589 967 1725 1027 domes-

928 1068 1047 1129 ticaret
1061 1067 1242 1135 silvestria,
1259 1067 1431 1127 mansueta
1445 1065 1588 1136 doceret,
1601 1064 1726 1126 etbru·

926 1167 1037 1226 torum
1053 1165 1218 1236 naturam,
1231 1165 1434 1240 bemiuijam
1446 1164 1540 1239 lapso
1553 1162 1723 1234 rebellem,

928 1262 1047 1323 adsui
1073 1261 1296 1323 obedientiam
1321 1260 1510 1322 inclinaret.
1537 1261 1624 1320 Vere
1653 1259 1726 1320 haec

929 1361 990 1431 est,
1001 1376 1074 1436 qnae
1090 1374 1205 1420 omnes
1220 1359 1392 1420 creaturas
1407 1357 1471 1418 sibi
1482 1356 1724 1426 confoederans,

927 1454 1725 1531 valetadomniapromissionembebevcselice,
1835 1493 1840 1498 -

928 1569 1006 1629 cccco
1017 1569 1109 1617 oenc
1121 1556 1184 1627 esi,
1201 1556 1235 1617 ei
1248 1555 1381 1629 acturae
1396 1552 1426 1633 (1
1439 1553 1537 1625 Tim„
1550 1569 1594 1623 vv,
1608 1549 1653 1631 8).

1213 1805 1436 1894 cirurgis.

991 1976 1042 2035 De
1066 1975 1208 2049 [errore
1239 1974 1411 2044 caritatis,
1435 1973 1470 2034 ei
1493 1974 1662 2033 desiderio

1240 2071 1418 2144 carterii.

969 2237 1147 2299 caritatem
1169 2236 1443 2315 ferventemqua
1461 2237 1581 2314 Sponsi
1599 2238 1726 2302 amicus

928 2334 1128 2396 Franciscus
1141 2333 1289 2406 ardebat,
1300 2336 1373 2412 quis
1386 2350 1545 2396 enarrare
1560 2334 1725 2395 sufficiat?

928 2432 1029 2492 Totus
1043 2447 1187 2508 namque
1203 2433 1299 2509 quasi
1326 2433 1458 2509 quidam
1483 2431 1582 2493 carbo
1599 2431 1723 2507 ignitus

929 2528 1033 2589 divini
1058 2529 1181 2589 amoris
1195 2529 1327 2590 ilamma
1348 2529 1522 2591 videbatur
1536 2529 1722 2606 absorptus.

930 2624 1045 2688 Subito
1059 2627 1148 2687 enim
1162 2627 1202 2688 ad
1218 2627 1367 2688 auditum
1378 2629 1502 2688 amoris
1516 2627 1648 2688 Domini
1663 2642 1725 2687 ex-

928 2722 1105 2796 citabatur,
1114 2723 1619 2796 inflammabatur,alliciebatur,
1629 2723 1725 2802 quasi

927 2819 1055 2896 plectro
1077 2822 1170 2882 vocis
1189 2821 1387 2883 extrinsecae
1402 2822 1527 2883 chorda
1541 2822 1651 2884 cordis
1665 2821 1724 2882 in-

928 2916 1034 2978 terior
1061 2919 1264 2993 tangeretur.
1282 2918 1395 2979 Talem
1417 2935 1477 2996 pro
1501 2918 1723 2996 eleemosynis

928 3028 1064 3074 censum
1079 3014 1212 3086 offerre,
1227 3015 1370 3076 nobilem
1387 3016 1652 3092 prodigalitatem
1668 3016 1723 3076 di·

928 3110 1033 3182 cebet,
1050 3111 1084 3172 et
1102 3127 1170 3184 eos,
1190 3113 1246 3189 qui
1262 3112 1371 3173 minus
1384 3113 1492 3189 ipsum
1507 3129 1606 3189 quam
1619 3114 1724 3176 deua-

927 3207 997 3267 rios
1021 3209 1225 3284 reputarent,
1244 3225 1318 3270 esse
1347 3210 1571 3276 stultissimos,
1600 3224 1660 3287 pra
1681 3225 1723 3271 eo

928 3304 1015 3379 qued
1031 3304 1137 3365 solius
1156 3305 1261 3367 divini
1277 3307 1401 3367 amoris
1416 3306 1637 3383 impretiabile
1652 3322 1725 3384 pre·

927 3401 1010 3462 tium
1025 3401 1067 3461 ad
1081 3417 1222 3477 regnum
1244 3404 1404 3464 coelorum
1419 3403 1564 3465 sniiiciat
1582 3419 1721 3480 compa·

928 3485 1723 3576 randum,etejus,quinosmultumamavit,mui·

927 3595 997 3656 tum
1008 3582 1154 3656 sitamor
1164 3596 1336 3656 amandus.
1345 3598 1507 3659 Utautem
1516 3613 1558 3659 ex
1568 3596 1721 3660 omnibus

927 3691 1132 3753 excimretur
1150 3692 1191 3753 ad
1217 3709 1363 3753 amorem
1378 3694 1539 3767 divinum,
1553 3694 1725 3756 exultabat

31 3814 33 3861 Ι
88 3787 158 3861 gelii
171 3791 380 3866 praedicaret,
391 3790 477 3852 dixit
498 3791 539 3851 ad
555 3790 698 3851 eoszrid
711 3792 872 3852 honorem
926 3790 961 3849 in
977 3791 1106 3850 cunctis
1117 3790 1273 3866 operibus
1288 3807 1444 3852 manuum
1459 3792 1602 3865 Domini,
1617 3795 1649 3853 ei
1665 3808 1725 3868 per

89 3886 117 3944 et
129 3884 254 3948 laudem
265 3888 327 3949 Dei
341 3888 589 3965 omnipotentis,
602 3886 768 3963 iidsjubeo
778 3886 872 3949 vobis
922 3887 1144 3962 jucunditatis
1159 3887 1294 3964 specula
1309 3888 1344 3948 in
1362 3888 1528 3949 vivificam
1544 3905 1726 3965 consurge-

90 3982 165 4056 quod
191 3985 380 4059 pestilentia
407 3984 481 4045 irasc
508 3985 616 4045 omnis
645 3983 822 4059 abscedat;
839 3986 873 4047 et

87 4081 253 4155 respiciens
280 4096 340 4142 vos
367 4082 527 4142 Dominus
561 4081 798 4158 multiplicabit
836 4083 871 4142 in

87 4174 310 4253 temporalibus
334 4178 443 4249 bonis,
469 4178 499 4238 si
521 4179 604 4239 milri
620 4179 792 4241 credentes
807 4180 873 4240 mi·

89 4277 250 4336 missuum
264 4276 383 4343 vestri,
397 4275 434 4336 ut
454 4288 535 4337 vera
559 4276 771 4355 confessione
783 4292 873 4353 prae-

89 4370 176 4433 missa
200 4374 318 4450 dignos
347 4372 479 4434 iactatis
499 4373 705 4449 poenitenciae
731 4372 869 4434 tructus.

89 4467 195 4531 lterum
209 4471 272 4532 boc
288 4471 451 4532 annuntio
466 4470 574 4541 vobis,
591 4470 677 4547 quod
700 4471 729 4530 si
744 4470 871 4532 beneti-

89 4563 141 4624 ciis
165 4567 283 4644 ingrati
307 4567 350 4629 ad
375 4567 535 4629 vomitum
555 4567 710 4629 conversi
725 4566 868 4639 fueritis,

89 4658 871 4742 innovabiturplaga,duplicabiturpoena,etma-

87 4757 144 4828 iori
154 4761 185 4822 iu
197 4779 255 4824 vos
270 4762 323 4822 ira
337 4762 507 4824 desaeviet.
521 4761 569 4822 Ab
584 4761 643 4823 illa
659 4763 774 4838 ntique
785 4763 870 4824 hora

32 4928 33 4943 χ
91 4860 299 4928 penitentiam
310 4859 352 4920 ad
363 4859 631 4921 exhortationem
641 4859 748 4935 ipsius
759 4874 868 4935 agen·

92 4948 166 5015 tibus
181 4956 257 5028 illis,
283 4958 502 5017 cessaverunt
526 4956 648 5027 clades,
664 4956 795 5032 periere
810 4972 871 5033 pe-

94 5047 191 5123 ricula,
205 5070 265 5115 nec
276 5053 438 5114 molestiae
449 5053 628 5130 quidquam
640 5053 711 5130 lupi
726 5054 870 5115 intulere

95 5148 502 5227 sslgrandines.1mo,qnod
512 5150 868 5228 majnsesi,siquando

37 5310 38 5317 χ
95 5243 256 5309 vicinorum
272 5264 354 5310 arva
366 5249 494 5323 grando
510 5248 716 5324 pervaderet,
729 5249 868 5310 istorum

97 5340 223 5407 terminis
236 5346 522 5424 appropinquans,
542 5345 786 5408 terminabatur
799 5346 868 5407 ibi-

97 5436 165 5512 den,
179 5445 281 5506 autin
304 5447 435 5521 partem
457 5444 557 5504 aliam
573 5442 767 5506 divertebat.
786 5447 869 5505 Ces·

33 5560 34 5567 κ
99 5538 167 5600 savii
185 5540 323 5617 mando,
352 5541 572 5603 servaverunt
592 5542 625 5603 et
650 5541 720 5618 lupi
741 5542 870 5617 pactio·

97 5646 154 5695 nem
162 5640 245 5699 servi
265 5639 338 5710 Dei,
358 5652 420 5699 nee
438 5640 553 5699 contra
567 5639 699 5715 pietatis
714 5639 820 5714 legem
834 5639 867 5698 in

926 3982 983 4044 bat
995 3984 1158 4045 rationem
1167 3987 1200 4046 et
1212 4000 1358 4047 causam.
1369 3986 1594 4048 contuebatur
1603 3987 1638 4047 in
1649 3987 1726 4064 pul-

927 4080 1017 4140 cirris
1032 4082 1304 4157 pulcherrimum,
1321 4083 1354 4144 et
1368 4098 1428 4159 per
1440 4083 1602 4160 impressa
1624 4082 1724 4143 rebus

925 4177 1086 4253 vestigia,
1117 4179 1382 4255 prosequebatur
1408 4179 1529 4256 ubique
1553 4180 1721 4253 dilectum,

926 4273 967 4335 de
987 4275 1141 4335 omnibus
1166 4276 1230 4336 sibi
1254 4277 1378 4337 scalam
1393 4276 1530 4347 iaciens,
1551 4292 1611 4353 per
1624 4293 1723 4353 qnam

926 4372 1166 4434 conscenderet
1180 4373 1220 4433 ad
1234 4373 1550 4449 apprehendendum
1564 4389 1650 4445 enm,
1666 4374 1723 4451 qui

926 4469 1074 4531 esttotus
1086 4469 1499 4532 desiderabilislnanditae
1511 4486 1653 4548 namque
1669 4472 1724 4533 de·
1775 4544 1776 4555 χ

924 4566 1070 4627 vodonis
1081 4567 1214 4638 affectu,
1225 4566 1675 4630 fontalemillambonitatem
1686 4568 1722 4631 iu

925 4664 1090 4724 creaturis
1118 4664 1271 4740 siugulis,
1288 4666 1446 4741 tanquam
1470 4666 1504 4726 in
1525 4667 1646 4728 rivulis
1659 4669 1722 4729 de-

924 4760 1092 4835 gustabat,
1127 4762 1159 4822 et
1195 4761 1290 4838 quasi
1319 4762 1487 4825 coelestem
1525 4766 1721 4826 concentum

924 4838 1112 4935 perciperet
1126 4860 1160 4919 in
1176 4861 1395 4922 consonantia
1416 4862 1586 4933 virtutum,
1612 4862 1646 4923 et
1659 4877 1720 4922 ac-

923 4958 1017 5017 tuum
1044 4957 1093 5016 eis
1115 4956 1268 5019 datorum
1290 4974 1309 5018 a
1332 4960 1410 5030 Deo,
1428 4960 1518 5034 ipsas
1533 4958 1574 5018 ad
1590 4958 1721 5017 laudem

924 5051 1055 5113 Domini
1070 5069 1163 5115 more
1176 5054 1345 5131 propheta
1361 5056 1465 5117 David
1481 5055 1622 5115 dulciter
1637 5054 1720 5115 lior·

923 5149 1068 5212 tabatur.

963 5247 1115 5309 Christus
1142 5251 1242 5310 iesus
1272 5248 1452 5310 crucifixus
1479 5248 1569 5308 intra
1600 5249 1721 5309 mentis

924 5360 994 5407 suae
1020 5345 1135 5417 ubera,
1152 5347 1188 5408 nt
1212 5347 1361 5423 myrrhae
1383 5344 1574 5416 fasciculus,
1594 5346 1722 5422 jugiter

923 5443 1127 5515 morabatur,
1156 5445 1190 5502 in
1204 5460 1300 5520 quem
1326 5441 1462 5519 optabat
1475 5457 1535 5518 per
1554 5443 1720 5507 excessivi

923 5541 1048 5601 amoris
1074 5540 1265 5602 incendium
1299 5540 1446 5601 totaliter
1471 5540 1719 5604 transformari.

924 5638 1150 5714 Praerogativa
1176 5652 1306 5715 quoqne
1327 5636 1507 5713 peculiaris
1532 5639 1718 5707 devotionis
