3950 6200
226 243 289 305 603
648 240 683 301 S.
709 238 885 302 ANTONII
915 241 1104 304 Pandam
1134 242 1272 306 OPERA
1303 243 1450 308 OMNIA.

227 413 346 466 manos
371 397 533 471 imitatur,
563 397 622 460 sad
647 399 779 461 ratione
807 400 933 462 caret:
961 415 1022 477 per
1343 431 1483 496 SERMO
1506 431 1595 493 xm·

227 514 329 576 quam
340 495 574 572 intelliguntur
588 494 649 568 illl,
661 496 717 573 qui
729 497 911 574 imaginem
922 513 1023 560 sanc-

227 596 334 660 titatis
357 593 490 666 habeut,
511 609 579 656 non
602 594 833 670 exstantiam
856 594 954 658 bonis
985 610 1022 658 se
1312 583 1354 639 ΒΘ
1373 581 1521 654 iniquiore
1539 583 1636 640 uvas.

226 692 410 772 prnderunt
430 692 592 769 qnantum
605 691 648 753 ad
663 693 844 765 exteriora,
860 693 1023 756 sedim-
1076 726 1291 797 ΝΜ
1299 726 1432 800 jum
1452 726 1567 799 form,
1583 726 1616 788 eg
1637 727 1781 802 palpem,
1794 730 1844 792 etc,

225 790 368 856 tionules
386 791 465 852 sunt
480 790 640 865 quantum
660 789 701 851 ad
728 789 901 853 interiora.
923 790 1021 852 Tales
1304 820 1409 902 (M
1425 825 1456 895 7,
1470 825 1511 884 12
1523 823 1566 885 ad
1581 823 1647 903 10),

225 887 424 966 quandoque
437 885 615 948 transferri
630 884 710 948 tacit
724 901 824 948 verus
850 887 1018 960 Salomon,

223 985 311 1048 idest
322 984 474 1046 Christus
488 984 528 1046 de
542 983 692 1056 Tharsis,
709 983 795 1046 idest
809 984 849 1046 de
863 984 1023 1061 explora·
1114 982 1203 1044 Dens
1218 980 1382 1058 siquidem
1387 981 1505 1059 iudex,
1521 984 1671 1060 etjustnn
1680 986 1745 1057 θεῖς
1756 985 1846 1049 daen-

223 1082 315 1145 tione
348 1081 464 1158 gaudii
496 1082 690 1158 temporalis
727 1081 763 1142 in
798 1080 1021 1144 ministerium
1071 1077 1398 1156 jusjudiciijustitia
1408 1080 1489 1142 dicit
1500 1080 1563 1143 Job
1574 1079 1618 1160 (9,
1632 1081 1844 1160 19θῖ20);«8ῖ

224 1196 331 1244 suum.
350 1182 431 1241 item
447 1179 500 1240 leo
515 1179 716 1242 naturaliter
727 1179 863 1241 veretur
881 1179 1018 1254 gallum,
1075 1174 1215 1252 aequitas
1237 1176 1358 1253 judicii
1377 1177 1550 1254 quaeritur,
1565 1192 1663 1240 nemo
1686 1180 1781 1241 audet
1796 1197 1844 1258 pro

224 1278 259 1339 et
275 1276 420 1338 maxima
444 1275 567 1337 album.
586 1276 641 1336 Sic
661 1274 813 1351 diabolus
832 1274 1018 1352 praelatum,
1075 1288 1129 1335 ma
1149 1272 1376 1335 testimonium
1389 1274 1539 1337 reddere.
1559 1276 1596 1338 Si
1612 1277 1793 1352 justificare
1804 1295 1846 1341 me

223 1374 296 1436 sive
318 1372 583 1451 praedicatorem,
609 1373 644 1433 et
668 1373 813 1434 maxime
840 1372 1019 1434 continen·
1074 1369 1390 1443 voluero,osmeum
1399 1371 1847 1437 condemnabitmezffiinno

223 1473 302 1542 tem,
326 1469 370 1532 ds
393 1485 457 1548 quo
480 1468 738 1531 Proverbiorum
762 1468 875 1549 (sum
893 1471 926 1531 et
939 1467 1017 1548 32):
1074 1469 1202 1530 centem
1212 1483 1265 1530 me
1273 1468 1459 1542 ostendero,
1469 1485 1668 1548 prarumme
1676 1472 1847 1549 comproba·

220 1567 371 1630 «Gallus
395 1567 584 1628 succinctus
605 1565 754 1641 lumbos3
771 1569 805 1628 θῖ
825 1566 915 1628 aries
932 1581 1019 1628 :neo
1073 1563 1207 1630 ononi
1219 1579 1299 1627 rere
1313 1568 1603 1644 prarumcomnes
1623 1568 1714 1630 enim
1724 1570 1845 1645 Justitiu

222 1664 343 1741 estqui
363 1663 501 1726 resistat
517 1663 562 1726 ei.
578 1664 618 1726 Et
640 1663 697 1740 qui
712 1662 834 1725 stultus
846 1678 1017 1740 apparue-
1073 1677 1157 1724 mem
1170 1663 1327 1740 tanquam
1340 1679 1470 1741 pannus
1484 1664 1637 1727 mulieris
1652 1669 1845 1729 menstruata

222 1762 267 1824 rit
289 1759 349 1842 (1),
370 1762 544 1838 postquam
560 1759 710 1823 elevatus
733 1760 783 1822 ast
807 1760 843 1821 in
862 1759 1016 1822 sublime
1074 1755 1153 1836 (isa.
1166 1762 1217 1831 od,
1227 1758 1274 1838 6).
1289 1761 1335 1822 rt
1343 1763 1461 1835 sorim
1472 1762 1560 1824 unde
1574 1762 1610 1822 in
1622 1762 1738 1824 eodem
1747 1763 1843 1842 dotti,

221 1861 261 1922 Et
272 1859 334 1921 Job
349 1857 418 1938 (38,
432 1858 487 1937 36)
500 1880 508 1918 ε
526 1861 608 1926 Quis
619 1858 712 1920 dedit
730 1862 817 1933 quito
831 1859 1019 1934 trttclltqee·
1074 1853 1127 1934 19)
1141 1872 1181 1916 :c
1198 1856 1232 1917 Si
1248 1856 1409 1918 tortitudo
1428 1859 1599 1935 queritur,
1615 1859 1843 1922 robustissimus

222 1955 459 2022 tlmuttiallus
479 1971 515 2018 εθ
539 1955 603 2018 alis
624 1954 732 2031 primo
753 1954 889 2024 excitat.
916 1953 1017 2018 etsie
1071 1953 1139 2026 θεῖ;
1156 1952 1578 2032 »θῖῖῖθτιιωεῦθιιε,θιι]θε
1593 1957 1844 2019 iraenemoresis

221 2054 329 2116 lucem
346 2054 521 2116 venturam
541 2051 731 2114 denunciat
748 2052 804 2112 Sic
818 2049 1018 2129 praedicator
1071 2052 1142 2111 tere
1152 2051 1270 2126 potest.
1286 2052 1331 2112 Εῖ
1350 2053 1508 2125 pultem
1519 2056 1685 2127 Nwsqstd
1699 2057 1844 2116 irascitur

221 2151 315 2228 prius
335 2165 374 2214 se
390 2149 539 2212 feriendo
565 2148 815 2225 vigilantiorem
839 2163 877 2208 se
894 2146 1014 2220 reddit,
1068 2149 1389 2223 perstuqatosdiest
1397 2150 1554 2220 Quamvis
1565 2150 1609 2211 sit
1614 2152 1760 2224 patiens,
1769 2167 1845 2212 nun·

221 2246 335 2322 sicque
358 2244 490 2312 deinde,
524 2243 633 2305 lucem
654 2242 829 2304 venturam
853 2241 931 2302 aliis
956 2241 1017 2303 de-
1071 2243 1149 2321 quid
1162 2246 1841 2324 nonirasciturtliepatientiuejusstira,

221 2341 425 2413 nunciando,
451 2355 567 2404 rocem
598 2338 848 2418 praedicationis
881 2338 1014 2400 emittit
1071 2340 1166 2402 isaim
1180 2338 1320 2419 (27‚3at
1333 2339 1366 2419 4)
1384 2357 1392 2401 ;
1408 2342 1527 2415 Nocte,
1540 2345 1843 2406 etdtesereoecm:

218 2457 239 2506 ‚e
260 2441 484 2516 persequatur
501 2437 658 2500 iuimicus
682 2435 829 2498 animam
849 2450 969 2507 meam,
983 2438 1016 2497 et
1070 2440 1154 2500 Ecce
1167 2437 1339 2515 patientia.
1354 2440 1393 2500 ut
1408 2438 1594 2515 indignatio
1609 2456 1676 2503 non
1688 2442 1738 2503 θεῖ
1751 2441 1841 2502 miii:

160 2533 167 2544 ’
219 2534 492 2612 comprehendat,
518 2535 554 2595 θῖ
582 2533 755 2598 conculcet
786 2532 935 2594 interra
962 2532 1017 2594 ri-
1069 2534 1166 2613 quasi
1180 2533 1280 2608 dicat,
1293 2535 1465 2607 est,·unde
1476 2537 1626 2613 sequitur
1639 2539 1768 2600 statim:
1783 2537 1844 2615 quis

218 2633 288 2696 tam
303 2646 422 2703 meam,
444 2631 478 2696 et
498 2629 640 2706 gloriam
659 2644 767 2690 meam
790 2628 826 2689 in
842 2628 1015 2704 pulverem
1069 2631 1162 2694 dabit
1175 2646 1227 2693 me
1240 2632 1381 2708 spinam,
1404 2634 1438 2696 et
1455 2636 1614 2712 veprem?
1634 2636 1731 2712 qnasi
1750 2635 1841 2696 dicat:

220 2727 407 2789 deducat.»
426 2729 496 2787 Hoc
517 2726 567 2787 θεῖ
588 2725 674 2802 quod
694 2725 865 2787 diciturin
879 2725 1015 2787 cantico
1069 2727 1232 2806 iniquitas
1256 2731 1368 2792 vestra
1392 2745 1446 2792 me
1464 2731 1665 2793 naturaliter
1686 2733 1800 2802 mitem,
1816 2734 1843 2791 et

220 2823 327 2885 Exodi
342 2820 406 2901 (15,
422 2821 456 2901 9)
473 2843 482 2882 z
500 2824 721 2897 «Persequar
740 2822 774 2883 θῖ
796 2821 1016 2897 comprehen-
1069 2825 1437 2898 misericordem‚laciet
1445 2826 1575 2900 durum,
1586 2829 1619 2889 et
1626 2824 1842 2906 crudelem(3)‚

220 2920 308 2994 dam,
337 2917 483 2981 dividam
513 2917 640 2994 spolia3
670 2934 691 2977 s
711 2917 798 2979 idest
822 2917 1014 2980 membran
1069 2923 1106 2983 ut
1129 2922 1243 2984 vincat
1265 2924 1422 2984 naturam
1446 2938 1565 2986 meam.
1582 2928 1740 2986 Gladium
1756 2937 1844 2986 umus
1914 2947 1915 2950 ¹

219 3016 345 3078 divinis
357 3014 553 3076 ministeriis
574 3013 741 3096 separata,
761 3013 949 3090 iniquitatis
963 3013 1016 3076 ia-
1068 3019 1398 3094 credutmgladio
1415 3019 1521 3097 figura
1527 3021 1648 3099 judicii
1660 3021 1841 3082 declaratur.

218 3114 306 3177 ciam
333 3112 593 3175 iustrumenta:
628 3110 821 3187 evaginato
865 3111 1014 3188 gladium
1069 3116 1204 3178 Gladius
1218 3117 1444 3195 enimpungit,
1457 3118 1588 3191 scindit,
1605 3119 1639 3181 et
1652 3118 1797 3181 contarit
1810 3117 1843 3177 nt

219 3226 347 3286 meum3
369 3209 456 3272 idest
478 3222 609 3272 omnem
630 3207 773 3269 nocendi
800 3206 932 3270 modum
953 3224 1015 3271 ex·
1068 3213 1166 3274 sicin
1189 3212 1297 3290 prima
1315 3216 1412 3290 porta
1426 3214 1491 3277 erit
1505 3215 1652 3291 punctio,
1666 3213 1840 3276 insecenda

218 3308 360 3386 plicabo.
386 3305 543 3384 Sequitur
562 3306 876 3380 scomprelreudun
892 3305 934 3366 de
947 3321 1013 3382 qua
1067 3309 1198 3382 scissio,
1221 3311 1254 3373 et
1277 3309 1410 3372 divisio.
1418 3312 1595 3388 Sophoniae
1603 3309 1648 3390 (1,
1666 3311 1718 3391 lo)
1732 3333 1740 3372 ε
1754 3313 1841 3371 «Vox

220 3404 517 3482 comprehensione
539 3404 576 3465 in
595 3402 739 3464 Threnis
755 3400 802 3481 (1,
817 3400 853 3482 3)
868 3424 876 3464 :
889 3404 1014 3465 Omnes
1067 3406 1244 3469 clamantis
1267 3422 1287 3471 a
1306 3407 1413 3484 prima
1439 3410 1534 3484 porta
1550 3406 1609 3487 (4),
1623 3410 1659 3472 et
1679 3408 1842 3469 ululatusa

216 3502 460 3581 persecutores
486 3504 562 3576 ejus
592 3499 926 3575 compretendersut
954 3497 1012 3579 (2)
1066 3503 1224 3575 secunde,
1241 3505 1275 3566 et
1300 3504 1457 3566 conuitio
1485 3504 1839 3582 magnumuiler.»

217 3615 296 3663 eum
322 3601 418 3663 tuter
439 3597 630 3675 unqusttas.
655 3598 748 3658 'runc
765 3597 854 3658 enim
867 3596 1013 3659 animae
1066 3600 1180 3661 Prima
1190 3601 1286 3676 porta
1300 3601 1365 3662 erit
1385 3601 1420 3662 in
1434 3601 1528 3663 exitu
1539 3602 1581 3664 de
1595 3601 1765 3678 sepulcris,
1776 3614 1838 3661 cun

217 3694 486 3774 persecutoribus
500 3694 599 3756 facile
613 3692 917 3770 comprehenditur,
935 3709 1012 3755 cum
1066 3696 1289 3759 clamabitur:
1306 3698 1440 3774 surgite
1461 3698 1594 3770 mortui,
1611 3699 1668 3776 qui
1687 3696 1799 3775 jaceds
1810 3693 1838 3755 iu

214 3794 384 3857 exanimo
397 3790 605 3867 adipiscendi
618 3789 706 3868 quod
718 3789 871 3861 delectat,
886 3792 921 3852 et
940 3789 1014 3851 evi·
1066 3793 1230 3870 sepulcris
1239 3795 1401 3857 etcTuno
1412 3795 1478 3858 erit
1486 3795 1620 3871 punctio
1631 3797 1730 3872 hujus
1740 3792 1836 3870 gladii.

219 3889 310 3955 tandi
327 3888 415 3966 quod
432 3886 570 3960 cruciat,
591 3886 812 3962 angustietur.
830 3886 1010 3964 Sequitur:
1066 3890 1158 3963 Quod
1172 3892 1284 3954 autem
1296 3892 1458 3968 sequitur,
1474 3892 1624 3954 declarat
1634 3892 1789 3969 judicium
1799 3887 1837 3949 di·

215 3988 261 4051 st
283 3984 464 4048 conculcet.
492 3982 717 4045 Ecclesiastioi
737 3980 852 4063 (9,10)
870 3999 879 4043 :
898 3982 1012 4044 Omnis
1065 3988 1293 4064 sceptatiouis‚
1319 3987 1459 4051 dicendo
1482 3988 1580 4050 malis
1606 4005 1615 4049 ε
1644 3985 1836 4059 Restituta!

215 4083 347 4157 mulier,
371 4081 508 4159 quaeest
526 4079 826 4156 fornicaria,quasl
840 4081 1011 4142 stercusin
1065 4097 1135 4145 nou
1156 4084 1298 4145 dedistis
1319 4087 1406 4145 midi
1426 4087 1639 4146 nmrrdueure
1662 4103 1674 4145 :
1700 4084 1788 4147 stttci
1809 4080 1836 4142 et

214 4183 271 4246 via
285 4181 328 4245 ab
341 4179 495 4243 omnibus
507 4177 785 4255 pretereuntibus
799 4176 1013 4239 conculcabi·
1063 4194 1134 4242 nou
1147 4180 1289 4242 dedistis
1311 4182 1396 4242 miti
1410 4182 1522 4242 didere
1537 4177 1597 4259 (5).
1619 4182 1720 4243 Bonis
1741 4190 1836 4242 veros

212 4281 277 4343 tur.
293 4278 450 4356 Sequitur
464 4299 472 4337 ε
486 4277 534 4338 nt
547 4278 695 4352 comm
714 4289 830 4337 meam
844 4278 881 4335 tu
888 4279 1011 4348 pulce-
1064 4277 1255 4339 contrario:
1277 4278 1431 4350 Esrcstot,
1448 4277 1483 4338 et
1496 4262 1640 4339 dedistis
1651 4281 1735 4340 mitt
1747 4289 1836 4338 man-

212 4392 290 4440 aem
311 4375 467 4439 deducat.
483 4373 579 4437 Unde
603 4373 711 4450 primo
737 4370 1009 4433 Machabaeorum
1063 4376 1191 4435 ducere
1214 4373 1276 4436 etc.
1301 4373 1341 4434 Et
1362 4374 1441 4435 tunc
1465 4372 1522 4436 liet
1542 4374 1674 4446 scissio,
1690 4368 1836 4436 etdirisio

214 4473 259 4554 (2,
273 4476 314 4535 62
337 4474 370 4535 et
394 4471 448 4551 63)
463 4488 472 4533 ε
488 4488 507 4532 c
522 4470 636 4534 Gloria
660 4469 845 4547 peccatoris
867 4469 1009 4540 stercus,
1063 4470 1238 4532 intereos.
1263 4469 1409 4532 Tandem
1424 4469 1588 4533 inseretur
1598 4473 1757 4534 contritio
1769 4481 1835 4529 md·

212 4573 247 4634 et
260 4569 385 4633 vermis
397 4570 448 4631 est
462 4585 471 4629 :
484 4568 582 4631 hodie
597 4567 780 4639 extollitur,
797 4568 831 4628 et
844 4580 921 4629 cras
941 4579 1009 4629 non
1061 4581 1162 4642 anca
1173 4570 1320 4641 collidus,
1337 4582 1411 4629 cum
1430 4566 1652 4630 dicetur:1te
1670 4563 1835 4634 moult,

213 4667 425 4731 invenietur:
442 4666 521 4742 quia
549 4679 729 4729 conuersus
750 4665 802 4727 est
821 4664 860 4726 in
882 4664 1009 4727 terram
1061 4666 1228 4739 tutonem
1242 4665 1423 4724 aeteruum.

212 4781 320 4838 suam,
335 4766 369 4826 et
380 4762 537 4839 cogitatio
548 4763 621 4839 dus
634 4761 745 4839 periit.
762 4778 781 4821 ε
1102 4762 1231 4820 Arcum
1253 4774 1356 4821 suum
1370 4760 1522 4833 tetendit,
1544 4761 1579 4822 et
1589 4763 1731 4836 paravit
1744 4764 1834 4822 ilium

246 4922 286 4997 (1)
300 4922 381 4993 Vulq.
409 4921 469 5004 Nec
487 4926 531 4977 θεῖ
555 4934 615 4988 rex,
628 4917 677 4990 qui
696 4916 810 4976 resistat
831 4915 869 4973 ei.
885 4917 931 4986 Et,
958 4916 1007 4989 qui
1062 4915 1216 4988 paucisque
1230 4912 1399 4998 interjectis,
1415 4914 1492 4973 addit
1506 4932 1515 4998 ².
1529 4917 1636 4988 Utipsa
1649 4915 1713 4974 hec
1728 4913 1834 4998 crudeli·

211 4995 314 5052 stultus
328 4998 468 5065 apparuit.
1061 4995 1105 5043 tas
1124 4992 1208 5069 atque
1228 4992 1399 5068 immutatio,
1420 4999 1478 5049 non
1492 4994 1530 5042 su
1546 4987 1576 5042 in
1615 4988 1726 5070 'amate
1736 4984 1834 5066 judicis,

246 5065 288 5134 (ῖ)
305 5064 387 5133 Vutq.
403 5078 411 5119 :
428 5058 688 5133 apprehenderunt.
772 5126 779 5140 ⁹
1061 5055 1112 5114 sed
1126 5070 1154 5138 ιθ
1170 5062 1266 5113 mente
1285 5063 1427 5138 patrenus.
1445 5055 1527 5139 Quod
1544 5071 1594 5113 rer
1614 5073 1639 5114 rs
1657 5071 1713 5130 quo
1781 5054 1836 5134 ⁸¹¹!⁸

246 5136 286 5204 (3)
295 5134 389 5216 Faciet
403 5134 519 5232 durum.
534 5135 560 5187 et
580 5130 729 5211 crudelem..
751 5128 798 5186 Sic
811 5125 864 5184 lob
879 5138 942 5197 cap.
958 5125 1005 5209 39,
1061 5124 1707 5254 retfiurtfiigclelnsszatnriradrgertrahurt'anfflffia
1717 5137 1835 5253 siml}

209 5200 701 5354 §gasiglffibsltmtu'swecssgtrtgt
709 5196 907 5348 xitffidffl
908 5200 1008 5323 ’10εέυέ
1060 5211 1162 5350 ffinta'ti
1175 5274 1279 5349 nostrie
1290 5268 1444 5349 contraria,
1457 5266 1512 5323 hoc
1525 5266 1600 5338 quod
1611 5268 1638 5323 ei
1653 5269 1686 5349 in·
1696 5241 1830 5346 deludis·

210 5346 239 5402 S.
262 5345 418 5417 Gregorius
441 5342 490 5401 Ιιῖ.
511 5341 556 5411 ld,
577 5341 676 5400 Moral.
694 5346 763 5421 tom
777 5339 807 5420 J,
825 5336 893 5394 edit.
914 5337 1004 5394 Maur.
1060 5339 1154 5409 plicet,
1170 5334 1298 5419 serrendo
1311 5336 1829 5419 persequturgeldagellurngammt,

209 5416 318 5498 Pii*
342 5414 397 5495 ⁰⁹¹·
424 5412 489 5480 ⁶⁶⁷²
517 5426 596 5495 ¹²·¹¹¹¹¹··
621 5410 1004 5548 tritoitddldtt
1059 5406 1717 5549 radicitusstuduissetis:

210 5482 735 5628 pcffipilrzig'gsssefflseilolffglgoglsiuis,
751 5518 1005 5618 crudelisuideris3
1096 5548 1137 5618 (ὅ)
1153 5545 1251 5605 Marti.
1267 5547 1312 5616 25,
1328 5546 1374 5632 4²:
