3950 6200
248 270 307 332 156

246 429 442 492 interdictos
450 428 609 491 terminos
616 429 689 492 sine
700 428 867 492 communi
874 442 1040 490 consensu

245 543 313 591 uon
329 528 420 589 liant.
437 527 471 589 Si
486 528 637 604 quivero
655 528 732 589 sunt
746 526 895 598 Selenes,
911 526 964 586 vel
980 526 1039 587 alii

246 625 334 687 intra
347 626 529 685 marchiam
539 640 674 685 censum
687 626 846 701 magistro
862 624 1038 686 reddentes

245 723 287 783 ad
300 737 508 784 communem
523 721 702 783 utilitatem
716 721 939 799 respondeant
951 721 1039 782 civi-

245 821 318 891 tati,
330 819 451 891 insula,
466 835 538 895 quae
552 821 729 882 Osmesara
742 819 875 888 dicitur,
888 818 1039 880 ecclesias

246 918 376 980 Sanctae
390 916 508 977 Mariae
523 917 654 992 integre
677 918 860 979 reservata.
879 917 915 978 Si
927 918 1039 978 autem

243 1015 333 1076 intra
348 1014 469 1075 dictam
484 1014 667 1076 marchiam
680 1016 783 1075 alicui
794 1014 957 1076 dubitatio
966 1013 1039 1075 lue-

245 1113 301 1185 rit,
312 1114 427 1183 ⁴utrum
443 1112 487 1174 sit
504 1113 597 1173 locus
612 1113 670 1174 ille
694 1113 802 1173 cultus
814 1113 865 1174 vel
880 1111 1036 1184 incultus,

244 1210 277 1273 et
286 1209 342 1270 ubi
350 1211 428 1272 sunt
437 1209 585 1282 arboren,
593 1211 702 1272 utrum
713 1210 781 1272 sint
788 1210 861 1285 agri
871 1209 923 1269 vel
936 1208 1038 1285 sylvae

242 1308 390 1378 inculte,
408 1322 446 1368 ac
459 1306 500 1368 de
526 1307 721 1383 gurgustiis,
738 1310 847 1368 uirum
872 1308 940 1368 sint
951 1322 1038 1368 nova

243 1405 433 1475 velsetera,
458 1404 521 1466 boc
545 1406 648 1466 totum
672 1406 773 1466 trium
781 1405 969 1482 iuratorum
983 1404 1037 1465 ci-

243 1502 335 1565 vium
358 1502 497 1562 arbitrio
522 1502 731 1569 terminetur,
759 1502 815 1579 qul
832 1501 1038 1578 eligantura

244 1598 415 1677 predictis
428 1599 597 1675 episcope,
613 1598 794 1676 preposito
808 1600 842 1661 et
865 1598 1036 1675 magistro.

242 1695 374 1772 Adjecit
386 1696 487 1758 etiam
501 1695 629 1771 legatus
644 1696 835 1773 praedictus,
845 1695 882 1757 ut
896 1696 1037 1772 singulis

242 1793 365 1857 uestris
375 1793 568 1854 concivibus
581 1793 621 1853 de
632 1793 758 1855 inculta
773 1793 923 1855 marchia
937 1793 1038 1856 liceat

243 1890 354 1952 colere
365 1893 525 1967 quantum
542 1890 668 1961 volunt,
686 1891 733 1952 ita
746 1890 832 1967 quod
847 1891 922 1952 octo
937 1888 1037 1951 annis

243 1987 374 2064 integre
388 2004 429 2049 ac
442 1987 547 2049 libere
562 1988 749 2064 percipiant
763 1988 842 2048 inde
855 1986 993 2057 fructus,
1005 1987 1038 2048 et

242 2086 451 2162 postmodum
476 2086 517 2147 ad
534 2100 742 2146 communem
769 2100 866 2146 usum
887 2085 1035 2156 redeant,

243 2181 273 2242 si
287 2182 426 2259 possunt
435 2197 509 2251 esse
519 2182 735 2258 bonapascua
749 2183 820 2243 sive
830 2182 1036 2258 prata.Qu0d

243 2280 360 2341 siesse
375 2280 597 2356 neqniverint,
613 2279 669 2340 sed
680 2280 753 2356 agri
765 2279 885 2357 potius,
897 2279 1038 2340 reddant

241 2392 380 2439 censum
404 2378 526 2439 exinde
542 2377 680 2440 civitati.
711 2378 840 2440 sivero
855 2376 1035 2448 dubitetur,

242 2474 353 2536 uuum
383 2490 510 2552 pascua
531 2491 606 2536 esse
634 2474 851 2551 possintne
877 2474 907 2535 si
924 2474 1036 2550 plures

242 2570 358 2633 forsan
373 2572 621 2642 contenderent,
636 2571 671 2633 in
693 2571 808 2633 eodem
828 2571 939 2632 colere
962 2569 1036 2632 loco

242 2669 405 2739 volentes,
423 2668 654 2744 predictorum
679 2669 781 2730 trium
805 2668 928 2729 civium
945 2668 1038 2729 arbi-

244 2766 310 2827 trio
320 2766 528 2826 terminetur.
553 2768 600 2827 De
615 2780 717 2842 supra
742 2764 831 2827 dicta
849 2781 930 2827 vero
945 2780 1038 2826 mar-

243 2861 458 2939 chiainteger
471 2878 608 2924 mansus
626 2862 784 2939 hospitali
800 2863 913 2924 Sancti
929 2863 1038 2939 Spiri-

242 2959 309 3032 tus,
320 2960 514 3037 etponterio
538 2960 579 3022 de
601 2958 791 3037 Rodenpcis
806 2960 962 3021 dimidius
977 2975 1038 3023 eo-

242 3056 394 3120 rumdam
402 3057 504 3120 trium
515 3057 638 3120 civium
650 3057 791 3120 arbitrio
811 3057 1034 3134 assignentur,

244 3155 302 3232 qui
315 3155 479 3216 siluerint
495 3155 529 3216 in
553 3156 738 3232 praemissis
753 3156 950 3233 quandoque
961 3156 1035 3216 dis-

860 267 1045 331 HONORIL
1060 267 1106 329 111
1127 268 1275 329 OPERA.

1425 435 1552 523 XXVI

1193 586 1245 646 Ad
1266 588 1461 661 cptscopum
1483 590 1786 649 Cerzomcnensem.

1352 727 1387 784 15
1400 725 1530 784 decemb.
1544 728 1624 785 1216.

1109 846 1229 912 fficgest„
1246 848 1292 898 lib.
1303 848 1347 907 Xl,
1359 849 1434 913 epist.
1447 849 1502 900 110.
1516 850 1573 900 llss.
1590 852 1627 901 La
1637 851 1712 900 Porto
1726 851 1762 900 du
1776 850 1883 914 Theai]

1097 1056 1100 1061 Ι
1129 970 1284 1031 Abbatiset
1293 981 1451 1032 conventus
1466 975 1576 1032 Sancta
1584 976 1681 1035 illaria
1693 975 1845 1033 Blesensis

1304 1064 1421 1119 tutelam
1436 1064 1463 1119 ei
1477 1064 1670 1120 commendat.

1132 1179 1313 1251 Honorius,
1336 1181 1410 1250 etc,
1426 1178 1610 1241 venerabili
1637 1180 1770 1241 tratri...
1796 1182 1900 1257 epis·

1093 1290 1174 1352 copo
1188 1277 1438 1349 cenomanensi,
1455 1276 1596 1339 salutem
1614 1278 1646 1338 et
1659 1278 1900 1355 Apostolicam

1092 1372 1367 1434 benedictionem.

1131 1472 1294 1546 Experto
1315 1470 1511 1532 dilectorum
1538 1468 1719 1532 liliorum...
1741 1470 1897 1543 abbatis,

1092 1568 1125 1630 et
1139 1569 1320 1629 conventus
1336 1567 1487 1630 ecclesiae
1499 1568 1604 1629 beatae
1613 1568 1728 1629 Mariae
1742 1570 1899 1630 Blesen-

1092 1665 1138 1725 sis
1154 1665 1277 1726 nostris
1287 1667 1338 1726 est
1347 1665 1483 1726 auribus
1495 1666 1695 1737 intimatum,
1709 1665 1798 1742 quod
1813 1682 1899 1727 cum

1092 1754 1171 1823 olim
1197 1762 1330 1838 quidam
1363 1762 1511 1838 ejusdem
1542 1762 1692 1823 ecclesiae
1716 1763 1899 1836 canonici,

1092 1858 1272 1934 instigante
1294 1858 1432 1920 humani
1455 1858 1589 1935 generis
1611 1858 1759 1930 inimico,
1788 1858 1899 1922 bonae

1092 1956 1298 2017 memoriae...
1316 1955 1468 2016 abbatem
1480 1954 1628 2032 ejusdem
1641 1955 1706 2017 loci
1729 1958 1900 2033 nequiter

1091 2052 1234 2113 interfici
1272 2055 1515 2129 procurassent,
1548 2053 1584 2114 tu
1612 2069 1652 2114 ac
1681 2053 1898 2115 venerabilis

1091 2148 1211 2210 fratres
1232 2150 1374 2211 nostri...
1391 2149 1606 2211 carnotensis
1622 2151 1692 2210 et...
1721 2150 1897 2211 Aurelia·

1092 2247 1206 2307 nensis
1225 2246 1425 2323 episcopide
1440 2246 1594 2307 mandato
1621 2247 1715 2307 Sedis
1738 2248 1898 2323 Aposto-

1090 2343 1164 2404 licae
1189 2359 1289 2421 super
1310 2344 1499 2422 hujusmodi
1523 2344 1712 2420 perpetrata
1734 2345 1899 2420 nequitia

1091 2441 1231 2502 veritate
1262 2441 1455 2516 diligentius
1483 2441 1653 2516 inquisita,
1686 2441 1719 2501 et
1751 2440 1898 2517 plenius

1090 2536 1271 2609 intellecta,
1286 2537 1444 2615 quosdam
1459 2553 1502 2597 ex
1517 2538 1600 2613 ipsis
1619 2553 1639 2598 a
1654 2537 1725 2597 suis
1746 2538 1895 2599 ordini-

1090 2633 1152 2695 bus
1167 2635 1375 2710 degradatos,
1398 2634 1475 2695 aliis
1490 2650 1549 2710 per
1570 2635 1764 2696 saecularem
1787 2636 1897 2710 judi-

1091 2747 1162 2793 cem
1177 2732 1394 2809 interemptis,
1409 2731 1451 2792 ab
1466 2732 1538 2809 ipso
1554 2732 1755 2792 monasterio
1768 2746 1899 2810 perpe-

1090 2831 1148 2891 tuo
1163 2829 1347 2891 amovistis.
1364 2831 1473 2900 Quare
1499 2828 1600 2890 iidem
1615 2829 1727 2900 abbas,
1745 2829 1778 2889 et
1802 2845 1898 2891 con-

1090 2928 1209 2988 ventus
1236 2925 1372 2987 anobis
1399 2925 1571 2987 humiliter
1597 2924 1821 3003 postulabant,
1855 2931 1900 2991 ut

1091 3040 1166 3084 cum
1192 3023 1443 3085 malefactorum
1463 3025 1610 3101 ipsorum
1639 3024 1896 3099 consanguinei

1091 3123 1124 3184 et
1145 3121 1257 3193 amici,
1274 3122 1306 3183 et
1318 3122 1529 3200 quamplures
1551 3120 1610 3181 alii
1627 3121 1804 3182 occasione
1819 3120 1897 3182 hu-

242 3252 370 3323 mes,
388 3252 528 3314 duorum
539 3252 714 3314 arbitrium
734 3251 938 3315 observetur·
955 3255 1036 3313 (ium
1086 3218 1233 3295 Jusmodi
1247 3219 1330 3279 adeo
1351 3219 1466 3280 contra
1481 3219 1572 3295 ipsos
1598 3220 1758 3280 eteorum
1774 3217 1899 3280 eccle-

241 3350 353 3412 autem
365 3349 518 3411 concives
541 3350 644 3410 vestri
666 3348 707 3411 ob
729 3349 905 3426 praedictas
917 3365 1036 3411 causas

241 3445 478 3518 laboraverint,
505 3447 633 3519 abhis,
667 3462 806 3524 quorum
833 3447 1034 3519 interfuerit,

244 3560 409 3621 expensas
421 3543 588 3621 recipiant
612 3544 811 3607 moderatas.
835 3544 926 3616 Quod
947 3544 1036 3606 enim

244 3640 286 3703 de
300 3640 437 3703 fornace
450 3642 491 3703 ad
504 3658 587 3719 opus
598 3641 740 3703 laterum
763 3643 815 3704 est
828 3641 1034 3718 pradictum,

241 3738 271 3798 si
286 3738 416 3799 deloco
436 3738 537 3800 luerit
562 3739 728 3800 contentio
742 3739 830 3801 inter
843 3739 967 3816 plures,
982 3739 1036 3800 vel

242 3835 329 3912 quod
361 3849 429 3895 nnn
464 3834 619 3897 videatur
646 3834 787 3896 forsitan
815 3837 1035 3912 opportunus,

242 3947 332 4007 saepe
344 3931 509 3992 dictorum
520 3931 752 3993 triumcivium
768 3932 934 3994 sententia
946 3931 1039 3994 deci-

242 4026 351 4099 datur,
367 4029 465 4104 prout
483 4027 658 4104 praemissa
672 4028 785 4089 omnia
798 4028 833 4089 in
843 4029 964 4091 litteris
979 4046 1038 4091 sn·

243 4124 494 4204 pradictilegati
506 4124 628 4186 exinde
637 4124 797 4187 conlectis
807 4126 1036 4203 perspeximus

242 4221 375 4300 plenius
399 4221 575 4284 contineri.

283 4319 412 4381 Vestris
434 4320 548 4397 itaque
561 4318 859 4396 supplicationibus
872 4319 1034 4393 inclinati,

245 4417 332 4492 quod
349 4431 409 4492 per
421 4416 572 4478 eumdem
587 4416 731 4493 legatum
747 4433 846 4494 super
858 4416 911 4477 his
921 4417 984 4478 rite
998 4433 1037 4479 ac

243 4512 382 4588 provide
410 4514 519 4574 actum
543 4514 604 4585 est,
625 4514 823 4576 auctoritate
847 4512 1036 4589 Apostolica

243 4607 478 4669 confirmamus
490 4612 523 4670 et
531 4610 705 4686 praesentis
718 4610 835 4686 scripti
850 4610 1036 4685 patrocinio

243 4704 494 4765 communimus.
508 4705 601 4766 Nulli
613 4721 704 4782 ergo,
721 4708 784 4768 etc.
800 4708 919 4768 Datum
929 4707 1035 4769 Late-

243 4801 331 4874 rani,
348 4801 394 4862 111
408 4799 484 4863 idus
507 4800 704 4872 decembris,
719 4801 932 4880 pontificatus
951 4818 1037 4866 nos-

244 4898 289 4960 tri
301 4913 389 4962 anno
405 4898 591 4962 undecimo.

1091 3317 1174 3376 siam
1185 3316 1384 3377 inflammati
1399 3316 1554 3392 nequitiae
1570 3316 1690 3394 spiritu
1705 3315 1772 3377 sint
1787 3330 1895 3376 com-

1090 3414 1181 3485 moti,
1199 3413 1284 3490 quod
1310 3413 1391 3489 ipsis
1419 3412 1706 3488 interemptionem
1721 3427 1899 3488 persona-

1090 3526 1176 3579 rum.
1203 3511 1237 3571 et
1264 3510 1523 3571 destructionem
1548 3509 1709 3570 bonorum
1745 3524 1896 3573 suorum

1092 3607 1221 3684 publice
1250 3608 1503 3678 comminentur,
1535 3606 1709 3683 providere
1745 3604 1821 3676 sibi,
1858 3609 1897 3670 et

1091 3719 1206 3765 eorum
1236 3704 1386 3764 ecclesiae
1415 3719 1515 3780 super
1542 3702 1594 3762 his
1622 3701 1898 3764 misericorditer

1092 3800 1317 3876 dignaremur.
1333 3802 1413 3861 Cum
1433 3801 1596 3876 igiturex
1615 3799 1765 3876 injuncto
1785 3798 1895 3862 nobis

1091 3897 1304 3974 apostolatus
1332 3896 1442 3958 cilicio
1470 3902 1644 3957 teneamur
1660 3894 1835 3966 ecclesias,
1858 3898 1897 3959 et

1091 4010 1251 4071 personas
1277 3993 1538 4065 ecclesiasticas,
1569 3992 1720 4053 arbona
1748 4006 1893 4066 earum,

1091 4092 1251 4169 quantum
1262 4106 1336 4151 cum
1348 4092 1415 4151 Deo
1428 4092 1461 4151 et
1475 4090 1648 4150 honestate
1662 4104 1855 4166 possumus,
1869 4106 1894 4152 a

1091 4203 1268 4266 pravorum
1283 4186 1473 4248 incursibus
1487 4187 1671 4258 defensare,
1694 4185 1894 4248 fraternita-

1090 4287 1157 4347 tem
1171 4285 1262 4345 tnam
1273 4283 1471 4344 monendam
1491 4283 1647 4344 duximus
1662 4281 1834 4350 attentius,
1854 4286 1894 4345 et

1091 4382 1288 4444 hortandam
1303 4397 1363 4458 per
1375 4381 1566 4457 Apostolica
1581 4380 1642 4442 tibi
1656 4380 1779 4456 scripta
1791 4395 1894 4441 man·

1091 4479 1219 4551 dantes,
1248 4480 1411 4555 qnatenus
1434 4477 1597 4550 abbatem,
1625 4479 1658 4538 et
1682 4477 1893 4539 conventum

1091 4575 1258 4652 praelatos,
1286 4590 1326 4636 ac
1340 4575 1515 4636 ecclesiam
1539 4573 1730 4636 eorumdem
1753 4571 1892 4635 habens

1092 4672 1132 4733 cb
1147 4671 1369 4733 reverentiam
1381 4670 1470 4733 beati
1483 4671 1572 4733 Petri
1588 4672 1621 4733 et
1635 4672 1783 4732 nostram
1799 4686 1905 4760 pro-1

1090 4768 1490 4847 pensiuscommendatos,
1504 4767 1606 4844 ipsos,
1616 4766 1739 4828 etbona
1752 4781 1890 4840 eorum,

1091 4866 1195 4927 donec
1207 4864 1348 4925 ecclesia
1366 4866 1548 4926 memorata
1563 4863 1606 4926 sit
1631 4863 1666 4922 in
1692 4862 1813 4923 melius
1827 4878 1895 4925 re-

1090 4962 1242 5032 formata,
1258 4961 1455 5022 auctoritate
1476 4961 1590 5022 nostra
1605 4962 1836 5031 manuteneas,
1854 4963 1893 5024 et

1091 5057 1259 5129 delendas,
1276 5073 1343 5117 non
1363 5057 1556 5134 permittens
1584 5072 1641 5118 eos
1670 5072 1690 5116 a
1715 5071 1894 5131 quoquam

1090 5154 1236 5216 indebite
1251 5154 1432 5226 molestari,
1446 5154 1675 5215 molestatores
1691 5167 1807 5214 eorum
1828 5155 1894 5217 in-

1091 5250 1218 5312 debitos
1231 5266 1475 5326 percensuram
1490 5249 1761 5320 ecclesiasticam,
1772 5254 1896 5326 appel·

1091 5347 1215 5410 latione
1228 5349 1367 5419 remota,
1379 5348 1627 5423 compescendo.
1640 5347 1758 5408 batum
1777 5349 1892 5410 Late-

1090 5442 1892 5522 ranixlvkalendasjanuarii,announdecimo.
