3950 6200
297 299 359 360 415

298 473 362 516 mus
374 466 402 516 te
413 458 523 518 Christe
537 460 572 517 sd
587 476 688 520 omnes
708 466 846 525 ecclesias
859 476 932 540 tucs,
943 487 1008 544 qum
1024 482 1092 532 sunt

297 548 326 604 in
340 555 398 605 toto
410 547 526 618 mundo,
542 556 570 605 et
584 549 781 611 benedicimus
796 557 855 624 tibi,
869 559 935 629 quia
953 576 1004 632 per
1018 564 1087 622 cru.

296 651 359 693 cem
375 644 452 694 tuam
467 645 594 694 sanctam
607 639 750 699 redemisti
765 644 903 703 mundum
917 648 970 721 (Ι).

517 808 747 879 conuenerunt
767 812 857 869 XXX.

477 925 620 982 Demades
632 927 759 997 faciliter
768 930 899 1001 effucari.

329 1040 455 1096 Fratrem
480 1040 651 1111 quemdam,
676 1044 811 1115 angelum
839 1047 965 1115 nomine,
995 1050 1086 1109 malos

293 1127 414 1200 angelos
436 1128 520 1185 valde
539 1129 667 1186 timuisse
688 1140 802 1203 propter
823 1132 986 1193 horribilem
999 1154 1085 1210 quarn

292 1217 429 1275 cumillis
448 1216 546 1273 habuit
567 1233 705 1291 pugnam,
731 1220 852 1291 audivit3
873 1224 922 1294 qui
947 1240 962 1281 a
985 1235 1085 1285 sancto

291 1307 376 1363 Pane
389 1313 519 1374 vocatus,
536 1306 574 1362 ita
600 1321 633 1363 se
658 1322 719 1364 rem
741 1308 847 1367 habere
866 1312 1016 1372 confessus
1030 1324 1084 1386 est,

291 1394 350 1451 imo
362 1401 391 1450 et
404 1394 515 1451 socium
531 1404 700 1454 nocturnum
720 1396 736 1454 in
752 1401 836 1457 Patre
851 1402 961 1475 petivit,
975 1406 1024 1477 qni
1036 1420 1083 1463 se·

290 1496 355 1538 cum
368 1482 397 1538 in
416 1482 517 1539 cellula
530 1482 665 1541 dormiret
671 1501 680 1555 3
697 1486 814 1545 timores
837 1492 914 1547 enirn
929 1500 1087 1553 nocturnos

289 1569 414 1642 majores
438 1578 467 1639 et
487 1572 664 1630 molestiores
689 1576 850 1636 affirmabat
871 1594 935 1637 esse
961 1580 1082 1640 dinrrds

288 1657 338 1716 uu
353 1657 454 1715 beatum
468 1667 548 1731 pater
564 1677 596 1716 :r
614 1662 666 1719 Eis
678 1663 787 1731 timide,
802 1667 869 1738 quid
883 1667 1042 1728 imbecilles
1055 1678 1084 1729 et

289 1745 418 1805 infirmos
432 1746 529 1805 hostes
548 1751 665 1819 vereris,
680 1767 801 1824 quornm
817 1756 892 1813 vires
911 1765 939 1815 et
958 1765 1083 1830 potestn-

288 1841 347 1892 tem
361 1838 451 1893 Deum
467 1851 556 1909 penes
569 1853 634 1896 esse
652 1842 759 1912 optime
775 1845 873 1901 nosti?
887 1845 963 1917 quod
977 1854 1009 1905 ut
1031 1863 1081 1904 ex·

287 1924 415 1995 periaris,
441 1932 469 1982 te
480 1925 577 1996 iubeo,
596 1935 627 1984 ut
648 1930 752 1987 montis
776 1929 861 2004 hujus
879 1933 965 1991 vicini
980 1935 1081 1994 altiora

286 2013 437 2070 cacumina
451 2014 590 2073 ascendas
605 2017 683 2074 solus
702 2017 757 2075 bac
781 2028 874 2090 nocte,
894 2030 923 2079 et
939 2022 996 2081 alta
1010 2039 1081 2083 voce

285 2098 387 2159 dicas:
413 2103 532 2176 Superbi
552 2103 708 2174 demones,
731 2121 832 2166 omnes
859 2111 956 2168 venite
976 2110 1014 2169 ad
1034 2127 1082 2171 mc

284 2190 381 2263 modo,
397 2201 426 2251 et
440 2192 575 2265 quidquid
591 2196 729 2266 poteritis,
745 2196 815 2253 mihi
828 2196 923 2270 facite,
937 2207 966 2257 et
980 2201 1009 2258 in
1034 2217 1080 2260 me

284 2290 410 2339 vestrum
422 2289 553 2339 exercete
565 2280 699 2341 furorem.
715 2307 726 2334 ι
744 2286 824 2355 Quod
837 2296 867 2345 ut
875 2289 922 2346 ille
935 2288 1079 2349 humiliter

283 2370 359 2441 fecit,
376 2385 430 2428 nec
443 2372 517 2429 ullus
531 2370 644 2429 demon
659 2376 791 2445 accessit,
807 2390 923 2435 omnem
943 2378 1079 2453 deinceps

283 2459 395 2534 depulit
407 2469 514 2518 metum
528 2460 579 2534 (2).

494 2603 725 2672 COLLOQUIUM
754 2606 858 2665 XXXI.

361 2717 402 2772 lle
419 2716 520 2785 eodm,
540 2722 565 2773 et
583 2718 725 2775 diabolum
743 2721 887 2778 bornicum
905 2724 993 2780 corda

606 2806 755 2864 indurare.

317 2919 492 2977 Gravissima
518 2919 641 2991 quadam
668 2924 823 2980 tentatione
853 2928 1001 2998 perculsus
1024 2928 1075 2987 luit

281 3006 383 3064 beatus
396 3005 524 3065 Ruffinus
542 3007 617 3064 eirca
636 3007 762 3067 divinam
782 3012 1073 3087 praedestinationem,

280 3111 335 3168 qua
351 3096 458 3153 nullam
471 3096 607 3169 maiorem
620 3106 754 3171 expertus
769 3109 812 3157 est
825 3120 832 3159 :
854 3114 983 3163 suaserat
996 3108 1073 3166 enim

282 3186 311 3243 ei
325 3184 464 3254 diabolus,
483 3200 583 3243 omnes
597 3185 711 3244 labores
727 3203 818 3247 vanos
832 3198 860 3247 et
887 3193 980 3250 irritos
997 3211 1071 3267 esse,

278 3271 346 3331 dum
361 3275 492 3348 apparuit
508 3276 535 3332 ei
549 3276 637 3332 semel
660 3276 690 3332 in
708 3275 798 3335 forms
822 3279 924 3338 Christi
946 3284 1073 3343 crucifixi

278 3362 331 3420 sub
354 3364 467 3435 pietatis
498 3363 609 3437 specie3
632 3381 720 3438 quare
743 3370 901 3440 torqueris,
921 3371 1071 3444 inquiens,

277 3465 386 3525 pauper
398 3451 580 3521 homuncule,
592 3461 620 3510 et
635 3454 705 3511 nihil
727 3455 860 3526 proficis?
880 3474 1016 3531 quorsum
1032 3469 1072 3519 tot

276 3541 421 3598 orationes
443 3547 471 3597 et
490 3541 620 3613 jejunia?
643 3544 730 3600 Totus
752 3544 876 3603 mundus
900 3563 957 3605 non
978 3558 1072 3622 potest

276 3636 386 3686 mutare
401 3628 475 3701 quod
497 3631 587 3687 semel
611 3632 708 3688 statuit
731 3633 816 3690 Deus.
842 3636 883 3691 'fu
903 3651 960 3693 non
982 3637 1070 3695 esde

275 3731 395 3774 numero
410 3716 685 3790 predestinatorum,
707 3719 758 3777 sed
776 3720 984 3782 damnatorum.
1005 3727 1067 3784 Pie·

275 3812 333 3872 tate
348 3812 442 3862 moins
458 3813 675 3876 tecommoneo,
695 3815 723 3865 te
745 3807 852 3880 hortor,
874 3826 910 3868 ne
924 3820 981 3870 tam
1000 3812 1069 3871 dure

274 3894 393 3964 patiaris
408 3911 415 3949 :
433 3895 599 3951 memineris
613 3903 640 3951 te
655 3911 720 3953 esse
741 3896 907 3956 damnatum
932 3915 987 3958 una
1003 3916 1068 3960 cum

274 3979 333 4037 illio
351 3982 426 4038 Petri
447 3981 633 4051 Bernardoni,
654 3991 681 4041 et
705 4000 770 4042 curn
799 3988 901 4044 ceteris
924 3990 1067 4062 omnibns,

274 4077 411 4143 quotquot
422 4083 488 4126 eum
503 4072 665 4143 sequimini.
682 4073 725 4132 nd
740 4074 802 4131 haec
819 4078 932 4133 territus
952 4079 982 4135 B.
999 4079 1066 4136 nui-

273 4157 358 4227 flnus,
375 4171 481 4231 magno
501 4174 623 4217 moerore
646 4177 729 4234 quern
751 4164 825 4219 solet
839 4165 972 4238 prinecps
986 4174 1065 4225 tene·

271 4245 386 4304 brarum
402 4247 553 4304 immittere
568 4247 689 4307 affectus
703 4258 756 4309 est.
777 4251 857 4310 Unde
877 4255 959 4325 quasi
981 4254 1067 4314 fidem

272 4350 342 4409 erga
369 4339 459 4393 Deum
490 4344 520 4393 et
550 4340 581 4395 B.
606 4340 719 4396 Patrem
752 4341 934 4399 franciscum
959 4346 1065 4403 emisit.

272 4424 362 4496 Hujus
379 4425 419 4481 rei
435 4427 465 4482 B.
484 4427 566 4482 Pater
585 4428 689 4483 certior
711 4425 811 4497 factus,
833 4429 990 4504 vidensque
1009 4449 1067 4491 ma·

272 4527 362 4584 gnum
377 4512 530 4569 discrimen
549 4513 687 4586 discipulo
700 4531 753 4572 sno
764 4517 923 4588 imminere,
938 4522 1014 4578 misit
1030 4522 1066 4579 ad

272 4601 351 4656 illurn
375 4602 406 4657 B.
443 4600 558 4658 fratrem
583 4605 734 4660 ldassaeum
762 4604 797 4662 ad
825 4615 950 4665 montem
976 4610 1064 4668 Suba-

271 4688 356 4755 sium‚
367 4689 396 4744 in
404 4702 459 4758 quo
467 4696 540 4746 totus
556 4689 804 4751 hesitabunduset
815 4692 917 4751 dubius
928 4698 1062 4756 versaba-

270 4776 422 4844 tur.Quem
432 4785 617 4850 posteaquam
628 4782 659 4835 B.
669 4781 1064 4845 hlassaeusvisitavitncmine

269 4865 301 4921 B.
316 4866 416 4932 Patris,
432 4864 577 4937 respondit
600 4865 647 4921 illc
673 4867 788 4937 quidem
812 4869 898 4926 nimis
926 4870 1061 4945 despera·

269 4951 373 5021 hunde,
390 4953 498 5010 nullum
513 4952 567 5008 sibi
582 4967 646 5009 esse
657 4968 722 5010 eum
736 4956 888 5013 Francisco
903 4961 1062 5033 negotium,

269 5040 397 5113 nihilque
411 5041 467 5097 illis
487 5054 552 5096 esse
569 5055 732 5098 commune.
751 5042 795 5099 hd
812 5043 875 5101 haec
900 5047 1061 5107 iisssaeus:

269 5129 359 5197 Hem,
384 5127 453 5199 quid
475 5126 545 5184 dicis
572 5126 658 5184 frater
683 5127 816 5186 liulfinei
839 5133 902 5210 quis
926 5141 953 5191 te
976 5135 1060 5194 fasci·

319 5266 345 5339 l)
357 5269 477 5337 Bonam,
492 5281 555 5340 cap.
575 5268 601 5336 i,
621 5283 721 5394 parum
733 5278 797 5342 post
802 5272 913 5398 guinem
928 5276 1058 5337 vincent.

269 5339 307 5394 Be
320 5342 426 5408 roc.‚ll
440 5354 478 5410 p..
489 5339 610 5406 Histoe,
658 5340 748 5408 XXX,
764 5355 789 5397 c.
821 5344 847 5399 9.

306 5409 346 5479 (ἓ)
363 5409 425 5489 ¹Lep.
441 5409 542 5479 aruliq.;
557 5410 664 5480 Pisum,
680 5411 698 5466 Ι.
716 5412 738 5478 1,
756 5412 836 5484 Ccnf.
858 5414 885 5482 8,
898 5416 926 5472 ln
947 5418 1011 5474 l't'la
1025 5421 1058 5477 B.

268 5479 382 5617 Argeia
396 5549 470 5615 Com,
483 5563 521 5614 xr,
538 5550 579 5604 lh.

305 5549 345 5692 μζ
367 5617 481 5686 Erech,
498 5633 595 5686 xxxin,
607 5619 651 5674 26.

731 309 763 368 S.
787 310 1007 376 FRANCISCI
1030 318 1256 385 ASSISIATIS
1279 325 1507 393 opusculis.
1836 353 1878 418 llo

1144 482 1223 538 nsvit
1246 496 1284 539 ne
1309 483 1442 544 obedires
1464 490 1596 548 veritati?
1620 508 1741 565 quorsom
1765 501 1831 562 hcet
1852 525 1877 567 sn
1912 486 1913 521 ¹

1144 568 1262 640 ignoras
1281 570 1396 630 beatum
1421 577 1533 633 Patrem
1553 593 1616 637 esse
1639 586 1714 654 quasi
1734 593 1877 661 angelnmle
1912 582 1913 655 l

1143 658 1235 714 coelo?
1247 660 1320 727 Quot
1335 663 1439 720 anime
1462 680 1515 721 suo
1536 666 1645 726 hortstn
1662 673 1792 733 salvantur
1806 686 1875 741 usal-

1142 744 1303 803 rabnnurr?
1336 751 1401 807 volo
1424 759 1455 808 ut
1478 768 1591 813 mecum
1616 762 1735 829 protinus
1758 768 1839 826 venias
1854 773 1877 829 al
1912 774 1913 791 ³

1143 834 1174 888 B.
1188 835 1310 905 Patrem,
1322 840 1370 908 qni
1385 845 1413 895 te
1426 842 1514 912 cupit,
1530 849 1559 899 te
1585 855 1674 903 roeat.
1699 852 1826 923 Acquietit
1842 860 1877 916 in·

1142 928 1261 993 portune
1276 924 1420 996 dagitstns
1435 929 1574 988 linflinus.
1590 935 1676 1002 Quem
1688 945 1716 993 ut
1729 940 1789 998 vidit
1806 946 1876 1003 bls-

1141 1016 1184 1064 ter
1204 1011 1403 1083 accedentem,
1424 1018 1463 1074 cit
1479 1035 1486 1074 :
1502 1040 1513 1068 ι
1538 1022 1599 1078 ileu
1617 1021 1699 1081 frater
1711 1028 1815 1099 liuline,
1826 1049 1875 1104 quc

1141 1098 1226 1154 mndo
1241 1098 1371 1159 diabnlns
1394 1112 1422 1160 te
1436 1107 1577 1165 misellum
1593 1110 1714 1183 decepit:
1736 1129 1817 1174 nonne
1827 1123 1878 1177 nosti

1140 1188 1283 1256 quomodo
1295 1192 1380 1248 toties
1393 1208 1426 1248 se
1440 1194 1572 1254 transfert
1586 1198 1615 1254 in
1631 1202 1756 1272 angelum
1767 1205 1876 1279 lucisllll

1141 1274 1275 1333 Diabolus
1305 1277 1453 1337 hominum
1470 1283 1556 1341 corda
1581 1285 1708 1358 indurst3
1728 1292 1793 1348 bens
1812 1300 1877 1352 cutm

1139 1364 1256 1433 emollit,
1277 1366 1356 1438 juxta
1378 1369 1446 1426 illud
1460 1386 1468 1426 :
1484 1371 1620 1431 Auferam
1641 1390 1658 1432 a
1679 1377 1753 1435 vobis
1769 1394 1810 1436 cor
1826 1383 1874 1453 lapi·

1139 1448 1235 1520 deum,
1248 1453 1450 1515 etdabnrobis
1460 1473 1511 1515 cor
1520 1474 1657 1520 carneum
1668 1463 1717 1535 (l).
1735 1467 1876 1527 beitisione

1139 1539 1265 1597 letitiam
1284 1552 1439 1615 generant3
1463 1545 1578 1617 dioboh,
1600 1553 1754 1610 mestitiam
1773 1557 1875 1628 ingerant.
1912 1608 1913 1611 ,

1139 1627 1229 1700 liuius
1253 1631 1373 1689 visionis
1400 1635 1607 1707 experientiam
1632 1638 1676 1697 fac
1702 1657 1787 1713 queso
1809 1644 1876 1716 huju
1912 1664 1913 1719 q

1138 1715 1215 1774 modi
1235 1735 1243 1775 :
1265 1721 1398 1779 convitiis
1412 1730 1461 1780 aut
1480 1726 1622 1799 vituperio
1645 1730 1741 1787 iterum
1759 1731 1801 1788 tibi
1817 1747 1877 1804 appr·
1912 1726 1913 1801 ]

1137 1813 1247 1864 rentem
1261 1806 1354 1876 allice,
1366 1825 1429 1882 que
1439 1827 1490 1882 pro
1504 1828 1556 1870 sna
1567 1817 1698 1885 superbia
1712 1821 1831 1876 sustinere
1841 1835 1878 1876 non
1912 1814 1913 1875 ἐ

1137 1895 1248 1964 poterit,
1265 1898 1333 1967 quin
1344 1900 1439 1956 statim
1454 1912 1620 1973 evanescat,
1631 1913 1877 1980 etsesnannepro
1912 1916 1913 1971 l

1136 1979 1184 2039 det
1205 1985 1354 2056 astutiam;
1380 1988 1493 2045 interior
1511 1991 1541 2047 in
1562 1993 1685 2051 homino
1709 1996 1801 2063 letare,
1823 1998 1879 2052 etin
1912 2034 1913 2075 3

1135 2068 1198 2142 ejus
1211 2072 1328 2130 sclunri
1346 2075 1468 2136 confide.
1485 2100 1497 2127 ι
1512 2080 1605 2152 Goepit
1617 2080 1723 2140 adhinc
1735 2084 1812 2156 ignita
1820 2083 1879 2141 erbo
1912 2100 1913 2145 1

1138 2158 1266 2218 llnlhnns
1277 2162 1483 2236 collacrymari,
1499 2175 1528 2224 et
1546 2169 1586 2226 ita
1603 2169 1671 2228 abiit
1690 2173 1772 2230 tristis
1782 2171 1812 2229 ad
1820 2188 1877 2229 non·
1912 2174 1913 2177 ’

1134 2254 1202 2316 tem,
1214 2256 1243 2305 et
1260 2249 1289 2306 in
1301 2252 1372 2309 cella
1384 2254 1499 2311 clausus
1518 2271 1575 2314 non
1599 2259 1727 2317 cessabat
1741 2275 1755 2316 a
1772 2260 1878 2333 lacrmis.
1912 2332 1913 2339 ἵ

1134 2335 1226 2394 donec
1238 2336 1367 2397 diabolus
1380 2342 1498 2400 insolita
1514 2347 1613 2417 specie
1626 2349 1748 2406 crucifixi
1764 2349 1808 2407 sibi
1817 2364 1879 2422 appa·
1912 2368 1913 2427 j

1134 2426 1198 2494 ruit,
1211 2433 1240 2483 et
1250 2428 1307 2484 ait:
1320 2429 1384 2485 Non
1397 2429 1528 2500 prohibui
1551 2437 1704 2505 quominus
1714 2437 1819 2509 colloqui
1829 2453 1876 2509 pne·
1912 2444 1913 2521 q

1132 2526 1259 2571 sescum
1278 2517 1449 2589 Francisc03
1464 2520 1514 2577 Cui
1530 2520 1576 2579 ille
1594 2523 1696 2582 :Vade
1707 2533 1803 2593 muna,
1814 2525 1848 2582 abi
1858 2526 1878 2581 in
1912 2526 1913 2541 ¹

1132 2602 1237 2659 malam
1261 2619 1321 2660 rem
1336 2619 1344 2659 τ
1358 2619 1393 2662 ac
1413 2616 1542 2681 expects,
1570 2613 1652 2683 aperi
1679 2613 1791 2669 mendsr
1811 2620 1880 2684 qnttu
1912 2604 1913 2647 ἶ

1131 2696 1221 2758 tuum,
1237 2697 1267 2747 ut
1281 2691 1350 2748 illud
1362 2701 1487 2752 stercore
1501 2696 1649 2769 impleam.
1663 2700 1722 2769 Quo
1738 2700 1827 2767 audito,
1842 2697 1882 2755 dic·

1130 2775 1212 2834 bolus
1225 2777 1345 2852 diruptis
1358 2782 1499 2854 lapidibus
1508 2784 1544 2842 de
1559 2795 1669 2856 monte,
1685 2789 1763 2860 quiin
1775 2788 1880 2860 fragmina

1129 2866 1220 2924 collisi
1234 2881 1341 2941 magno
1356 2868 1470 2943 fragore
1486 2876 1696 2948 precipitanter
1712 2876 1825 2947 ruebant
1833 2888 1876 2932 na·

1129 2967 1189 3026 gno
1200 2956 1307 3028 impetn
1322 2964 1352 3014 et
1365 2963 1500 3031 grunnitu
1516 2961 1650 3022 discessit
1662 2966 1711 3037 (b).

1339 3117 1571 3189 COLLOQUIUM
1590 3124 1710 3184 XXXII.
1912 3189 1913 3192 ,

1187 3229 1283 3286 Olicm
1299 3232 1475 3304 scammum,
1495 3236 1633 3295 ellebori
1653 3239 1840 3312 indulqchdurrt.
1912 3229 1913 3306 ᾖ

1162 3352 1306 3421 Quosdam
1321 3356 1454 3426 otiantes,
1466 3358 1536 3416 alios
1548 3376 1620 3418 vero
1634 3362 1727 3436 tepide
1743 3362 1880 3426 laborantes,
1912 3385 1913 3390 ¹

1126 3454 1224 3497 coram
1237 3441 1369 3502 iratribus
1384 3446 1576 3520 reprehendit,
1585 3449 1702 3509 dicens:
1717 3473 1727 3502 ι
1742 3450 1833 3524 cepidi,
1845 3462 1882 3504 ult

1126 3543 1157 3585 se
1177 3528 1351 3588 familiariter
1367 3541 1395 3590 et
1422 3534 1574 3606 humiliter,
1604 3539 1695 3597 labori
1721 3536 1882 3613 applicandos,
1912 3549 1913 3608 ξ

1125 3615 1160 3673 da
1172 3632 1222 3676 ore
1232 3620 1283 3676 Dei
1298 3621 1355 3676 cito
1369 3615 1537 3682 evomentur
1544 3624 1596 3699 (6).
1610 3630 1722 3685 Fratres
1734 3643 1797 3701 ergo
1807 3637 1882 3682 onnes
1912 3631 1913 3702 ᾗ

1124 3704 1255 3763 laborare
1267 3708 1343 3777 volo,
1359 3717 1387 3766 et
1398 3713 1547 3769 exercitari
1558 3713 1705 3773 humiliter
1720 3718 1748 3773 in
1759 3716 1882 3784 boniscpe

1124 3792 1213 3864 ribus,
1228 3802 1259 3852 ut
1268 3796 1358 3854 simus
1372 3800 1477 3871 populo
1489 3802 1585 3859 minus
1598 3806 1723 3875 onerosi,
1735 3813 1762 3861 et
1776 3801 1851 3860 cordis
1862 3806 1882 3854 ul

1124 3881 1230 3954 lingue
1244 3885 1328 3942 malis
1340 3884 1508 3959 obviemus,
1530 3905 1566 3948 ne
1590 3907 1643 3964 per
1664 3894 1753 3952 malos
1771 3891 1882 3964 cogitatu

1123 3976 1173 4026 ant
1186 3971 1307 4030 aliorum
1322 3971 1429 4031 lamnm
1440 3985 1610 4050 evagentur.
1628 3981 1683 4051 Qui
1703 3996 1767 4038 vero
1783 3979 1882 4036 labora

1123 4059 1264 4128 nesciunt,
1287 4059 1436 4120 addiscant
1451 4081 1458 4121 :
1471 4066 1583 4124 lucrum
1604 4077 1711 4139 antem,
1735 4069 1776 4126 vel
1796 4077 1880 4126 merce·

1122 4145 1187 4204 dem
1206 4147 1321 4218 lcboris,
1342 4164 1398 4207 nnn
1418 4151 1574 4211 laborantis
1597 4157 1725 4228 arbitrio,
1745 4157 1792 4215 sed
1815 4156 1881 4213 durr-

1122 4234 1200 4291 diani
1211 4235 1379 4306 vel'praelati
1391 4238 1625 4311 disponendum»
1640 4245 1694 4319 (7).

1322 4394 1554 4466 COLLOQUIUM
1573 4402 1709 4460 XXXIII.

1173 4508 1270 4565 Peccc
1284 4510 1329 4567 ltic
1347 4512 1505 4579 toleranda,
1525 4519 1559 4572 ut
1576 4516 1657 4575 boreis
1671 4519 1844 4588 perstrenue

1453 4603 1576 4659 ceteruia.

1155 4701 1267 4758 Fratres
1277 4701 1312 4759 nd
1324 4703 1441 4777 Regale
1449 4713 1477 4763 et
1488 4706 1677 4778 professionis
1686 4709 1879 4768 snenbserrsu·

1118 4788 1187 4845 tlam
1202 4788 1367 4860 exhortans,
1380 4793 1514 4852 omnibus
1528 4796 1624 4854 dicere
1644 4798 1773 4856 solebat:
1789 4819 1799 4847 r
1813 4796 1832 4852 0
1848 4791 1878 4848 dl·

1118 4876 1266 4934 lectissimi
1288 4878 1399 4950 fratres,
1424 4888 1453 4939 et
1476 4883 1505 4940 in
1528 4892 1667 4943 eternum
1688 4885 1819 4943 benedicti
1836 4879 1879 4944 ilii,

1118 4964 1212 5022 audite
1225 4969 1282 5034 nic,
1298 4967 1393 5025 cudite
1408 4984 1508 5029 vocem
1523 4974 1612 5045 petris
1621 4976 1720 5032 vestri.
1733 4976 1827 5046 lingna
1836 4980 1882 5042 pro

1118 5052 1258 5123 misimus,
1280 5055 1388 5128 majora
1408 5059 1549 5131 promisse
1568 5069 1635 5119 sunt
1648 5062 1740 5120 nobis.
1757 5063 1881 5121 serrem

1117 5138 1189 5211 hec,
1209 5142 1384 5215 suspiremus
1399 5146 1434 5203 ad
1457 5147 1513 5204 illa.
1534 5150 1673 5223 Voluptas
1692 5151 1794 5218 brevis,
1816 5156 1879 5218 pent

1151 5280 1193 5354 (o)
1213 5283 1319 5352 Pissn,
1343 5285 1360 5342 l.
1379 5288 1402 5354 1,
1417 5289 1498 5360 Cous.
1523 5290 1550 5357 8,
1575 5291 1604 5346 in
1632 5291 1699 5347 Vile
1726 5292 1758 5346 B.
1778 5284 1881 5358 nesio:

1117 5351 1268 5421 noou1.,1‚
1285 5356 1313 5411 in
1332 5356 1460 5427 eiusdem
1475 5360 1619 5426 Historic;
1646 5363 1794 5428 Floretum,
1809 5355 1878 5414 cib:

1115 5423 1246 5491 hieriam,
1262 5425 1281 5480 1.
1297 5428 1319 5492 l,
1334 5441 1359 5482 c.
1377 5428 1403 5483 5.

1150 5491 1191 5634 ἓ6)
1212 5497 1365 5567 Apoc.,rn,
1384 5498 1427 5555 ld.
1811 5569 1817 5582 .

1164 5566 1192 5634 7)
1212 5566 1275 5636 Lep,
1299 5567 1399 5638 critiq,
1421 5584 1446 5626 e.
1465 5571 1505 5625 lle
1520 5572 1634 5641 perfeci.
1655 5572 1773 5636 brimil.;
1792 5572 1877 5627 Prsan..

1114 5631 1132 5687 l.
1147 5635 1170 5701 l,
1185 5635 1265 5706 Coos.
1285 5637 1326 5705 12,
1343 5652 1367 5694 c.
1382 5640 1413 5708 53
1431 5641 1511 5709 lion,
1528 5655 1553 5697 c.
1567 5643 1593 5710 5,
1606 5640 1641 5697 nd
1655 5641 1729 5698 med.
