3950 6200
103 284 151 347 les
637 282 971 348 -Phonheunlhrth
995 315 1036 331 -
1056 287 1164 350 VITA.
1668 290 1726 353 tot

102 459 161 505 rum
173 441 328 504 tenebras
348 441 588 517 horrescentes,
607 444 690 507 hora
713 444 874 507 transitus
929 444 1077 521 rubrum,
1105 449 1139 509 et
1164 447 1206 509 ad
1234 446 1520 510 orbicularitatem
1546 445 1724 525 quamdam

102 539 277 612 sanctiviri,
295 556 372 601 cum
384 543 455 617 jam
476 543 564 603 esset
581 543 688 605 noctis
711 542 875 605 secutura
929 545 1041 604 carnis
1064 545 1292 607 contractione
1312 545 1497 616 reductum,
1526 560 1603 606 rosa
1627 562 1726 623 quae-

102 637 313 714 crepusculum
337 636 395 717 (1),
413 642 576 703 venerunt
606 641 641 701 in
661 640 874 702 multitudine
929 640 1004 701 dam
1019 640 1243 717 pulcherrima
1262 642 1447 704 videbatur.
1464 645 1548 704 Caro
1567 660 1647 707 vero
1672 645 1727 721 ip·

101 750 201 810 magna
224 750 330 811 super
354 737 476 799 tectum
505 737 632 806 domus,
664 740 697 799 et
720 737 777 798 diu
799 754 874 798 cum
929 737 999 798 sius
1016 739 1158 815 reliqua,
1180 755 1253 815 quae
1278 740 1370 816 prins
1390 742 1458 802 tam
1473 756 1514 800 ex
1532 740 1725 804 infirmitate
1780 814 1782 817 ,

100 832 212 893 insolita
226 833 372 908 quadam
391 833 595 910 jubilatione
619 837 780 906 rotantes,
796 835 874 911 glo·
928 850 1027 911 quam
1040 851 1083 896 ex
1101 837 1221 897 natura
1241 836 1282 896 ad
1298 837 1506 912 nigredinem
1521 838 1723 912 declinabat,

99 929 146 991 n'e
159 929 272 997 sancti,
289 931 348 1006 qui
370 946 428 992 eas
448 930 489 991 ad
507 930 639 993 divinas
659 931 776 993 laudes
790 931 874 993 invi·
928 931 1072 993 candore
1092 934 1196 993 nimio
1219 934 1436 1007 renitescens,
1450 935 1542 996 illius
1568 936 1724 998 secundae

98 1031 154 1088 tare
173 1026 309 1099 solebat,
334 1035 403 1089 tam
418 1028 604 1105 jncundum
622 1046 721 1107 quam
737 1029 874 1091 evidens
928 1029 1022 1089 stolae
1035 1029 1303 1105 puchritudinem
1317 1031 1552 1107 praetendebat.
1575 1032 1725 1095 Membra

97 1124 301 1186 testimonium
316 1124 560 1205 perhibebant(
582 1125 608 1206 ).
740 1118 743 1123 ’
926 1124 1034 1200 ipsius
1048 1126 1130 1187 adeo
1143 1125 1258 1187 mollia
1279 1128 1313 1189 et
1332 1127 1522 1189 tractabilia
1538 1144 1574 1189 se
1589 1128 1724 1205 praebe-

656 1275 662 1283 .
926 1220 1008 1284 bant
1038 1223 1260 1300 palpantibus,
1282 1225 1318 1285 ut
1343 1241 1505 1287 conversa
1530 1226 1724 1288 viderentur

354 1367 493 1428 CAPUT
519 1367 579 1427 XV
927 1319 962 1380 in
977 1320 1233 1382 teneritudinem
1249 1322 1387 1398 puerilis
1399 1323 1518 1395 aetatis,
1534 1325 1568 1384 et
1582 1322 1725 1399 quibus-

581 1410 588 1426 '
927 1416 1002 1477 dam
1023 1420 1240 1480 cernerentur
1265 1419 1473 1482 evidentibus
1496 1421 1602 1496 signis
1624 1421 1728 1484 inno-

229 1536 280 1596 Dc
295 1534 568 1597 canonizatione
588 1536 709 1609 ipsios.
928 1515 1047 1576 00¹¹fi³0
1068 1515 1236 1577 ‘¹⁰00r8t2·

967 1613 1047 1673 Cum
1071 1613 1175 1687 igitur
1197 1613 1233 1673 in
1257 1613 1495 1675 candidissima
1514 1630 1615 1677 carne
1636 1616 1724 1679 clavi

126 1712 310 1775 maisons
326 1712 432 1787 igitur
441 1727 557 1773 servus
572 1713 606 1773 et
620 1710 748 1773 amicus
764 1710 871 1773 Altis·
926 1708 1165 1784 pigrescerent,
1191 1709 1290 1787 plaga
1312 1726 1392 1772 vero
1414 1712 1575 1783 lateralis,
1592 1713 1628 1774 ut
1642 1729 1723 1777 ver·

98 1812 164 1881 sini,
178 1810 313 1872 Ordinis
343 1810 510 1871 Minorum
535 1809 676 1872 fratrum
700 1809 873 1871 institutor
926 1822 1011 1867 nans
1035 1822 1152 1869 roseus
1176 1808 1250 1880 hoe,
1267 1807 1403 1870 ruberet
1420 1810 1630 1870 :mirandum
1656 1825 1724 1875 non

97 1906 873 1985 aluxpaupertatisproressor,penitentiaru-
926 1904 987 1975 est,
1003 1905 1032 1964 si
1046 1905 1114 1966 tam
1136 1904 1282 1966 formosa
1306 1907 1338 1968 et
1360 1907 1561 1968 miraculosa
1575 1908 1724 1970 varietas

98 2022 145 2077 na,
161 2006 308 2068 veritatis
332 2022 457 2083 praeco,
473 2005 661 2066 sanctitatis
686 2005 869 2081 speculum,
922 2001 1167 2077 jucunditatem
1180 2003 1212 2064 et
1224 2002 1478 2066 admirationem
1491 2005 1723 2068 contuentibus

98 2105 217 2165 ettutius
229 2099 445 2179 evangelicae
455 2102 672 2179 perfeetionis
686 2104 869 2178 exemplar,
926 2098 1725 2179 ingerebat.Lacrymabanturfiliiprosubstrac-

100 2217 215 2276 nupema
234 2202 430 2277 praeventus
452 2200 579 2276 gratia,
605 2200 761 2262 ordinato
791 2216 871 2277 pro·
925 2196 1016 2257 tione
1037 2197 1105 2257 tam
1127 2196 1280 2258 amabilis
1296 2199 1421 2275 patris;
1438 2200 1496 2261 sed
1512 2201 1547 2261 et
1559 2217 1627 2263 non
1642 2217 1721 2264 mo-

101 2312 188 2371 grasu
200 2297 240 2359 ab
252 2297 384 2358 intimis
395 2297 598 2374 pervenitad
615 2312 759 2358 summa.
775 2299 871 2358 Hune
925 2292 1000 2354 dica
1013 2292 1297 2369 perfundebantur
1308 2295 1436 2367 laetitia,
1452 2296 1529 2357 dum
1545 2297 1725 2361 deoscula-

100 2395 181 2455 urum
196 2394 400 2466 mirabilem,
431 2395 543 2471 utpote
564 2395 759 2471 paupertate
782 2411 871 2471 prae-
923 2389 1047 2452 bantur
1080 2389 1115 2451 in
1154 2407 1194 2452 eo
1235 2392 1409 2467 signacula
1449 2395 1570 2455 summi
1605 2396 1721 2471 Regis.

100 2489 220 2564 11111010,
242 2492 438 2554 bumilitate
462 2492 655 2562 sublimem,
682 2492 868 2554 mortifica·
923 2488 1078 2549 Miraculi
1099 2489 1230 2550 novitas
1254 2489 1421 2565 planctum
1444 2490 1595 2553 vertebat
1608 2492 1719 2569 inJ‘u-

99 2589 329 2663 henetiridum,
349 2589 564 2666 simplicitate
578 2588 785 2665 prudentem,
800 2606 868 2651 om·
923 2585 1038 2658 hilum,
1055 2586 1089 2647 et
1100 2585 1288 2647 intellectus
1309 2586 1461 2664 rapiebat
1477 2588 1668 2665 indaginem
1682 2592 1721 2652 in

100 2685 314 2763 niquemornm
337 2687 513 2749 honestate
528 2687 756 2764 conspicuum,
770 2704 868 2764 quem
922 2685 1102 2760 stuporem.
1120 2686 1200 2745 Erat
1216 2684 1337 2761 quippe
1356 2687 1424 2746 tam
1448 2685 1619 2748 insolitum
1633 2689 1722 2749 tam-

100 2784 187 2846 nnn
205 2786 370 2846 hominus
391 2784 590 2847 mirabiliter
613 2783 771 2847 effecerat
793 2786 867 2846 cla·
922 2797 986 2858 que
1001 2781 1131 2857 insigne
1144 2782 1369 2857 spectaculum
1386 2783 1621 2846 contuentibus
1643 2801 1720 2848 om-

99 2881 193 2942 nutu
206 2884 312 2944 morte
327 2881 724 2958 secitincomparabiliter
744 2881 868 2944 clario-
922 2877 1031 2948 nibus,
1053 2880 1086 2939 et
1105 2878 1348 2941 firmamentum
1361 2879 1450 2952 fidei,
1467 2883 1501 2943 et
1513 2882 1719 2945 incitamen·

100 2990 158 3036 ren.
169 2980 264 3040 Beato
277 2993 426 3055 namque
437 2978 510 3039 viro
519 2977 715 3054 migrantes
730 2978 864 3051 saeculo,
920 2975 990 3035 tum
1003 2975 1128 3037 amoris
1140 2996 1149 3049 3
1162 2976 1376 3039 audientibus
1390 2992 1471 3039 vero
1485 2978 1720 3043 admirationis

99 3073 205 3149 spiritus
213 3075 269 3136 ille
283 3074 529 3138 sacerdumum
547 3076 745 3138 aeternitatis
757 3076 867 3152 ingre-
921 3073 1062 3136 materia
1074 3075 1107 3135 et
1121 3073 1279 3136 excitatio
1294 3073 1454 3137 desiderii
1469 3076 1512 3137 ad
1524 3075 1714 3140 videndum.

53 3153 54 3196 ³
99 3169 178 3242 diens,
187 3172 353 3251 lentisque
362 3173 440 3234 vitae
453 3173 575 3234 haustu
585 3172 736 3249 plenario
744 3174 867 3249 glorio·
920 3170 1045 3232 Atnditc
1069 3170 1231 3247 siquidem
1256 3173 1400 3234 transitu
1424 3173 1547 3249 patrIs,
1574 3175 1719 3238 etfama

53 3277 55 3306 t
99 3282 139 3329 sus
153 3269 290 3344 effectus,
313 3286 478 3347 expressa
494 3270 647 3347 quaedam
669 3271 705 3331 in
726 3286 866 3348 corpore
921 3267 1042 3329 ditiusa
1068 3268 1235 3341 miraculi,
1260 3270 1455 3330 accelerans
1470 3272 1613 3348 populus
1635 3288 1720 3334 con-

53 3439 54 3442 *
99 3363 191 3428 lutura
212 3370 329 3444 gloriae
356 3370 452 3444 signa
475 3368 629 3445 reliquit,
650 3369 687 3430 ut
707 3383 786 3429 caro
806 3368 866 3430 illa
921 3364 1044 3427 fluebat
1072 3365 1113 3425 ad
1143 3366 1263 3437 lucum,
1294 3367 1330 3427 ut
1355 3367 1388 3426 id
1418 3370 1570 3431 cerneret
1595 3370 1714 3444 oculis,

53 3467 54 3518 ξ
100 3465 287 3537 anchesima,
307 3481 384 3543 quae
411 3464 574 3527 crucifixa
602 3480 677 3527 cum
704 3465 798 3527 vitiis
829 3466 865 3528 in
920 3463 1040 3539 quoda
1060 3463 1191 3524 ratione
1209 3462 1344 3526 dubium
1359 3479 1456 3526 omne
1474 3467 1665 3542 repelleret,
1684 3456 1719 3530 et

53 3561 54 3610 ἒ
100 3574 191 3621 nonam
208 3566 277 3639 jam
300 3562 494 3625 creaturam
519 3562 713 3634 transierat,
730 3565 763 3624 et
787 3578 867 3639 pas·
920 3559 1088 3621 affectioni
1103 3560 1261 3635 gaudium
1276 3561 1473 3623 cumularet.
1519 3615 1522 3628 ,

53 3681 55 3700 r
101 3655 304 3722 donnchristi
318 3659 464 3736 effigiem
487 3660 655 3736 privilegii
677 3660 863 3736 singulari·
959 3657 1105 3720 Admissi
1144 3660 1222 3722 sunt
1253 3658 1356 3734 igitur
1387 3659 1590 3721 Assisinates
1626 3662 1717 3723 cives

54 3765 55 3768 ’
100 3755 329 3831 htapraelerret,
354 3758 388 3819 et
408 3757 555 3819 novitate
577 3757 731 3819 miraculi
749 3772 866 3820 resur-
919 3754 1156 3831 quamplurimi
1180 3755 1221 3818 ad
1247 3755 1402 3831 stigmata
1423 3757 1483 3818 illa
1504 3773 1601 3820 sacra
1633 3774 1717 3820 con-

100 3852 213 3914 amous
225 3856 373 3932 speeiem
388 3855 672 3932 praemonstraret.
917 3851 1109 3928 templanda
1124 3852 1242 3924 oculis,
1255 3854 1288 3915 et
1302 3853 1401 3914 labiis
1414 3854 1606 3916 osculanda.
1620 3858 1718 3918 Unus

53 3987 54 3990 =
128 3950 336 4015 Gemehantur
346 3952 480 4029 quidem
495 3951 865 4016 inmembrisillisfeli-
919 3952 1030 4012 autem
1063 3965 1107 4012 ex
1140 3949 1190 4010 eis
1216 3950 1312 4011 miles
1337 3951 1471 4028 quidem
1492 3951 1658 4020 litteratus
1682 3956 1718 4017 et

53 4063 54 4122 3
104 4042 171 4108 cibus
183 4048 261 4112 olavi
276 4067 322 4112 ex
337 4053 410 4127 ejus
422 4064 523 4111 carne
535 4050 659 4111 virtute
671 4048 784 4111 diuina
799 4051 865 4110 mi·
918 4047 1075 4123 paradeus,
1101 4047 1323 4123 Hieronymus
1349 4049 1499 4121 nomine,
1523 4050 1575 4112 vir
1600 4051 1717 4128 utique

53 4203 54 4224 ἦ
104 4141 358 4217 ntmlabretacti,
372 4146 487 4223 sicque
502 4146 597 4207 carni
613 4147 721 4208 eidem
741 4146 861 4219 innati,
918 4143 1066 4205 famosus
1096 4147 1129 4206 et
1157 4144 1311 4216 celebris,
1341 4161 1417 4206 cum
1447 4146 1487 4207 de
1517 4147 1713 4222 hujusmodi

53 4227 54 4262 ³
104 4239 864 4322 qooddumapartequalibetpremerentur,pr0·
918 4241 1023 4306 sacris
1043 4242 1254 4317 stigmatibus
1277 4240 1470 4313 dubitasset,
1487 4245 1640 4320 essetque
1654 4245 1714 4306 in-

104 4333 170 4398 iibus
185 4345 272 4418 qnasi
289 4343 389 4404 nervi
404 4340 554 4403 continui
569 4343 603 4403 et
623 4341 710 4413 duri,
724 4341 767 4401 ad
779 4356 863 4418 par·
917 4338 1073 4400 credulus
1095 4338 1190 4415 quasi
1214 4338 1368 4405 Thomas,
1388 4338 1571 4401 ferventius
1593 4342 1626 4402 et
1650 4358 1715 4403 au-

105 4430 329 4514 tenoppositam
343 4437 561 4500 resultabant.
579 4440 717 4500 Inventa
732 4454 863 4515 quoque
917 4436 1033 4498 dacius
1065 4451 1177 4499 coram
1207 4434 1367 4497 tratribus
1401 4438 1435 4497 et
1468 4437 1546 4498 aliis
1581 4439 1713 4502 civibus

53 4535 54 4538 ’
105 4524 149 4590 tuit
159 4537 307 4607 patentius
320 4537 356 4597 in
371 4536 477 4612 ipsius
492 4551 643 4612 corpure,
654 4551 722 4596 non
735 4535 863 4598 inflicta
917 4531 1069 4594 movebat
1086 4533 1215 4598 clavos,
1231 4533 1404 4609 sanctique
1426 4549 1546 4595 manus
1566 4538 1600 4598 et
1614 4538 1715 4613 pedes

53 4655 55 4712 3
106 4619 269 4706 humanitus,
284 4648 395 4709 neque
416 4632 502 4696 lacta
518 4633 617 4709 plaga
636 4632 787 4694 vulneris
807 4633 862 4695 la·
916 4631 950 4692 et
970 4630 1058 4691 latus
1080 4629 1234 4691 manibus
1255 4630 1402 4706 propriis
1424 4633 1661 4707 contrectabat,
1679 4638 1716 4698 ut

108 4721 203 4800 halis,
216 4731 320 4793 instar
337 4730 506 4791 vulnerati
528 4729 643 4792 lateris
665 4730 860 4801 salvatoris,
916 4726 994 4788 dum
1020 4725 1196 4788 vmnerum
1223 4725 1347 4788 Christi
1368 4728 1503 4789 veracia
1530 4729 1590 4792 illa
1617 4731 1714 4806 signa

108 4819 170 4890 1101
181 4825 409 4903 redemptionis
423 4819 729 4902 etr'egenerationis
743 4826 863 4888 huma·
916 4823 1084 4901 palpando
1109 4823 1333 4898 contingeret,
1357 4824 1397 4884 de
1425 4826 1477 4886 sui
1508 4827 1541 4887 et
1566 4828 1714 4888 omnium

53 4915 55 4968 ἕ
109 4916 863 4999 nainipsonedemptorenostroprotuntsaera·
917 4920 1071 4983 cordibus
1082 4935 1179 4982 omne
1192 4920 1500 4982 dubietatisvulnus
1512 4925 1710 5000 amputaret.

53 5045 55 5052 ›
109 5016 229 5078 neutum.
251 5020 329 5081 Erat
351 5021 461 5081 autem
481 5019 665 5080 similitudo
692 5020 861 5081 clarorum
916 5020 1056 5094 Propter
1070 5017 1156 5095 quod
1171 5019 1205 5080 et
1219 5018 1290 5094 ipse
1302 5018 1391 5079 inter
1404 5019 1490 5080 alios
1505 5019 1605 5097 hujus
1620 5021 1712 5083 veri-

111 5105 180 5183 nigra
199 5119 282 5192 quasi
305 5117 451 5192 terrum;
467 5117 589 5179 vulnus
615 5117 726 5178 autem
745 5116 862 5178 lateris
915 5116 1005 5188 tatis,
1033 5117 1101 5177 tam
1136 5115 1416 5177 certitudinaliter
1449 5116 1588 5190 agnita,
1618 5118 1712 5180 testis

53 5283 54 5364 s
136 5309 166 5380 (t)
178 5314 239 5376 Obiit
249 5319 332 5392 igitur
346 5321 375 5377 S.
386 5320 553 5376 Franciscus
563 5318 676 5391 vesperi
692 5325 755 5391 post
775 5332 860 5376 occa·
916 5319 1086 5399 Europaeum
1110 5315 1246 5387 loquendi
1270 5313 1386 5372 modum
1404 5314 1507 5372 obierit
1523 5315 1605 5374 tertio
1621 5332 1714 5376 nonas

53 5417 55 5460 3
113 5385 387 5460 acommodata
406 5396 518 5462 tempus
534 5403 598 5446 cum
623 5404 702 5446 more
717 5388 862 5471 italieoed
916 5387 1040 5444 octobris
1059 5402 1087 5443 m
1103 5387 1231 5444 sabbato.

114 5457 862 5588 111111111111101101111,1
916 5454 1716 5601 θ111111.111111111111’111111111

53 5605 54 5610 ¹
115 5586 260 5663 enimcum
272 5545 427 5658 seeundulm
440 5607 567 5657 nostrum
577 5600 861 5672 communionemque
917 5592 997 5656 didit.
1394 5570 1400 5583 .
