<?xml version="1.0" encoding="UTF-8"?>
<!DOCTYPE html PUBLIC "-//W3C//DTD XHTML 1.0 Transitional//EN"
    "http://www.w3.org/TR/xhtml1/DTD/xhtml1-transitional.dtd">
<html xmlns="http://www.w3.org/1999/xhtml" xml:lang="en" lang="en">
 <head>
  <title>
</title>
<meta http-equiv="Content-Type" content="text/html;charset=utf-8" />
  <meta name='ocr-system' content='tesseract 3.04.00' />
  <meta name='ocr-capabilities' content='ocr_page ocr_carea ocr_par ocr_line ocrx_word'/>
</head>
<body>
  <div class='ocr_page' id='page_1' title='image "./mediiaevibiblio09bottgoog_0595.png"; bbox 0 0 3950 6200; ppageno 0'>
   <div class='ocr_carea' id='block_1_1' title="bbox 104 340 1753 453">
    <p class='ocr_par' dir='ltr' id='par_1_1' title="bbox 104 340 1753 453">
     <span class='ocr_line' id='line_1_1' title="bbox 104 340 1753 453; baseline -0.004 -2"><span class='ocrx_word' id='word_1_1' title='bbox 104 389 169 451; x_wconf 74' lang='lat' dir='ltr'><strong>eos</strong></span> <span class='ocrx_word' id='word_1_2' title='bbox 494 362 603 451; x_wconf 75' lang='lat' dir='ltr'><strong>runs</strong></span> <span class='ocrx_word' id='word_1_3' title='bbox 629 340 773 450; x_wconf 77' lang='lat' dir='ltr'><strong>enimn.</strong></span> <span class='ocrx_word' id='word_1_4' title='bbox 789 412 830 433; x_wconf 82' lang='lat'><strong>-</strong></span> <span class='ocrx_word' id='word_1_5' title='bbox 848 383 1067 449; x_wconf 77' lang='lat' dir='ltr'><strong>exeosrrro</strong></span> <span class='ocrx_word' id='word_1_6' title='bbox 1097 383 1142 453; x_wconf 78' lang='lat' dir='ltr'><strong>nt</strong></span> <span class='ocrx_word' id='word_1_7' title='bbox 1170 383 1373 449; x_wconf 75' lang='lat' dir='ltr'><strong>renunes.</strong></span> <span class='ocrx_word' id='word_1_8' title='bbox 1693 384 1753 445; x_wconf 85' lang='lat' dir='ltr'><strong>ooo</strong></span> 
     </span>
    </p>
   </div>
   <div class='ocr_carea' id='block_1_2' title="bbox 22 541 1760 2083">
    <p class='ocr_par' dir='ltr' id='par_1_2' title="bbox 22 541 1760 2083">
     <span class='ocr_line' id='line_1_2' title="bbox 100 541 1752 623; baseline -0.006 -11"><span class='ocrx_word' id='word_1_9' title='bbox 100 544 899 623; x_wconf 76' lang='lat' dir='ltr'><strong>tradutuacbristustalijuatitio,etarmatus,pro</strong></span> <span class='ocrx_word' id='word_1_10' title='bbox 956 543 1047 618; x_wconf 85' lang='lat' dir='ltr'><strong>licet,</strong></span> <span class='ocrx_word' id='word_1_11' title='bbox 1067 548 1100 608; x_wconf 89' lang='lat' dir='ltr'><strong>et</strong></span> <span class='ocrx_word' id='word_1_12' title='bbox 1122 543 1314 608; x_wconf 83' lang='lat' dir='ltr'><strong>humanam.</strong></span> <span class='ocrx_word' id='word_1_13' title='bbox 1341 542 1512 621; x_wconf 72' lang='lat' dir='ltr'><strong>ingelida,</strong></span> <span class='ocrx_word' id='word_1_14' title='bbox 1529 541 1636 620; x_wconf 85' lang='lat' dir='ltr'><strong>quoad</strong></span> <span class='ocrx_word' id='word_1_15' title='bbox 1664 543 1752 615; x_wconf 90' lang='lat' dir='ltr'><strong>illos,</strong></span> 
     </span>
     <span class='ocr_line' id='line_1_3' title="bbox 100 640 1753 725; baseline -0.004 -17"><span class='ocrx_word' id='word_1_16' title='bbox 100 642 241 709; x_wconf 88' lang='lat' dir='ltr'><strong>bomine</strong></span> <span class='ocrx_word' id='word_1_17' title='bbox 271 660 435 725; x_wconf 86' lang='lat' dir='ltr'><strong>pugnans,</strong></span> <span class='ocrx_word' id='word_1_18' title='bbox 458 640 499 707; x_wconf 89' lang='lat' dir='ltr'><strong>de</strong></span> <span class='ocrx_word' id='word_1_19' title='bbox 520 642 653 707; x_wconf 90' lang='lat' dir='ltr'><strong>diabolo</strong></span> <span class='ocrx_word' id='word_1_20' title='bbox 672 644 901 720; x_wconf 75' lang='lat' dir='ltr'><strong>triumpharit.</strong></span> <span class='ocrx_word' id='word_1_21' title='bbox 955 643 1012 720; x_wconf 87' lang='lat' dir='ltr'><strong>qui</strong></span> <span class='ocrx_word' id='word_1_22' title='bbox 1041 642 1243 714; x_wconf 90' lang='lat' dir='ltr'><strong>ceciderunt,</strong></span> <span class='ocrx_word' id='word_1_23' title='bbox 1268 642 1453 704; x_wconf 86' lang='lat' dir='ltr'><strong>offenderat</strong></span> <span class='ocrx_word' id='word_1_24' title='bbox 1471 641 1505 701; x_wconf 93' lang='lat' dir='ltr'><strong>in</strong></span> <span class='ocrx_word' id='word_1_25' title='bbox 1527 642 1753 719; x_wconf 89' lang='lat' dir='ltr'><strong>aequalitatem</strong></span> 
     </span>
     <span class='ocr_line' id='line_1_4' title="bbox 99 732 1755 816; baseline -0.004 -11"><span class='ocrx_word' id='word_1_26' title='bbox 99 740 189 816; x_wconf 84' lang='lat' dir='ltr'><strong>Quia</strong></span> <span class='ocrx_word' id='word_1_27' title='bbox 204 743 296 806; x_wconf 88' lang='lat' dir='ltr'><strong>enim</strong></span> <span class='ocrx_word' id='word_1_28' title='bbox 311 743 463 806; x_wconf 80' lang='lat' dir='ltr'><strong>diabolus</strong></span> <span class='ocrx_word' id='word_1_29' title='bbox 482 732 619 803; x_wconf 81' lang='lat' dir='ltr'><strong>manum</strong></span> <span class='ocrx_word' id='word_1_30' title='bbox 639 756 734 803; x_wconf 72' lang='lat' dir='ltr'><strong>stram</strong></span> <span class='ocrx_word' id='word_1_31' title='bbox 753 738 902 803; x_wconf 81' lang='lat' dir='ltr'><strong>extendit</strong></span> <span class='ocrx_word' id='word_1_32' title='bbox 955 734 1027 806; x_wconf 85' lang='lat' dir='ltr'><strong>Dei,</strong></span> <span class='ocrx_word' id='word_1_33' title='bbox 1044 742 1078 802; x_wconf 88' lang='lat' dir='ltr'><strong>et</strong></span> <span class='ocrx_word' id='word_1_34' title='bbox 1101 736 1147 801; x_wconf 89' lang='lat' dir='ltr'><strong>lta</strong></span> <span class='ocrx_word' id='word_1_35' title='bbox 1172 737 1207 800; x_wconf 93' lang='lat' dir='ltr'><strong>in</strong></span> <span class='ocrx_word' id='word_1_36' title='bbox 1230 737 1361 801; x_wconf 80' lang='lat' dir='ltr'><strong>Filium.</strong></span> <span class='ocrx_word' id='word_1_37' title='bbox 1379 741 1484 801; x_wconf 88' lang='lat' dir='ltr'><strong>Homo</strong></span> <span class='ocrx_word' id='word_1_38' title='bbox 1510 738 1695 800; x_wconf 84' lang='lat' dir='ltr'><strong>offenderat</strong></span> <span class='ocrx_word' id='word_1_39' title='bbox 1721 739 1755 799; x_wconf 93' lang='lat' dir='ltr'><strong>in</strong></span> 
     </span>
     <span class='ocr_line' id='line_1_5' title="bbox 99 832 1757 919; baseline -0.001 -19"><span class='ocrx_word' id='word_1_40' title='bbox 99 840 135 901; x_wconf 93' lang='lat' dir='ltr'><strong>in</strong></span> <span class='ocrx_word' id='word_1_41' title='bbox 151 859 245 914; x_wconf 91' lang='lat' dir='ltr'><strong>eurn,</strong></span> <span class='ocrx_word' id='word_1_42' title='bbox 260 843 295 902; x_wconf 92' lang='lat' dir='ltr'><strong>in</strong></span> <span class='ocrx_word' id='word_1_43' title='bbox 314 857 379 919; x_wconf 84' lang='lat' dir='ltr'><strong>quo</strong></span> <span class='ocrx_word' id='word_1_44' title='bbox 401 839 487 901; x_wconf 82' lang='lat' dir='ltr'>nihil</span> <span class='ocrx_word' id='word_1_45' title='bbox 509 837 662 906; x_wconf 89' lang='lat' dir='ltr'><strong>habebat,</strong></span> <span class='ocrx_word' id='word_1_46' title='bbox 675 841 765 916; x_wconf 86' lang='lat' dir='ltr'><strong>juste</strong></span> <span class='ocrx_word' id='word_1_47' title='bbox 789 832 902 899; x_wconf 85' lang='lat' dir='ltr'><strong>amisit</strong></span> <span class='ocrx_word' id='word_1_48' title='bbox 956 835 1166 913; x_wconf 80' lang='lat' dir='ltr'><strong>sapientiam,</strong></span> <span class='ocrx_word' id='word_1_49' title='bbox 1183 837 1216 897; x_wconf 91' lang='lat' dir='ltr'><strong>et</strong></span> <span class='ocrx_word' id='word_1_50' title='bbox 1229 837 1475 898; x_wconf 88' lang='lat' dir='ltr'><strong>scandalizatus</strong></span> <span class='ocrx_word' id='word_1_51' title='bbox 1489 835 1597 898; x_wconf 87' lang='lat' dir='ltr'><strong>luerat</strong></span> <span class='ocrx_word' id='word_1_52' title='bbox 1611 836 1646 896; x_wconf 92' lang='lat' dir='ltr'><strong>in</strong></span> <span class='ocrx_word' id='word_1_53' title='bbox 1660 852 1710 907; x_wconf 91' lang='lat' dir='ltr'><strong>ea,</strong></span> <span class='ocrx_word' id='word_1_54' title='bbox 1722 840 1757 898; x_wconf 91' lang='lat' dir='ltr'><strong>et</strong></span> 
     </span>
     <span class='ocr_line' id='line_1_6' title="bbox 99 929 1756 1015; baseline -0.004 -14"><span class='ocrx_word' id='word_1_55' title='bbox 99 935 289 1011; x_wconf 89' lang='lat' dir='ltr'><strong>hominem,</strong></span> <span class='ocrx_word' id='word_1_56' title='bbox 303 937 337 1000; x_wconf 89' lang='lat' dir='ltr'><strong>iu</strong></span> <span class='ocrx_word' id='word_1_57' title='bbox 351 954 415 1015; x_wconf 86' lang='lat' dir='ltr'><strong>quo</strong></span> <span class='ocrx_word' id='word_1_58' title='bbox 430 935 554 1015; x_wconf 89' lang='lat' dir='ltr'><strong>aliquid</strong></span> <span class='ocrx_word' id='word_1_59' title='bbox 566 937 655 1013; x_wconf 90' lang='lat' dir='ltr'><strong>juris</strong></span> <span class='ocrx_word' id='word_1_60' title='bbox 671 935 795 998; x_wconf 89' lang='lat' dir='ltr'><strong>habere</strong></span> <span class='ocrx_word' id='word_1_61' title='bbox 809 935 903 997; x_wconf 81' lang='lat' dir='ltr'><strong>ride·</strong></span> <span class='ocrx_word' id='word_1_62' title='bbox 957 934 1003 995; x_wconf 90' lang='lat' dir='ltr'><strong>ita</strong></span> <span class='ocrx_word' id='word_1_63' title='bbox 1027 937 1062 994; x_wconf 92' lang='lat' dir='ltr'><strong>in</strong></span> <span class='ocrx_word' id='word_1_64' title='bbox 1087 935 1146 995; x_wconf 91' lang='lat' dir='ltr'><strong>Dei</strong></span> <span class='ocrx_word' id='word_1_65' title='bbox 1172 934 1258 995; x_wconf 81' lang='lat' dir='ltr'><strong>Pilio</strong></span> <span class='ocrx_word' id='word_1_66' title='bbox 1279 956 1287 994; x_wconf 72' lang='grc' dir='ltr'><strong><em>ε</em></strong></span> <span class='ocrx_word' id='word_1_67' title='bbox 1306 934 1364 994; x_wconf 89' lang='grc'>1111</span> <span class='ocrx_word' id='word_1_68' title='bbox 1387 934 1571 1010; x_wconf 89' lang='lat' dir='ltr'><strong>appetendo</strong></span> <span class='ocrx_word' id='word_1_69' title='bbox 1593 929 1756 1011; x_wconf 86' lang='lat' dir='ltr'><strong>aequ&#39;alem</strong></span> 
     </span>
     <span class='ocr_line' id='line_1_7' title="bbox 22 1024 1758 1110; baseline -0.003 -13"><span class='ocrx_word' id='word_1_70' title='bbox 22 1032 24 1039; x_wconf 80' lang='grc'><em>’</em></span> <span class='ocrx_word' id='word_1_71' title='bbox 100 1035 656 1104; x_wconf 87' lang='lat' dir='ltr'><strong>batur.Justemereturamittere,</strong></span> <span class='ocrx_word' id='word_1_72' title='bbox 673 1033 902 1110; x_wconf 88' lang='lat' dir='ltr'><strong>quiconcessa</strong></span> <span class='ocrx_word' id='word_1_73' title='bbox 957 1034 1025 1092; x_wconf 87' lang='lat' dir='ltr'><strong>Deo</strong></span> <span class='ocrx_word' id='word_1_74' title='bbox 1052 1024 1150 1104; x_wconf 56' lang='lat' dir='ltr'><strong>lieris</strong></span> <span class='ocrx_word' id='word_1_75' title='bbox 1170 1031 1232 1093; x_wconf 91' lang='lat' dir='ltr'><strong>iste</strong></span> <span class='ocrx_word' id='word_1_76' title='bbox 1269 1031 1533 1108; x_wconf 90' lang='lat' dir='ltr'><strong>concupiscendo</strong></span> <span class='ocrx_word' id='word_1_77' title='bbox 1557 1031 1758 1108; x_wconf 83' lang='lat' dir='ltr'><strong>sapientiam</strong></span> 
     </span>
     <span class='ocr_line' id='line_1_8' title="bbox 100 1128 1755 1209; baseline -0.004 -14"><span class='ocrx_word' id='word_1_78' title='bbox 100 1133 168 1195; x_wconf 86' lang='lat' dir='ltr'><strong>sibi</strong></span> <span class='ocrx_word' id='word_1_79' title='bbox 180 1133 333 1196; x_wconf 89' lang='lat' dir='ltr'><strong>abutitur</strong></span> <span class='ocrx_word' id='word_1_80' title='bbox 347 1134 521 1209; x_wconf 79' lang='lat' dir='ltr'><strong>potestate.</strong></span> <span class='ocrx_word' id='word_1_81' title='bbox 541 1133 620 1192; x_wconf 90' lang='lat' dir='ltr'><strong>Haec</strong></span> <span class='ocrx_word' id='word_1_82' title='bbox 632 1132 744 1209; x_wconf 89' lang='lat' dir='ltr'><strong>itaque</strong></span> <span class='ocrx_word' id='word_1_83' title='bbox 755 1129 816 1192; x_wconf 90' lang='lat' dir='ltr'><strong>luit</strong></span> <span class='ocrx_word' id='word_1_84' title='bbox 831 1131 903 1205; x_wconf 90' lang='lat' dir='ltr'><strong>ejus</strong></span> <span class='ocrx_word' id='word_1_85' title='bbox 957 1128 1036 1189; x_wconf 92' lang='lat' dir='ltr'><strong>boni</strong></span> <span class='ocrx_word' id='word_1_86' title='bbox 1058 1129 1091 1189; x_wconf 90' lang='lat' dir='ltr'><strong>et</strong></span> <span class='ocrx_word' id='word_1_87' title='bbox 1112 1129 1203 1190; x_wconf 86' lang='lat' dir='ltr'><strong>mali.</strong></span> <span class='ocrx_word' id='word_1_88' title='bbox 1220 1128 1304 1199; x_wconf 87' lang='lat' dir='ltr'><strong>Quia</strong></span> <span class='ocrx_word' id='word_1_89' title='bbox 1325 1128 1428 1203; x_wconf 90' lang='lat' dir='ltr'><strong>igitur</strong></span> <span class='ocrx_word' id='word_1_90' title='bbox 1444 1128 1478 1189; x_wconf 91' lang='lat' dir='ltr'><strong>in</strong></span> <span class='ocrx_word' id='word_1_91' title='bbox 1499 1144 1538 1189; x_wconf 90' lang='lat' dir='ltr'><strong>eo</strong></span> <span class='ocrx_word' id='word_1_92' title='bbox 1560 1128 1755 1199; x_wconf 87' lang='lat' dir='ltr'><strong>offenderat,</strong></span> 
     </span>
     <span class='ocr_line' id='line_1_9' title="bbox 97 1222 1759 1308; baseline -0.004 -16"><span class='ocrx_word' id='word_1_93' title='bbox 97 1232 252 1308; x_wconf 88' lang='lat' dir='ltr'><strong>justitia,</strong></span> <span class='ocrx_word' id='word_1_94' title='bbox 269 1247 333 1308; x_wconf 87' lang='lat' dir='ltr'><strong>qua</strong></span> <span class='ocrx_word' id='word_1_95' title='bbox 352 1230 489 1292; x_wconf 90' lang='lat' dir='ltr'><strong>indutus</strong></span> <span class='ocrx_word' id='word_1_96' title='bbox 509 1228 572 1291; x_wconf 82' lang='lat' dir='ltr'><strong>tuit</strong></span> <span class='ocrx_word' id='word_1_97' title='bbox 586 1231 673 1289; x_wconf 84' lang='lat' dir='ltr'><strong>Deus</strong></span> <span class='ocrx_word' id='word_1_98' title='bbox 695 1228 734 1288; x_wconf 90' lang='lat' dir='ltr'><strong>ad</strong></span> <span class='ocrx_word' id='word_1_99' title='bbox 752 1242 904 1304; x_wconf 87' lang='lat' dir='ltr'><strong>pugnan-</strong></span> <span class='ocrx_word' id='word_1_100' title='bbox 957 1241 1000 1286; x_wconf 89' lang='lat' dir='ltr'><strong>ue</strong></span> <span class='ocrx_word' id='word_1_101' title='bbox 1014 1225 1184 1287; x_wconf 88' lang='lat' dir='ltr'><strong>videretur</strong></span> <span class='ocrx_word' id='word_1_102' title='bbox 1194 1225 1272 1287; x_wconf 90' lang='lat' dir='ltr'><strong>inde</strong></span> <span class='ocrx_word' id='word_1_103' title='bbox 1285 1241 1381 1302; x_wconf 90' lang='lat' dir='ltr'><strong>posse</strong></span> <span class='ocrx_word' id='word_1_104' title='bbox 1396 1222 1621 1302; x_wconf 89' lang='lat' dir='ltr'><strong>blasphemari</strong></span> <span class='ocrx_word' id='word_1_105' title='bbox 1633 1225 1673 1286; x_wconf 90' lang='lat' dir='ltr'><strong>de</strong></span> <span class='ocrx_word' id='word_1_106' title='bbox 1684 1240 1759 1302; x_wconf 90' lang='lat' dir='ltr'><strong>per·</strong></span> 
     </span>
     <span class='ocr_line' id='line_1_10' title="bbox 99 1322 1755 1400; baseline -0.004 -12"><span class='ocrx_word' id='word_1_107' title='bbox 99 1327 185 1389; x_wconf 92' lang='lat' dir='ltr'><strong>dum</strong></span> <span class='ocrx_word' id='word_1_108' title='bbox 215 1330 333 1389; x_wconf 89' lang='lat' dir='ltr'><strong>contra</strong></span> <span class='ocrx_word' id='word_1_109' title='bbox 361 1327 557 1396; x_wconf 86' lang='lat' dir='ltr'><strong>daemonem,</strong></span> <span class='ocrx_word' id='word_1_110' title='bbox 588 1327 625 1385; x_wconf 91' lang='lat' dir='ltr'><strong>ut</strong></span> <span class='ocrx_word' id='word_1_111' title='bbox 660 1325 776 1385; x_wconf 90' lang='lat' dir='ltr'><strong>lorica.</strong></span> <span class='ocrx_word' id='word_1_112' title='bbox 811 1323 904 1385; x_wconf 91' lang='lat' dir='ltr'><strong>Unde</strong></span> <span class='ocrx_word' id='word_1_113' title='bbox 958 1323 1223 1394; x_wconf 88' lang='lat' dir='ltr'><strong>ditioneeorum,</strong></span> <span class='ocrx_word' id='word_1_114' title='bbox 1241 1323 1539 1400; x_wconf 81' lang='lat' dir='ltr'><strong>disit:‹Propter</strong></span> <span class='ocrx_word' id='word_1_115' title='bbox 1556 1322 1755 1395; x_wconf 85' lang='lat' dir='ltr'><strong>malaciam,</strong></span> 
     </span>
     <span class='ocr_line' id='line_1_11' title="bbox 99 1420 1759 1503; baseline -0.002 -18"><span class='ocrx_word' id='word_1_116' title='bbox 99 1424 167 1487; x_wconf 74' lang='lat' dir='ltr'><strong>iob</strong></span> <span class='ocrx_word' id='word_1_117' title='bbox 185 1423 256 1501; x_wconf 82' lang='lat'><strong>(26,</strong></span> <span class='ocrx_word' id='word_1_118' title='bbox 282 1426 320 1484; x_wconf 84' lang='lat'><strong>12</strong></span> <span class='ocrx_word' id='word_1_119' title='bbox 342 1425 375 1485; x_wconf 90' lang='lat' dir='ltr'><strong>et</strong></span> <span class='ocrx_word' id='word_1_120' title='bbox 395 1421 447 1503; x_wconf 89' lang='grc'><strong>13)</strong></span> <span class='ocrx_word' id='word_1_121' title='bbox 465 1439 507 1482; x_wconf 76' lang='lat' dir='ltr'><strong>:c</strong></span> <span class='ocrx_word' id='word_1_122' title='bbox 530 1422 712 1483; x_wconf 83' lang='lat' dir='ltr'><strong>Prudentia</strong></span> <span class='ocrx_word' id='word_1_123' title='bbox 733 1425 806 1498; x_wconf 77' lang='lat' dir='ltr'><strong>ejus</strong></span> <span class='ocrx_word' id='word_1_124' title='bbox 827 1436 905 1497; x_wconf 86' lang='lat' dir='ltr'><strong>per·</strong></span> <span class='ocrx_word' id='word_1_125' title='bbox 960 1421 995 1482; x_wconf 91' lang='lat' dir='ltr'><strong>ut</strong></span> <span class='ocrx_word' id='word_1_126' title='bbox 1018 1420 1312 1497; x_wconf 83' lang='lat' dir='ltr'><strong>nonblasplremer</strong></span> <span class='ocrx_word' id='word_1_127' title='bbox 1326 1437 1363 1495; x_wconf 67' lang='grc' dir='ltr'><strong>»ς</strong></span> <span class='ocrx_word' id='word_1_128' title='bbox 1379 1435 1446 1481; x_wconf 90' lang='lat' dir='ltr'><strong>non</strong></span> <span class='ocrx_word' id='word_1_129' title='bbox 1468 1435 1527 1496; x_wconf 91' lang='lat' dir='ltr'><strong>pro</strong></span> <span class='ocrx_word' id='word_1_130' title='bbox 1549 1420 1676 1481; x_wconf 88' lang='lat' dir='ltr'><strong>meritis</strong></span> <span class='ocrx_word' id='word_1_131' title='bbox 1698 1435 1759 1481; x_wconf 91' lang='lat' dir='ltr'><strong>eo·</strong></span> 
     </span>
     <span class='ocr_line' id='line_1_12' title="bbox 100 1515 1756 1598; baseline -0.002 -16"><span class='ocrx_word' id='word_1_132' title='bbox 100 1523 214 1583; x_wconf 79' lang='grc'>111111</span> <span class='ocrx_word' id='word_1_133' title='bbox 243 1520 434 1598; x_wconf 82' lang='lat' dir='ltr'><strong>superbum,</strong></span> <span class='ocrx_word' id='word_1_134' title='bbox 462 1521 497 1581; x_wconf 86' lang='lat' dir='ltr'><strong>et</strong></span> <span class='ocrx_word' id='word_1_135' title='bbox 531 1519 771 1581; x_wconf 83' lang='lat' dir='ltr'><strong>obstetricante</strong></span> <span class='ocrx_word' id='word_1_136' title='bbox 802 1534 905 1579; x_wconf 91' lang='lat' dir='ltr'><strong>manu</strong></span> <span class='ocrx_word' id='word_1_137' title='bbox 958 1533 1037 1578; x_wconf 86' lang='lat' dir='ltr'><strong>rum</strong></span> <span class='ocrx_word' id='word_1_138' title='bbox 1049 1517 1181 1589; x_wconf 81' lang='lat' dir='ltr'><strong>faciam,</strong></span> <span class='ocrx_word' id='word_1_139' title='bbox 1197 1518 1282 1579; x_wconf 88' lang='lat' dir='ltr'><strong>idest</strong></span> <span class='ocrx_word' id='word_1_140' title='bbox 1294 1517 1455 1579; x_wconf 90' lang='lat' dir='ltr'><strong>redimam</strong></span> <span class='ocrx_word' id='word_1_141' title='bbox 1471 1517 1571 1579; x_wconf 91' lang='lat' dir='ltr'><strong>etiam</strong></span> <span class='ocrx_word' id='word_1_142' title='bbox 1584 1515 1756 1578; x_wconf 91' lang='lat' dir='ltr'><strong>liberando</strong></span> 
     </span>
     <span class='ocr_line' id='line_1_13' title="bbox 101 1614 1759 1694; baseline -0.002 -15"><span class='ocrx_word' id='word_1_143' title='bbox 101 1622 192 1694; x_wconf 84' lang='lat' dir='ltr'><strong>ejus,</strong></span> <span class='ocrx_word' id='word_1_144' title='bbox 212 1618 353 1681; x_wconf 82' lang='lat' dir='ltr'><strong>eductus</strong></span> <span class='ocrx_word' id='word_1_145' title='bbox 367 1619 420 1679; x_wconf 88' lang='lat' dir='ltr'><strong>est</strong></span> <span class='ocrx_word' id='word_1_146' title='bbox 433 1616 570 1679; x_wconf 89' lang='lat' dir='ltr'><strong>coluber</strong></span> <span class='ocrx_word' id='word_1_147' title='bbox 582 1618 764 1678; x_wconf 88' lang='lat' dir='ltr'><strong>tortuosus.</strong></span> <span class='ocrx_word' id='word_1_148' title='bbox 779 1632 798 1675; x_wconf 74' lang='grc'><strong>1</strong></span> <span class='ocrx_word' id='word_1_149' title='bbox 815 1618 903 1675; x_wconf 88' lang='lat' dir='ltr'><strong>Pru·</strong></span> <span class='ocrx_word' id='word_1_150' title='bbox 959 1614 1045 1692; x_wconf 85' lang='lat' dir='ltr'><strong>quod</strong></span> <span class='ocrx_word' id='word_1_151' title='bbox 1061 1618 1170 1692; x_wconf 90' lang='lat' dir='ltr'><strong>potest</strong></span> <span class='ocrx_word' id='word_1_152' title='bbox 1181 1616 1329 1687; x_wconf 90' lang='lat' dir='ltr'><strong>liberari,</strong></span> <span class='ocrx_word' id='word_1_153' title='bbox 1345 1618 1378 1677; x_wconf 91' lang='lat' dir='ltr'><strong>et</strong></span> <span class='ocrx_word' id='word_1_154' title='bbox 1389 1615 1521 1688; x_wconf 86' lang='lat' dir='ltr'><strong>redimi,</strong></span> <span class='ocrx_word' id='word_1_155' title='bbox 1535 1614 1692 1675; x_wconf 84' lang='lat' dir='ltr'><strong>videlicet</strong></span> <span class='ocrx_word' id='word_1_156' title='bbox 1702 1615 1759 1676; x_wconf 91' lang='lat' dir='ltr'><strong>bo-</strong></span> 
     </span>
     <span class='ocr_line' id='line_1_14' title="bbox 100 1711 1757 1792; baseline -0.002 -17"><span class='ocrx_word' id='word_1_157' title='bbox 100 1714 222 1777; x_wconf 75' lang='grc'>1111111</span> <span class='ocrx_word' id='word_1_158' title='bbox 242 1717 316 1792; x_wconf 83' lang='lat' dir='ltr'><strong>ejus</strong></span> <span class='ocrx_word' id='word_1_159' title='bbox 340 1714 516 1775; x_wconf 74' lang='lat' dir='ltr'><strong>humilitas</strong></span> <span class='ocrx_word' id='word_1_160' title='bbox 535 1712 600 1774; x_wconf 83' lang='lat' dir='ltr'><strong>fuit</strong></span> <span class='ocrx_word' id='word_1_161' title='bbox 620 1712 760 1784; x_wconf 79' lang='lat' dir='ltr'><strong>Christi,</strong></span> <span class='ocrx_word' id='word_1_162' title='bbox 777 1715 811 1774; x_wconf 89' lang='lat' dir='ltr'><strong>et</strong></span> <span class='ocrx_word' id='word_1_163' title='bbox 833 1711 905 1773; x_wconf 76' lang='lat' dir='ltr'><strong>baec</strong></span> <span class='ocrx_word' id='word_1_164' title='bbox 959 1713 1094 1781; x_wconf 90' lang='lat' dir='ltr'><strong>minem,</strong></span> <span class='ocrx_word' id='word_1_165' title='bbox 1111 1713 1166 1790; x_wconf 91' lang='lat' dir='ltr'><strong>qui</strong></span> <span class='ocrx_word' id='word_1_166' title='bbox 1184 1728 1243 1790; x_wconf 90' lang='lat' dir='ltr'><strong>per</strong></span> <span class='ocrx_word' id='word_1_167' title='bbox 1255 1712 1358 1774; x_wconf 91' lang='lat' dir='ltr'><strong>alium</strong></span> <span class='ocrx_word' id='word_1_168' title='bbox 1375 1714 1536 1789; x_wconf 87' lang='lat' dir='ltr'><strong>peccavit,</strong></span> <span class='ocrx_word' id='word_1_169' title='bbox 1554 1728 1620 1772; x_wconf 92' lang='lat' dir='ltr'><strong>non</strong></span> <span class='ocrx_word' id='word_1_170' title='bbox 1635 1712 1757 1773; x_wconf 89' lang='lat' dir='ltr'><strong>diabo-</strong></span> 
     </span>
     <span class='ocr_line' id='line_1_15' title="bbox 99 1809 1759 1889; baseline -0.002 -16"><span class='ocrx_word' id='word_1_171' title='bbox 99 1812 275 1889; x_wconf 87' lang='lat' dir='ltr'><strong>percussit</strong></span> <span class='ocrx_word' id='word_1_172' title='bbox 296 1811 465 1872; x_wconf 86' lang='lat' dir='ltr'><strong>diabolum</strong></span> <span class='ocrx_word' id='word_1_173' title='bbox 491 1810 682 1887; x_wconf 87' lang='lat' dir='ltr'><strong>superbum,</strong></span> <span class='ocrx_word' id='word_1_174' title='bbox 706 1810 794 1871; x_wconf 84' lang='lat' dir='ltr'><strong>sicut</strong></span> <span class='ocrx_word' id='word_1_175' title='bbox 820 1824 903 1886; x_wconf 86' lang='lat' dir='ltr'><strong>pru·</strong></span> <span class='ocrx_word' id='word_1_176' title='bbox 959 1810 1040 1882; x_wconf 91' lang='lat' dir='ltr'><strong>lum,</strong></span> <span class='ocrx_word' id='word_1_177' title='bbox 1057 1811 1116 1887; x_wconf 86' lang='lat' dir='ltr'><strong>qui</strong></span> <span class='ocrx_word' id='word_1_178' title='bbox 1134 1826 1197 1886; x_wconf 86' lang='lat' dir='ltr'><strong>per</strong></span> <span class='ocrx_word' id='word_1_179' title='bbox 1215 1809 1373 1887; x_wconf 85' lang='lat' dir='ltr'><strong>seipsum,</strong></span> <span class='ocrx_word' id='word_1_180' title='bbox 1389 1810 1481 1870; x_wconf 86' lang='lat' dir='ltr'><strong>nulla</strong></span> <span class='ocrx_word' id='word_1_181' title='bbox 1497 1810 1652 1872; x_wconf 92' lang='lat' dir='ltr'><strong>seductus</strong></span> <span class='ocrx_word' id='word_1_182' title='bbox 1674 1825 1759 1884; x_wconf 86' lang='lat' dir='ltr'><strong>sug-</strong></span> 
     </span>
     <span class='ocr_line' id='line_1_16' title="bbox 101 1906 1759 1984; baseline -0.002 -14"><span class='ocrx_word' id='word_1_183' title='bbox 101 1909 224 1971; x_wconf 88' lang='lat' dir='ltr'><strong>dentia</strong></span> <span class='ocrx_word' id='word_1_184' title='bbox 249 1909 398 1971; x_wconf 90' lang='lat' dir='ltr'><strong>stultum.</strong></span> <span class='ocrx_word' id='word_1_185' title='bbox 422 1925 441 1969; x_wconf 74' lang='grc'><strong>1</strong></span> <span class='ocrx_word' id='word_1_186' title='bbox 466 1910 505 1970; x_wconf 87' lang='lat' dir='ltr'><strong>Et</strong></span> <span class='ocrx_word' id='word_1_187' title='bbox 524 1908 666 1970; x_wconf 88' lang='lat' dir='ltr'><strong>eductus</strong></span> <span class='ocrx_word' id='word_1_188' title='bbox 685 1908 737 1968; x_wconf 89' lang='lat' dir='ltr'><strong>est</strong></span> <span class='ocrx_word' id='word_1_189' title='bbox 768 1906 906 1968; x_wconf 90' lang='lat' dir='ltr'><strong>coluber</strong></span> <span class='ocrx_word' id='word_1_190' title='bbox 958 1906 1273 1984; x_wconf 84' lang='lat' dir='ltr'><strong>gestionedeliquit.</strong></span> <span class='ocrx_word' id='word_1_191' title='bbox 1288 1924 1308 1967; x_wconf 82' lang='grc'><strong>1</strong></span> <span class='ocrx_word' id='word_1_192' title='bbox 1321 1908 1361 1968; x_wconf 84' lang='lat' dir='ltr'><strong>Et</strong></span> <span class='ocrx_word' id='word_1_193' title='bbox 1379 1907 1521 1983; x_wconf 78' lang='lat' dir='ltr'><strong>gloriam</strong></span> <span class='ocrx_word' id='word_1_194' title='bbox 1537 1922 1644 1968; x_wconf 89' lang='lat' dir='ltr'><strong>meam</strong></span> <span class='ocrx_word' id='word_1_195' title='bbox 1659 1906 1759 1969; x_wconf 87' lang='lat' dir='ltr'><strong>alteri</strong></span> 
     </span>
     <span class='ocr_line' id='line_1_17' title="bbox 100 2002 1760 2083; baseline -0.002 -15"><span class='ocrx_word' id='word_1_196' title='bbox 100 2008 338 2069; x_wconf 71' lang='lat' dir='ltr'><strong>tortuosus.»</strong></span> <span class='ocrx_word' id='word_1_197' title='bbox 375 2008 447 2066; x_wconf 87' lang='lat' dir='ltr'><strong>Duo</strong></span> <span class='ocrx_word' id='word_1_198' title='bbox 464 2004 538 2066; x_wconf 74' lang='lat' dir='ltr'><strong>‘hic</strong></span> <span class='ocrx_word' id='word_1_199' title='bbox 570 2004 842 2080; x_wconf 81' lang='lat' dir='ltr'><strong>conglutinantur</strong></span> <span class='ocrx_word' id='word_1_200' title='bbox 869 2005 904 2064; x_wconf 91' lang='lat' dir='ltr'><strong>in</strong></span> <span class='ocrx_word' id='word_1_201' title='bbox 960 2020 1027 2065; x_wconf 91' lang='lat' dir='ltr'><strong>nou</strong></span> <span class='ocrx_word' id='word_1_202' title='bbox 1057 2003 1153 2065; x_wconf 93' lang='lat' dir='ltr'><strong>dabo.</strong></span> <span class='ocrx_word' id='word_1_203' title='bbox 1180 2021 1198 2063; x_wconf 76' lang='grc'><strong>1</strong></span> <span class='ocrx_word' id='word_1_204' title='bbox 1227 2003 1362 2066; x_wconf 89' lang='lat' dir='ltr'><strong>Poterat</strong></span> <span class='ocrx_word' id='word_1_205' title='bbox 1385 2005 1475 2065; x_wconf 92' lang='lat' dir='ltr'><strong>enim</strong></span> <span class='ocrx_word' id='word_1_206' title='bbox 1494 2020 1568 2065; x_wconf 86' lang='lat' dir='ltr'><strong>esse</strong></span> <span class='ocrx_word' id='word_1_207' title='bbox 1590 2002 1649 2083; x_wconf 90' lang='grc'>(1),</span> <span class='ocrx_word' id='word_1_208' title='bbox 1667 2007 1703 2064; x_wconf 84' lang='grc'><strong>11</strong></span> <span class='ocrx_word' id='word_1_209' title='bbox 1729 2002 1760 2064; x_wconf 89' lang='lat' dir='ltr'><strong>si</strong></span> 
     </span>
    </p>
   </div>
   <div class='ocr_carea' id='block_1_3' title="bbox 51 2101 907 5388">
    <p class='ocr_par' dir='ltr' id='par_1_3' title="bbox 51 2101 907 5388">
     <span class='ocr_line' id='line_1_18' title="bbox 100 2101 906 2179; baseline -0.004 -15"><span class='ocrx_word' id='word_1_210' title='bbox 100 2120 210 2164; x_wconf 90' lang='lat' dir='ltr'><strong>unum</strong></span> <span class='ocrx_word' id='word_1_211' title='bbox 223 2125 233 2177; x_wconf 83' lang='lat'>3</span> <span class='ocrx_word' id='word_1_212' title='bbox 250 2117 310 2179; x_wconf 85' lang='lat' dir='ltr'><strong>per</strong></span> <span class='ocrx_word' id='word_1_213' title='bbox 321 2102 385 2163; x_wconf 89' lang='lat' dir='ltr'><strong>hoc</strong></span> <span class='ocrx_word' id='word_1_214' title='bbox 399 2102 489 2163; x_wconf 90' lang='lat' dir='ltr'><strong>enim</strong></span> <span class='ocrx_word' id='word_1_215' title='bbox 502 2101 589 2178; x_wconf 86' lang='lat' dir='ltr'><strong>quod</strong></span> <span class='ocrx_word' id='word_1_216' title='bbox 604 2102 737 2173; x_wconf 90' lang='lat' dir='ltr'><strong>dicitur,</strong></span> <span class='ocrx_word' id='word_1_217' title='bbox 752 2104 906 2176; x_wconf 71' lang='lat' dir='ltr'><strong>praeden-</strong></span> 
     </span>
     <span class='ocr_line' id='line_1_19' title="bbox 100 2198 906 2276; baseline -0.004 -15"><span class='ocrx_word' id='word_1_218' title='bbox 100 2202 166 2271; x_wconf 82' lang='lat' dir='ltr'><strong>tia,</strong></span> <span class='ocrx_word' id='word_1_219' title='bbox 182 2199 383 2267; x_wconf 88' lang='lat' dir='ltr'><strong>ostenditur,</strong></span> <span class='ocrx_word' id='word_1_220' title='bbox 400 2199 486 2276; x_wconf 85' lang='lat' dir='ltr'><strong>quod</strong></span> <span class='ocrx_word' id='word_1_221' title='bbox 502 2198 678 2275; x_wconf 89' lang='lat' dir='ltr'><strong>prudentia</strong></span> <span class='ocrx_word' id='word_1_222' title='bbox 689 2198 810 2260; x_wconf 86' lang='lat' dir='ltr'><strong>Christi</strong></span> <span class='ocrx_word' id='word_1_223' title='bbox 828 2198 906 2260; x_wconf 91' lang='lat' dir='ltr'><strong>stul·</strong></span> 
     </span>
     <span class='ocr_line' id='line_1_20' title="bbox 99 2295 904 2373; baseline -0.005 -13"><span class='ocrx_word' id='word_1_224' title='bbox 99 2298 216 2360; x_wconf 91' lang='lat' dir='ltr'><strong>titiam</strong></span> <span class='ocrx_word' id='word_1_225' title='bbox 232 2295 369 2364; x_wconf 91' lang='lat' dir='ltr'><strong>diaboli,</strong></span> <span class='ocrx_word' id='word_1_226' title='bbox 383 2295 440 2373; x_wconf 86' lang='lat' dir='ltr'><strong>qui</strong></span> <span class='ocrx_word' id='word_1_227' title='bbox 462 2295 597 2357; x_wconf 91' lang='lat' dir='ltr'><strong>nolebat</strong></span> <span class='ocrx_word' id='word_1_228' title='bbox 615 2312 691 2357; x_wconf 89' lang='lat' dir='ltr'><strong>eum</strong></span> <span class='ocrx_word' id='word_1_229' title='bbox 711 2299 904 2357; x_wconf 76' lang='grc'>111111111-</span> 
     </span>
     <span class='ocr_line' id='line_1_21' title="bbox 98 2391 904 2470; baseline -0.004 -15"><span class='ocrx_word' id='word_1_230' title='bbox 98 2394 199 2465; x_wconf 84' lang='lat' dir='ltr'><strong>dere,</strong></span> <span class='ocrx_word' id='word_1_231' title='bbox 234 2394 424 2470; x_wconf 83' lang='lat' dir='ltr'><strong>superavit3</strong></span> <span class='ocrx_word' id='word_1_232' title='bbox 454 2393 488 2454; x_wconf 91' lang='lat' dir='ltr'><strong>et</strong></span> <span class='ocrx_word' id='word_1_233' title='bbox 510 2392 682 2454; x_wconf 87' lang='lat' dir='ltr'><strong>humilitas</strong></span> <span class='ocrx_word' id='word_1_234' title='bbox 714 2391 904 2468; x_wconf 86' lang='lat' dir='ltr'><strong>superbiam</strong></span> 
     </span>
     <span class='ocr_line' id='line_1_22' title="bbox 99 2488 907 2568; baseline -0.004 -15"><span class='ocrx_word' id='word_1_235' title='bbox 99 2490 269 2568; x_wconf 89' lang='lat' dir='ltr'><strong>ejusdem,</strong></span> <span class='ocrx_word' id='word_1_236' title='bbox 285 2490 362 2567; x_wconf 88' lang='lat' dir='ltr'><strong>quia</strong></span> <span class='ocrx_word' id='word_1_237' title='bbox 370 2492 473 2552; x_wconf 88' lang='lat' dir='ltr'><strong>totum</strong></span> <span class='ocrx_word' id='word_1_238' title='bbox 486 2490 654 2551; x_wconf 89' lang='lat' dir='ltr'><strong>hominem</strong></span> <span class='ocrx_word' id='word_1_239' title='bbox 664 2488 815 2551; x_wconf 90' lang='lat' dir='ltr'><strong>obtinere</strong></span> <span class='ocrx_word' id='word_1_240' title='bbox 824 2504 907 2566; x_wconf 85' lang='lat' dir='ltr'><strong>prae·</strong></span> 
     </span>
     <span class='ocr_line' id='line_1_23' title="bbox 100 2586 905 2664; baseline -0.002 -15"><span class='ocrx_word' id='word_1_241' title='bbox 100 2586 272 2657; x_wconf 85' lang='lat' dir='ltr'><strong>sumebat,</strong></span> <span class='ocrx_word' id='word_1_242' title='bbox 303 2587 453 2664; x_wconf 86' lang='lat' dir='ltr'><strong>dejecit;</strong></span> <span class='ocrx_word' id='word_1_243' title='bbox 483 2590 516 2648; x_wconf 90' lang='grc'><strong>11</strong></span> <span class='ocrx_word' id='word_1_244' title='bbox 550 2587 598 2648; x_wconf 90' lang='lat' dir='ltr'><strong>ita</strong></span> <span class='ocrx_word' id='word_1_245' title='bbox 626 2586 905 2648; x_wconf 78' lang='lat' dir='ltr'><strong>«obstetricante</strong></span> 
     </span>
     <span class='ocr_line' id='line_1_24' title="bbox 100 2674 905 2761; baseline -0.001 -15"><span class='ocrx_word' id='word_1_246' title='bbox 100 2701 209 2747; x_wconf 90' lang='lat' dir='ltr'><strong>manu</strong></span> <span class='ocrx_word' id='word_1_247' title='bbox 225 2688 298 2761; x_wconf 85' lang='lat' dir='ltr'><strong>ejus</strong></span> <span class='ocrx_word' id='word_1_248' title='bbox 311 2685 450 2747; x_wconf 88' lang='lat' dir='ltr'><strong>eductus</strong></span> <span class='ocrx_word' id='word_1_249' title='bbox 464 2674 515 2746; x_wconf 81' lang='lat' dir='ltr'><strong>est</strong></span> <span class='ocrx_word' id='word_1_250' title='bbox 534 2683 675 2746; x_wconf 87' lang='lat' dir='ltr'><strong>coluber</strong></span> <span class='ocrx_word' id='word_1_251' title='bbox 689 2686 870 2756; x_wconf 84' lang='lat' dir='ltr'><strong>tortuosus,</strong></span> <span class='ocrx_word' id='word_1_252' title='bbox 886 2701 905 2745; x_wconf 72' lang='grc'><strong>1</strong></span> 
     </span>
     <span class='ocr_line' id='line_1_25' title="bbox 100 2781 905 2844; baseline -0.001 -1"><span class='ocrx_word' id='word_1_253' title='bbox 100 2783 194 2844; x_wconf 88' lang='lat' dir='ltr'><strong>idest</strong></span> <span class='ocrx_word' id='word_1_254' title='bbox 220 2783 262 2843; x_wconf 90' lang='lat' dir='ltr'><strong>ad</strong></span> <span class='ocrx_word' id='word_1_255' title='bbox 289 2782 421 2843; x_wconf 91' lang='lat' dir='ltr'><strong>modum</strong></span> <span class='ocrx_word' id='word_1_256' title='bbox 450 2781 639 2843; x_wconf 86' lang='lat' dir='ltr'><strong>obstetricis</strong></span> <span class='ocrx_word' id='word_1_257' title='bbox 667 2781 836 2843; x_wconf 90' lang='lat' dir='ltr'><strong>diabolum</strong></span> <span class='ocrx_word' id='word_1_258' title='bbox 864 2781 905 2843; x_wconf 90' lang='lat' dir='ltr'><strong>de</strong></span> 
     </span>
     <span class='ocr_line' id='line_1_26' title="bbox 99 2879 905 2957; baseline -0.004 -15"><span class='ocrx_word' id='word_1_259' title='bbox 99 2879 323 2950; x_wconf 85' lang='lat' dir='ltr'><strong>cordibus,in</strong></span> <span class='ocrx_word' id='word_1_260' title='bbox 335 2879 455 2957; x_wconf 89' lang='lat' dir='ltr'><strong>quibus</strong></span> <span class='ocrx_word' id='word_1_261' title='bbox 468 2879 670 2956; x_wconf 86' lang='lat' dir='ltr'><strong>quiescebat,</strong></span> <span class='ocrx_word' id='word_1_262' title='bbox 687 2879 813 2941; x_wconf 69' lang='lat' dir='ltr'><strong>eduxit·</strong></span> <span class='ocrx_word' id='word_1_263' title='bbox 826 2882 844 2941; x_wconf 88' lang='lat' dir='ltr'>J</span> <span class='ocrx_word' id='word_1_264' title='bbox 848 2895 905 2940; x_wconf 92' lang='lat' dir='ltr'><strong>us-</strong></span> 
     </span>
     <span class='ocr_line' id='line_1_27' title="bbox 99 2975 906 3054; baseline -0.005 -13"><span class='ocrx_word' id='word_1_265' title='bbox 99 2978 180 3041; x_wconf 86' lang='lat' dir='ltr'><strong>titia</strong></span> <span class='ocrx_word' id='word_1_266' title='bbox 195 2979 270 3054; x_wconf 87' lang='lat' dir='ltr'><strong>ejus</strong></span> <span class='ocrx_word' id='word_1_267' title='bbox 283 2975 355 3047; x_wconf 83' lang='lat' dir='ltr'><strong>luit,</strong></span> <span class='ocrx_word' id='word_1_268' title='bbox 373 2980 408 3039; x_wconf 90' lang='lat' dir='ltr'><strong>ut</strong></span> <span class='ocrx_word' id='word_1_269' title='bbox 421 2978 514 3037; x_wconf 87' lang='lat' dir='ltr'><strong>tanta</strong></span> <span class='ocrx_word' id='word_1_270' title='bbox 529 2979 618 3039; x_wconf 89' lang='lat' dir='ltr'><strong>esset</strong></span> <span class='ocrx_word' id='word_1_271' title='bbox 632 2977 667 3037; x_wconf 92' lang='lat' dir='ltr'><strong>in</strong></span> <span class='ocrx_word' id='word_1_272' title='bbox 683 2980 749 3038; x_wconf 87' lang='lat' dir='ltr'><strong>Deo</strong></span> <span class='ocrx_word' id='word_1_273' title='bbox 765 2977 906 3038; x_wconf 88' lang='lat' dir='ltr'><strong>bumili-</strong></span> 
     </span>
     <span class='ocr_line' id='line_1_28' title="bbox 101 3072 905 3152; baseline -0.001 -14"><span class='ocrx_word' id='word_1_274' title='bbox 101 3079 169 3144; x_wconf 81' lang='lat' dir='ltr'><strong>tas,</strong></span> <span class='ocrx_word' id='word_1_275' title='bbox 186 3075 313 3152; x_wconf 85' lang='lat' dir='ltr'><strong>quanta</strong></span> <span class='ocrx_word' id='word_1_276' title='bbox 327 3074 362 3135; x_wconf 92' lang='lat' dir='ltr'><strong>in</strong></span> <span class='ocrx_word' id='word_1_277' title='bbox 375 3072 510 3137; x_wconf 91' lang='lat' dir='ltr'><strong>bomine</strong></span> <span class='ocrx_word' id='word_1_278' title='bbox 528 3073 591 3136; x_wconf 83' lang='lat' dir='ltr'><strong>luit</strong></span> <span class='ocrx_word' id='word_1_279' title='bbox 619 3072 785 3151; x_wconf 88' lang='lat' dir='ltr'><strong>superbia.</strong></span> <span class='ocrx_word' id='word_1_280' title='bbox 813 3075 905 3138; x_wconf 90' lang='lat' dir='ltr'><strong>Sicut</strong></span> 
     </span>
     <span class='ocr_line' id='line_1_29' title="bbox 101 3170 903 3247; baseline -0.002 -13"><span class='ocrx_word' id='word_1_281' title='bbox 101 3172 196 3234; x_wconf 91' lang='lat' dir='ltr'><strong>enim</strong></span> <span class='ocrx_word' id='word_1_282' title='bbox 211 3171 313 3232; x_wconf 87' lang='lat' dir='ltr'><strong>borno</strong></span> <span class='ocrx_word' id='word_1_283' title='bbox 326 3171 367 3232; x_wconf 90' lang='lat' dir='ltr'><strong>de</strong></span> <span class='ocrx_word' id='word_1_284' title='bbox 381 3170 496 3232; x_wconf 87' lang='lat' dir='ltr'><strong>intimo</strong></span> <span class='ocrx_word' id='word_1_285' title='bbox 510 3171 617 3233; x_wconf 82' lang='lat' dir='ltr'><strong>voluit</strong></span> <span class='ocrx_word' id='word_1_286' title='bbox 628 3170 700 3232; x_wconf 86' lang='lat' dir='ltr'><strong>fleri</strong></span> <span class='ocrx_word' id='word_1_287' title='bbox 716 3187 903 3247; x_wconf 87' lang='lat' dir='ltr'><strong>supremus,</strong></span> 
     </span>
     <span class='ocr_line' id='line_1_30' title="bbox 101 3267 901 3345; baseline 0 -16"><span class='ocrx_word' id='word_1_288' title='bbox 101 3270 154 3331; x_wconf 87' lang='lat' dir='ltr'><strong>sic</strong></span> <span class='ocrx_word' id='word_1_289' title='bbox 174 3269 329 3329; x_wconf 85' lang='lat' dir='ltr'><strong>Christus</strong></span> <span class='ocrx_word' id='word_1_290' title='bbox 341 3268 381 3329; x_wconf 87' lang='lat' dir='ltr'><strong>de</strong></span> <span class='ocrx_word' id='word_1_291' title='bbox 396 3283 557 3345; x_wconf 89' lang='lat' dir='ltr'><strong>supremo</strong></span> <span class='ocrx_word' id='word_1_292' title='bbox 566 3267 673 3330; x_wconf 83' lang='lat' dir='ltr'><strong>sactus</strong></span> <span class='ocrx_word' id='word_1_293' title='bbox 686 3270 737 3330; x_wconf 89' lang='lat' dir='ltr'><strong>est</strong></span> <span class='ocrx_word' id='word_1_294' title='bbox 751 3268 901 3343; x_wconf 81' lang='lat' dir='ltr'><strong>intimus3</strong></span> 
     </span>
     <span class='ocr_line' id='line_1_31' title="bbox 103 3364 905 3444; baseline -0.002 -16"><span class='ocrx_word' id='word_1_295' title='bbox 103 3367 147 3428; x_wconf 92' lang='lat' dir='ltr'><strong>de</strong></span> <span class='ocrx_word' id='word_1_296' title='bbox 163 3381 233 3443; x_wconf 89' lang='lat' dir='ltr'><strong>quo</strong></span> <span class='ocrx_word' id='word_1_297' title='bbox 248 3364 474 3427; x_wconf 81' lang='lat' dir='ltr'><strong>Ecclesiastici</strong></span> <span class='ocrx_word' id='word_1_298' title='bbox 489 3365 557 3444; x_wconf 68' lang='lat'><strong>(24,</strong></span> <span class='ocrx_word' id='word_1_299' title='bbox 569 3365 603 3444; x_wconf 86' lang='lat'><strong>7)</strong></span> <span class='ocrx_word' id='word_1_300' title='bbox 619 3386 626 3425; x_wconf 92' lang='lat'><strong>:</strong></span> <span class='ocrx_word' id='word_1_301' title='bbox 642 3382 661 3425; x_wconf 74' lang='grc'><strong>1</strong></span> <span class='ocrx_word' id='word_1_302' title='bbox 676 3368 744 3441; x_wconf 84' lang='lat' dir='ltr'><strong>Ego</strong></span> <span class='ocrx_word' id='word_1_303' title='bbox 759 3366 795 3428; x_wconf 93' lang='lat' dir='ltr'><strong>in</strong></span> <span class='ocrx_word' id='word_1_304' title='bbox 809 3365 905 3427; x_wconf 90' lang='lat' dir='ltr'><strong>aliis-</strong></span> 
     </span>
     <span class='ocr_line' id='line_1_32' title="bbox 101 3461 904 3530; baseline 0 -5"><span class='ocrx_word' id='word_1_305' title='bbox 101 3462 202 3525; x_wconf 85' lang='lat' dir='ltr'><strong>simis</strong></span> <span class='ocrx_word' id='word_1_306' title='bbox 217 3461 379 3530; x_wconf 79' lang='lat' dir='ltr'><strong>babitavi,</strong></span> <span class='ocrx_word' id='word_1_307' title='bbox 390 3464 423 3524; x_wconf 90' lang='lat' dir='ltr'><strong>et</strong></span> <span class='ocrx_word' id='word_1_308' title='bbox 434 3463 575 3524; x_wconf 86' lang='lat' dir='ltr'><strong>thronus</strong></span> <span class='ocrx_word' id='word_1_309' title='bbox 590 3478 684 3524; x_wconf 92' lang='lat' dir='ltr'><strong>meus</strong></span> <span class='ocrx_word' id='word_1_310' title='bbox 699 3462 735 3523; x_wconf 92' lang='lat' dir='ltr'><strong>in</strong></span> <span class='ocrx_word' id='word_1_311' title='bbox 750 3462 904 3525; x_wconf 91' lang='lat' dir='ltr'><strong>columna</strong></span> 
     </span>
     <span class='ocr_line' id='line_1_33' title="bbox 101 3557 905 3637; baseline 0 -15"><span class='ocrx_word' id='word_1_312' title='bbox 101 3560 218 3622; x_wconf 86' lang='lat' dir='ltr'><strong>nubis.</strong></span> <span class='ocrx_word' id='word_1_313' title='bbox 235 3576 256 3620; x_wconf 68' lang='grc'><strong>1</strong></span> <span class='ocrx_word' id='word_1_314' title='bbox 271 3557 335 3621; x_wconf 88' lang='lat' dir='ltr'><strong>Per</strong></span> <span class='ocrx_word' id='word_1_315' title='bbox 349 3560 540 3622; x_wconf 88' lang='lat' dir='ltr'><strong>columnam</strong></span> <span class='ocrx_word' id='word_1_316' title='bbox 559 3560 657 3621; x_wconf 90' lang='lat' dir='ltr'><strong>nubis</strong></span> <span class='ocrx_word' id='word_1_317' title='bbox 680 3562 752 3637; x_wconf 75' lang='lat' dir='ltr'><strong>etus</strong></span> <span class='ocrx_word' id='word_1_318' title='bbox 767 3561 905 3622; x_wconf 91' lang='lat' dir='ltr'><strong>bumili-</strong></span> 
     </span>
     <span class='ocr_line' id='line_1_34' title="bbox 98 3656 905 3735; baseline -0.002 -14"><span class='ocrx_word' id='word_1_319' title='bbox 98 3661 160 3721; x_wconf 77' lang='lat' dir='ltr'><strong>aas</strong></span> <span class='ocrx_word' id='word_1_320' title='bbox 172 3656 388 3734; x_wconf 79' lang='lat' dir='ltr'><strong>intelligitur,</strong></span> <span class='ocrx_word' id='word_1_321' title='bbox 400 3657 433 3718; x_wconf 91' lang='lat' dir='ltr'><strong>in</strong></span> <span class='ocrx_word' id='word_1_322' title='bbox 449 3673 514 3735; x_wconf 86' lang='lat' dir='ltr'><strong>qua</strong></span> <span class='ocrx_word' id='word_1_323' title='bbox 527 3657 656 3719; x_wconf 91' lang='lat' dir='ltr'><strong>sedebit</strong></span> <span class='ocrx_word' id='word_1_324' title='bbox 667 3658 701 3718; x_wconf 92' lang='lat' dir='ltr'><strong>in</strong></span> <span class='ocrx_word' id='word_1_325' title='bbox 715 3658 836 3719; x_wconf 90' lang='lat' dir='ltr'><strong>throno</strong></span> <span class='ocrx_word' id='word_1_326' title='bbox 846 3662 905 3735; x_wconf 91' lang='lat' dir='ltr'><strong>ju-</strong></span> 
     </span>
     <span class='ocr_line' id='line_1_35' title="bbox 102 3755 906 3832; baseline 0.004 -17"><span class='ocrx_word' id='word_1_327' title='bbox 102 3755 225 3817; x_wconf 84' lang='lat' dir='ltr'><strong>dicans</strong></span> <span class='ocrx_word' id='word_1_328' title='bbox 239 3755 322 3816; x_wconf 83' lang='lat' dir='ltr'><strong>dues</strong></span> <span class='ocrx_word' id='word_1_329' title='bbox 336 3757 450 3826; x_wconf 81' lang='lat' dir='ltr'><strong>terrae,</strong></span> <span class='ocrx_word' id='word_1_330' title='bbox 464 3755 544 3832; x_wconf 87' lang='lat' dir='ltr'><strong>quia</strong></span> <span class='ocrx_word' id='word_1_331' title='bbox 558 3771 656 3816; x_wconf 90' lang='lat' dir='ltr'><strong>omne</strong></span> <span class='ocrx_word' id='word_1_332' title='bbox 667 3755 831 3832; x_wconf 81' lang='lat' dir='ltr'><strong>judicium</strong></span> <span class='ocrx_word' id='word_1_333' title='bbox 846 3756 906 3818; x_wconf 94' lang='lat' dir='ltr'><strong>de-</strong></span> 
     </span>
     <span class='ocr_line' id='line_1_36' title="bbox 102 3850 904 3930; baseline 0.002 -17"><span class='ocrx_word' id='word_1_334' title='bbox 102 3852 155 3914; x_wconf 89' lang='lat' dir='ltr'><strong>dit</strong></span> <span class='ocrx_word' id='word_1_335' title='bbox 176 3851 266 3914; x_wconf 82' lang='lat' dir='ltr'><strong>Filio</strong></span> <span class='ocrx_word' id='word_1_336' title='bbox 279 3853 381 3914; x_wconf 88' lang='lat' dir='ltr'><strong>Pater</strong></span> <span class='ocrx_word' id='word_1_337' title='bbox 400 3850 510 3929; x_wconf 79' lang='lat' dir='ltr'><strong>(ioan.</strong></span> <span class='ocrx_word' id='word_1_338' title='bbox 527 3854 557 3924; x_wconf 84' lang='lat'><strong>5,</strong></span> <span class='ocrx_word' id='word_1_339' title='bbox 572 3850 640 3930; x_wconf 63' lang='lat'><strong>22).</strong></span> <span class='ocrx_word' id='word_1_340' title='bbox 654 3853 732 3925; x_wconf 86' lang='lat' dir='ltr'><strong>Vel,</strong></span> <span class='ocrx_word' id='word_1_341' title='bbox 745 3853 904 3915; x_wconf 87' lang='lat' dir='ltr'><strong>Columna</strong></span> 
     </span>
     <span class='ocr_line' id='line_1_37' title="bbox 101 3948 903 4022; baseline 0.001 -12"><span class='ocrx_word' id='word_1_342' title='bbox 101 3950 206 4011; x_wconf 86' lang='lat' dir='ltr'><strong>nubis</strong></span> <span class='ocrx_word' id='word_1_343' title='bbox 229 3950 283 4010; x_wconf 91' lang='lat' dir='ltr'><strong>est</strong></span> <span class='ocrx_word' id='word_1_344' title='bbox 300 3949 492 4010; x_wconf 90' lang='lat' dir='ltr'><strong>humanitas</strong></span> <span class='ocrx_word' id='word_1_345' title='bbox 516 3965 524 4009; x_wconf 90' lang='lat'>:</span> <span class='ocrx_word' id='word_1_346' title='bbox 549 3948 674 4022; x_wconf 91' lang='lat' dir='ltr'><strong>Nubes,</strong></span> <span class='ocrx_word' id='word_1_347' title='bbox 700 3950 820 4013; x_wconf 77' lang='lat' dir='ltr'><strong>unde«</strong></span> <span class='ocrx_word' id='word_1_348' title='bbox 837 3955 903 4011; x_wconf 80' lang='lat' dir='ltr'><strong>lis-</strong></span> 
     </span>
     <span class='ocr_line' id='line_1_38' title="bbox 101 4046 902 4126; baseline -0.001 -18"><span class='ocrx_word' id='word_1_349' title='bbox 101 4047 226 4109; x_wconf 89' lang='lat' dir='ltr'><strong>cendet</strong></span> <span class='ocrx_word' id='word_1_350' title='bbox 240 4046 400 4107; x_wconf 87' lang='lat' dir='ltr'><strong>Dominus</strong></span> <span class='ocrx_word' id='word_1_351' title='bbox 416 4062 517 4123; x_wconf 88' lang='lat' dir='ltr'><strong>super</strong></span> <span class='ocrx_word' id='word_1_352' title='bbox 531 4046 652 4107; x_wconf 90' lang='lat' dir='ltr'><strong>nubem</strong></span> <span class='ocrx_word' id='word_1_353' title='bbox 669 4046 776 4109; x_wconf 80' lang='lat' dir='ltr'><strong>levem</strong></span> <span class='ocrx_word' id='word_1_354' title='bbox 789 4064 808 4106; x_wconf 68' lang='lat' dir='ltr'><strong>a</strong></span> <span class='ocrx_word' id='word_1_355' title='bbox 823 4047 902 4126; x_wconf 88' lang='lat' dir='ltr'><strong>(isa.</strong></span> 
     </span>
     <span class='ocr_line' id='line_1_39' title="bbox 102 4143 904 4221; baseline 0.001 -16"><span class='ocrx_word' id='word_1_356' title='bbox 102 4145 155 4213; x_wconf 87' lang='lat'><strong>19,</strong></span> <span class='ocrx_word' id='word_1_357' title='bbox 182 4143 215 4220; x_wconf 90' lang='lat'><strong>1)</strong></span> <span class='ocrx_word' id='word_1_358' title='bbox 234 4165 241 4203; x_wconf 74' lang='grc' dir='ltr'><strong>ε</strong></span> <span class='ocrx_word' id='word_1_359' title='bbox 258 4144 418 4204; x_wconf 89' lang='lat' dir='ltr'><strong>Columna</strong></span> <span class='ocrx_word' id='word_1_360' title='bbox 447 4144 582 4221; x_wconf 92' lang='lat' dir='ltr'><strong>propter</strong></span> <span class='ocrx_word' id='word_1_361' title='bbox 608 4144 850 4217; x_wconf 88' lang='lat' dir='ltr'><strong>rectitudinem,</strong></span> <span class='ocrx_word' id='word_1_362' title='bbox 872 4148 904 4206; x_wconf 90' lang='lat' dir='ltr'><strong>et</strong></span> 
     </span>
     <span class='ocr_line' id='line_1_40' title="bbox 100 4240 903 4317; baseline 0 -14"><span class='ocrx_word' id='word_1_363' title='bbox 100 4240 347 4303; x_wconf 73' lang='lat' dir='ltr'><strong>tortitudinem.</strong></span> <span class='ocrx_word' id='word_1_364' title='bbox 363 4240 409 4301; x_wconf 83' lang='lat' dir='ltr'><strong>Ad</strong></span> <span class='ocrx_word' id='word_1_365' title='bbox 431 4241 518 4301; x_wconf 89' lang='lat' dir='ltr'><strong>banc</strong></span> <span class='ocrx_word' id='word_1_366' title='bbox 541 4241 613 4317; x_wconf 89' lang='lat' dir='ltr'><strong>ipse</strong></span> <span class='ocrx_word' id='word_1_367' title='bbox 639 4257 677 4302; x_wconf 89' lang='lat' dir='ltr'><strong>se</strong></span> <span class='ocrx_word' id='word_1_368' title='bbox 702 4241 903 4313; x_wconf 82' lang='lat' dir='ltr'><strong>humiliavit,</strong></span> 
     </span>
     <span class='ocr_line' id='line_1_41' title="bbox 100 4337 901 4417; baseline 0 -18"><span class='ocrx_word' id='word_1_369' title='bbox 100 4355 180 4399; x_wconf 88' lang='lat' dir='ltr'><strong>cum</strong></span> <span class='ocrx_word' id='word_1_370' title='bbox 191 4339 283 4399; x_wconf 85' lang='lat' dir='ltr'><strong>esset</strong></span> <span class='ocrx_word' id='word_1_371' title='bbox 294 4337 329 4398; x_wconf 92' lang='lat' dir='ltr'><strong>in</strong></span> <span class='ocrx_word' id='word_1_372' title='bbox 341 4337 515 4399; x_wconf 87' lang='lat' dir='ltr'><strong>altissimis</strong></span> <span class='ocrx_word' id='word_1_373' title='bbox 529 4338 652 4400; x_wconf 84' lang='lat' dir='ltr'><strong>divinae</strong></span> <span class='ocrx_word' id='word_1_374' title='bbox 672 4341 806 4415; x_wconf 16' lang='lat' dir='ltr'><strong>naturae*</strong></span> <span class='ocrx_word' id='word_1_375' title='bbox 816 4340 901 4417; x_wconf 91' lang='lat' dir='ltr'><strong>apud</strong></span> 
     </span>
     <span class='ocr_line' id='line_1_42' title="bbox 101 4433 902 4513; baseline 0.001 -16"><span class='ocrx_word' id='word_1_376' title='bbox 101 4436 252 4498; x_wconf 87' lang='lat' dir='ltr'><strong>Patrem.</strong></span> <span class='ocrx_word' id='word_1_377' title='bbox 268 4435 363 4497; x_wconf 88' lang='lat' dir='ltr'><strong>Isaiae</strong></span> <span class='ocrx_word' id='word_1_378' title='bbox 379 4433 443 4512; x_wconf 84' lang='lat'><strong>(48,</strong></span> <span class='ocrx_word' id='word_1_379' title='bbox 462 4433 514 4513; x_wconf 86' lang='lat'><strong>12)</strong></span> <span class='ocrx_word' id='word_1_380' title='bbox 532 4438 623 4512; x_wconf 80' lang='lat' dir='ltr'><strong>:Ego</strong></span> <span class='ocrx_word' id='word_1_381' title='bbox 639 4436 779 4512; x_wconf 86' lang='lat' dir='ltr'><strong>primus,</strong></span> <span class='ocrx_word' id='word_1_382' title='bbox 793 4440 826 4497; x_wconf 91' lang='lat' dir='ltr'><strong>et</strong></span> <span class='ocrx_word' id='word_1_383' title='bbox 841 4453 902 4512; x_wconf 89' lang='lat' dir='ltr'><strong>ego</strong></span> 
     </span>
     <span class='ocr_line' id='line_1_43' title="bbox 101 4533 903 4611; baseline 0.001 -17"><span class='ocrx_word' id='word_1_384' title='bbox 101 4533 328 4607; x_wconf 59' lang='lat' dir='ltr'><strong>novissimum</strong></span> <span class='ocrx_word' id='word_1_385' title='bbox 343 4533 421 4610; x_wconf 90' lang='lat' dir='ltr'><strong>quia</strong></span> <span class='ocrx_word' id='word_1_386' title='bbox 433 4534 490 4611; x_wconf 88' lang='lat' dir='ltr'><strong>qui</strong></span> <span class='ocrx_word' id='word_1_387' title='bbox 505 4534 633 4609; x_wconf 90' lang='lat' dir='ltr'><strong>primus</strong></span> <span class='ocrx_word' id='word_1_388' title='bbox 645 4536 728 4604; x_wconf 91' lang='lat' dir='ltr'><strong>erat,</strong></span> <span class='ocrx_word' id='word_1_389' title='bbox 745 4537 778 4596; x_wconf 90' lang='lat' dir='ltr'><strong>et</strong></span> <span class='ocrx_word' id='word_1_390' title='bbox 789 4535 903 4596; x_wconf 82' lang='lat' dir='ltr'><strong>excel-</strong></span> 
     </span>
     <span class='ocr_line' id='line_1_44' title="bbox 100 4630 901 4706; baseline 0.004 -16"><span class='ocrx_word' id='word_1_391' title='bbox 100 4630 312 4693; x_wconf 87' lang='lat' dir='ltr'><strong>lentissimus</strong></span> <span class='ocrx_word' id='word_1_392' title='bbox 333 4645 393 4706; x_wconf 88' lang='lat' dir='ltr'><strong>per</strong></span> <span class='ocrx_word' id='word_1_393' title='bbox 412 4630 634 4700; x_wconf 87' lang='lat' dir='ltr'><strong>divinitatem,</strong></span> <span class='ocrx_word' id='word_1_394' title='bbox 650 4630 756 4693; x_wconf 89' lang='lat' dir='ltr'><strong>lactus</strong></span> <span class='ocrx_word' id='word_1_395' title='bbox 772 4634 821 4692; x_wconf 88' lang='lat' dir='ltr'><strong>est</strong></span> <span class='ocrx_word' id='word_1_396' title='bbox 837 4647 901 4693; x_wconf 93' lang='lat' dir='ltr'><strong>no-</strong></span> 
     </span>
     <span class='ocr_line' id='line_1_45' title="bbox 99 4727 902 4803; baseline 0.001 -14"><span class='ocrx_word' id='word_1_397' title='bbox 99 4729 279 4801; x_wconf 80' lang='lat' dir='ltr'><strong>vissimus,</strong></span> <span class='ocrx_word' id='word_1_398' title='bbox 295 4730 328 4790; x_wconf 89' lang='lat' dir='ltr'><strong>et</strong></span> <span class='ocrx_word' id='word_1_399' title='bbox 346 4728 480 4789; x_wconf 88' lang='lat' dir='ltr'><strong>intimus</strong></span> <span class='ocrx_word' id='word_1_400' title='bbox 498 4742 557 4803; x_wconf 88' lang='lat' dir='ltr'><strong>per</strong></span> <span class='ocrx_word' id='word_1_401' title='bbox 582 4727 844 4803; x_wconf 68' lang='lat' dir='ltr'><strong>humanitatem</strong></span> <span class='ocrx_word' id='word_1_402' title='bbox 870 4732 902 4790; x_wconf 90' lang='lat' dir='ltr'><strong>et</strong></span> 
     </span>
     <span class='ocr_line' id='line_1_46' title="bbox 100 4825 899 4902; baseline -0.001 -15"><span class='ocrx_word' id='word_1_403' title='bbox 100 4826 177 4887; x_wconf 82' lang='lat' dir='ltr'><strong>baeo</strong></span> <span class='ocrx_word' id='word_1_404' title='bbox 192 4827 245 4887; x_wconf 89' lang='lat' dir='ltr'><strong>est</strong></span> <span class='ocrx_word' id='word_1_405' title='bbox 263 4826 409 4902; x_wconf 81' lang='lat' dir='ltr'><strong>justitia,</strong></span> <span class='ocrx_word' id='word_1_406' title='bbox 424 4841 523 4902; x_wconf 85' lang='lat' dir='ltr'><strong>quam</strong></span> <span class='ocrx_word' id='word_1_407' title='bbox 537 4825 722 4887; x_wconf 88' lang='lat' dir='ltr'><strong>annunciat</strong></span> <span class='ocrx_word' id='word_1_408' title='bbox 737 4825 899 4887; x_wconf 82' lang='lat' dir='ltr'><strong>Ecclesia.</strong></span> 
     </span>
     <span class='ocr_line' id='line_1_47' title="bbox 51 4923 902 4994; baseline 0.001 -9"><span class='ocrx_word' id='word_1_409' title='bbox 51 4932 55 4940; x_wconf 83' lang='grc'><em>’</em></span> <span class='ocrx_word' id='word_1_410' title='bbox 142 4924 253 4985; x_wconf 80' lang='lat' dir='ltr'><strong>Aliam</strong></span> <span class='ocrx_word' id='word_1_411' title='bbox 277 4923 473 4994; x_wconf 88' lang='lat' dir='ltr'><strong>annunciat,</strong></span> <span class='ocrx_word' id='word_1_412' title='bbox 490 4925 524 4984; x_wconf 88' lang='lat' dir='ltr'><strong>et</strong></span> <span class='ocrx_word' id='word_1_413' title='bbox 537 4923 774 4984; x_wconf 83' lang='lat' dir='ltr'><strong>annunciando</strong></span> <span class='ocrx_word' id='word_1_414' title='bbox 788 4923 902 4986; x_wconf 88' lang='lat' dir='ltr'><strong>laudat</strong></span> 
     </span>
     <span class='ocr_line' id='line_1_48' title="bbox 100 5016 899 5098; baseline -0.004 -15"><span class='ocrx_word' id='word_1_415' title='bbox 100 5022 192 5083; x_wconf 88' lang='lat' dir='ltr'><strong>idem</strong></span> <span class='ocrx_word' id='word_1_416' title='bbox 227 5021 333 5081; x_wconf 86' lang='lat' dir='ltr'><strong>isaias</strong></span> <span class='ocrx_word' id='word_1_417' title='bbox 362 5016 510 5098; x_wconf 79' lang='lat'><strong>(48,11)</strong></span> <span class='ocrx_word' id='word_1_418' title='bbox 539 5020 573 5082; x_wconf 89' lang='grc'><strong>11</strong></span> <span class='ocrx_word' id='word_1_419' title='bbox 600 5020 748 5098; x_wconf 86' lang='lat' dir='ltr'><strong>loquitur</strong></span> <span class='ocrx_word' id='word_1_420' title='bbox 772 5021 877 5081; x_wconf 89' lang='lat' dir='ltr'><strong>Filius</strong></span> <span class='ocrx_word' id='word_1_421' title='bbox 887 5022 899 5080; x_wconf 79' lang='lat' dir='ltr'><strong>&#39;z</strong></span> 
     </span>
     <span class='ocr_line' id='line_1_49' title="bbox 99 5116 903 5194; baseline 0 -14"><span class='ocrx_word' id='word_1_422' title='bbox 99 5137 120 5179; x_wconf 88' lang='lat'><strong>‹</strong></span> <span class='ocrx_word' id='word_1_423' title='bbox 136 5117 281 5194; x_wconf 89' lang='lat' dir='ltr'><strong>Propter</strong></span> <span class='ocrx_word' id='word_1_424' title='bbox 294 5133 346 5178; x_wconf 88' lang='lat' dir='ltr'><strong>me</strong></span> <span class='ocrx_word' id='word_1_425' title='bbox 361 5116 539 5191; x_wconf 90' lang='lat' dir='ltr'><strong>laciam,ut</strong></span> <span class='ocrx_word' id='word_1_426' title='bbox 554 5132 620 5178; x_wconf 94' lang='lat' dir='ltr'><strong>non</strong></span> <span class='ocrx_word' id='word_1_427' title='bbox 635 5117 857 5194; x_wconf 88' lang='lat' dir='ltr'><strong>blasphemer,</strong></span> <span class='ocrx_word' id='word_1_428' title='bbox 869 5119 903 5180; x_wconf 89' lang='lat' dir='ltr'><strong>et</strong></span> 
     </span>
     <span class='ocr_line' id='line_1_50' title="bbox 99 5213 900 5293; baseline 0 -17"><span class='ocrx_word' id='word_1_429' title='bbox 99 5216 246 5293; x_wconf 81' lang='lat' dir='ltr'><strong>gloriam</strong></span> <span class='ocrx_word' id='word_1_430' title='bbox 261 5229 368 5275; x_wconf 89' lang='lat' dir='ltr'><strong>meam</strong></span> <span class='ocrx_word' id='word_1_431' title='bbox 390 5213 487 5275; x_wconf 89' lang='lat' dir='ltr'><strong>alteri</strong></span> <span class='ocrx_word' id='word_1_432' title='bbox 503 5230 569 5275; x_wconf 92' lang='lat' dir='ltr'><strong>non</strong></span> <span class='ocrx_word' id='word_1_433' title='bbox 583 5214 679 5275; x_wconf 90' lang='lat' dir='ltr'><strong>dabo.</strong></span> <span class='ocrx_word' id='word_1_434' title='bbox 697 5231 715 5273; x_wconf 89' lang='lat'><strong>»</strong></span> <span class='ocrx_word' id='word_1_435' title='bbox 730 5217 817 5276; x_wconf 88' lang='lat' dir='ltr'><strong>Deus</strong></span> <span class='ocrx_word' id='word_1_436' title='bbox 831 5218 900 5276; x_wconf 91' lang='lat' dir='ltr'><strong>Pa-</strong></span> 
     </span>
     <span class='ocr_line' id='line_1_51' title="bbox 99 5311 902 5388; baseline -0.002 -13"><span class='ocrx_word' id='word_1_437' title='bbox 99 5315 154 5375; x_wconf 87' lang='lat' dir='ltr'><strong>ter</strong></span> <span class='ocrx_word' id='word_1_438' title='bbox 165 5312 251 5374; x_wconf 89' lang='lat' dir='ltr'><strong>duas</strong></span> <span class='ocrx_word' id='word_1_439' title='bbox 264 5313 401 5373; x_wconf 89' lang='lat' dir='ltr'><strong>naturas</strong></span> <span class='ocrx_word' id='word_1_440' title='bbox 412 5313 596 5380; x_wconf 81' lang='lat' dir='ltr'><strong>creaverat,</strong></span> <span class='ocrx_word' id='word_1_441' title='bbox 608 5311 794 5388; x_wconf 84' lang='lat' dir='ltr'><strong>angelicam</strong></span> <span class='ocrx_word' id='word_1_442' title='bbox 808 5312 902 5373; x_wconf 88' lang='lat' dir='ltr'><strong>vide-</strong></span> 
     </span>
    </p>
   </div>
   <div class='ocr_carea' id='block_1_4' title="bbox 100 5496 901 5783">
    <p class='ocr_par' dir='ltr' id='par_1_4' title="bbox 100 5496 901 5783">
     <span class='ocr_line' id='line_1_52' title="bbox 137 5496 901 5568; baseline 0 -15"><span class='ocrx_word' id='word_1_443' title='bbox 137 5498 181 5568; x_wconf 89' lang='grc'><strong>(1)</strong></span> <span class='ocrx_word' id='word_1_444' title='bbox 196 5498 313 5554; x_wconf 84' lang='lat' dir='ltr'><strong>Poterat</strong></span> <span class='ocrx_word' id='word_1_445' title='bbox 329 5497 406 5553; x_wconf 85' lang='lat' dir='ltr'><strong>enim</strong></span> <span class='ocrx_word' id='word_1_446' title='bbox 428 5510 504 5560; x_wconf 73' lang='lat' dir='ltr'><strong>esse,</strong></span> <span class='ocrx_word' id='word_1_447' title='bbox 519 5503 574 5554; x_wconf 86' lang='lat' dir='ltr'><strong>etc.</strong></span> <span class='ocrx_word' id='word_1_448' title='bbox 588 5496 686 5553; x_wconf 84' lang='lat' dir='ltr'><strong>Glossa</strong></span> <span class='ocrx_word' id='word_1_449' title='bbox 711 5496 901 5554; x_wconf 82' lang='lat' dir='ltr'><strong>interlinearis</strong></span> 
     </span>
     <span class='ocr_line' id='line_1_53' title="bbox 100 5567 898 5640; baseline -0.004 -13"><span class='ocrx_word' id='word_1_450' title='bbox 100 5569 187 5627; x_wconf 80' lang='lat' dir='ltr'><strong>lsaie</strong></span> <span class='ocrx_word' id='word_1_451' title='bbox 202 5567 287 5624; x_wconf 83' lang='lat' dir='ltr'><strong>verba</strong></span> <span class='ocrx_word' id='word_1_452' title='bbox 306 5568 348 5624; x_wconf 91' lang='lat' dir='ltr'><strong>sic</strong></span> <span class='ocrx_word' id='word_1_453' title='bbox 366 5568 565 5639; x_wconf 83' lang='lat' dir='ltr'><strong>interpretatur</strong></span> <span class='ocrx_word' id='word_1_454' title='bbox 585 5584 592 5625; x_wconf 93' lang='lat'>:</span> <span class='ocrx_word' id='word_1_455' title='bbox 616 5588 627 5616; x_wconf 76' lang='grc' dir='ltr'>ι</span> <span class='ocrx_word' id='word_1_456' title='bbox 650 5569 767 5640; x_wconf 88' lang='lat' dir='ltr'><strong>Propter</strong></span> <span class='ocrx_word' id='word_1_457' title='bbox 786 5568 898 5625; x_wconf 79' lang='lat' dir='ltr'><strong>miseri·</strong></span> 
     </span>
     <span class='ocr_line' id='line_1_54' title="bbox 100 5636 900 5710; baseline 0 -15"><span class='ocrx_word' id='word_1_458' title='bbox 100 5637 230 5695; x_wconf 87' lang='lat' dir='ltr'><strong>cordiam</strong></span> <span class='ocrx_word' id='word_1_459' title='bbox 254 5652 360 5704; x_wconf 86' lang='lat' dir='ltr'><strong>meam,</strong></span> <span class='ocrx_word' id='word_1_460' title='bbox 377 5639 500 5710; x_wconf 74' lang='lat' dir='ltr'><strong>non‘pro</strong></span> <span class='ocrx_word' id='word_1_461' title='bbox 520 5638 630 5696; x_wconf 86' lang='lat' dir='ltr'><strong>meritis</strong></span> <span class='ocrx_word' id='word_1_462' title='bbox 649 5638 751 5694; x_wconf 85' lang='lat' dir='ltr'><strong>vestris</strong></span> <span class='ocrx_word' id='word_1_463' title='bbox 774 5636 900 5695; x_wconf 87' lang='lat' dir='ltr'><strong>liberabo</strong></span> 
     </span>
     <span class='ocr_line' id='line_1_55' title="bbox 102 5707 898 5783; baseline 0 -16"><span class='ocrx_word' id='word_1_464' title='bbox 102 5724 165 5783; x_wconf 77' lang='lat' dir='ltr'><strong>ros,</strong></span> <span class='ocrx_word' id='word_1_465' title='bbox 181 5716 212 5767; x_wconf 86' lang='lat' dir='ltr'><strong>nt</strong></span> <span class='ocrx_word' id='word_1_466' title='bbox 224 5723 282 5768; x_wconf 91' lang='lat' dir='ltr'><strong>non</strong></span> <span class='ocrx_word' id='word_1_467' title='bbox 296 5708 480 5781; x_wconf 83' lang='lat' dir='ltr'><strong>blasphemer</strong></span> <span class='ocrx_word' id='word_1_468' title='bbox 492 5707 519 5766; x_wconf 93' lang='lat' dir='ltr'><strong>in</strong></span> <span class='ocrx_word' id='word_1_469' title='bbox 543 5707 687 5781; x_wconf 86' lang='lat' dir='ltr'><strong>gentibus,</strong></span> <span class='ocrx_word' id='word_1_470' title='bbox 701 5709 782 5783; x_wconf 83' lang='lat' dir='ltr'><strong>quasi</strong></span> <span class='ocrx_word' id='word_1_471' title='bbox 806 5710 898 5782; x_wconf 87' lang='lat' dir='ltr'><strong>impo-</strong></span> 
     </span>
    </p>
   </div>
   <div class='ocr_carea' id='block_1_5' title="bbox 958 2100 1804 3730">
    <p class='ocr_par' dir='ltr' id='par_1_5' title="bbox 959 2100 1760 2178">
     <span class='ocr_line' id='line_1_56' title="bbox 959 2100 1760 2178; baseline -0.002 -15"><span class='ocrx_word' id='word_1_472' title='bbox 959 2102 1099 2163; x_wconf 89' lang='lat' dir='ltr'><strong>mortem</strong></span> <span class='ocrx_word' id='word_1_473' title='bbox 1122 2100 1228 2162; x_wconf 86' lang='lat' dir='ltr'><strong>Filius</strong></span> <span class='ocrx_word' id='word_1_474' title='bbox 1252 2117 1319 2163; x_wconf 92' lang='lat' dir='ltr'><strong>non</strong></span> <span class='ocrx_word' id='word_1_475' title='bbox 1344 2101 1502 2163; x_wconf 88' lang='lat' dir='ltr'><strong>subiisset</strong></span> <span class='ocrx_word' id='word_1_476' title='bbox 1523 2117 1583 2178; x_wconf 92' lang='lat' dir='ltr'><strong>pro</strong></span> <span class='ocrx_word' id='word_1_477' title='bbox 1605 2102 1760 2178; x_wconf 88' lang='lat' dir='ltr'><strong>redemp-</strong></span> 
     </span>
    </p>

    <p class='ocr_par' dir='ltr' id='par_1_6' title="bbox 959 2197 1758 2276">
     <span class='ocr_line' id='line_1_57' title="bbox 959 2197 1758 2276; baseline 0 -17"><span class='ocrx_word' id='word_1_478' title='bbox 959 2198 1050 2260; x_wconf 91' lang='lat' dir='ltr'><strong>tione</strong></span> <span class='ocrx_word' id='word_1_479' title='bbox 1072 2198 1208 2274; x_wconf 86' lang='lat' dir='ltr'><strong>generis</strong></span> <span class='ocrx_word' id='word_1_480' title='bbox 1229 2197 1378 2270; x_wconf 87' lang='lat' dir='ltr'><strong>humani,</strong></span> <span class='ocrx_word' id='word_1_481' title='bbox 1402 2198 1443 2259; x_wconf 89' lang='lat' dir='ltr'><strong>ad</strong></span> <span class='ocrx_word' id='word_1_482' title='bbox 1459 2199 1546 2276; x_wconf 86' lang='lat' dir='ltr'><strong>quod</strong></span> <span class='ocrx_word' id='word_1_483' title='bbox 1570 2198 1660 2261; x_wconf 90' lang='lat' dir='ltr'><strong>misit</strong></span> <span class='ocrx_word' id='word_1_484' title='bbox 1682 2214 1758 2259; x_wconf 91' lang='lat' dir='ltr'><strong>eum</strong></span> 
     </span>
    </p>

    <p class='ocr_par' dir='ltr' id='par_1_7' title="bbox 960 2294 1760 2373">
     <span class='ocr_line' id='line_1_58' title="bbox 960 2294 1760 2373; baseline 0 -17"><span class='ocrx_word' id='word_1_485' title='bbox 960 2297 1071 2366; x_wconf 89' lang='lat' dir='ltr'><strong>Pater,</strong></span> <span class='ocrx_word' id='word_1_486' title='bbox 1090 2294 1176 2373; x_wconf 88' lang='lat' dir='ltr'><strong>quod</strong></span> <span class='ocrx_word' id='word_1_487' title='bbox 1196 2296 1267 2372; x_wconf 89' lang='lat' dir='ltr'><strong>ipse</strong></span> <span class='ocrx_word' id='word_1_488' title='bbox 1283 2295 1378 2372; x_wconf 89' lang='lat' dir='ltr'><strong>quasi</strong></span> <span class='ocrx_word' id='word_1_489' title='bbox 1392 2295 1633 2372; x_wconf 90' lang='lat' dir='ltr'><strong>blasphemiam</strong></span> <span class='ocrx_word' id='word_1_490' title='bbox 1648 2296 1760 2356; x_wconf 89' lang='lat' dir='ltr'><strong>incur·</strong></span> 
     </span>
    </p>

    <p class='ocr_par' dir='ltr' id='par_1_8' title="bbox 958 2391 1758 2477">
     <span class='ocr_line' id='line_1_59' title="bbox 958 2391 1758 2477; baseline 0.003 -25"><span class='ocrx_word' id='word_1_491' title='bbox 958 2392 1070 2453; x_wconf 89' lang='lat' dir='ltr'><strong>risset.</strong></span> <span class='ocrx_word' id='word_1_492' title='bbox 1086 2394 1217 2455; x_wconf 85' lang='lat' dir='ltr'><strong>Justum</strong></span> <span class='ocrx_word' id='word_1_493' title='bbox 1232 2408 1312 2477; x_wconf 84' lang='lat' dir='ltr'><strong>ergo</strong></span> <span class='ocrx_word' id='word_1_494' title='bbox 1332 2391 1404 2460; x_wconf 87' lang='lat' dir='ltr'><strong>iuit,</strong></span> <span class='ocrx_word' id='word_1_495' title='bbox 1421 2395 1528 2477; x_wconf 86' lang='lat' dir='ltr'><strong>utqui</strong></span> <span class='ocrx_word' id='word_1_496' title='bbox 1550 2393 1636 2453; x_wconf 88' lang='lat' dir='ltr'><strong>mori</strong></span> <span class='ocrx_word' id='word_1_497' title='bbox 1650 2408 1758 2454; x_wconf 88' lang='lat' dir='ltr'><strong>vene-</strong></span> 
     </span>
    </p>

    <p class='ocr_par' dir='ltr' id='par_1_9' title="bbox 960 2489 1758 2568">
     <span class='ocr_line' id='line_1_60' title="bbox 960 2489 1758 2568; baseline 0.004 -19"><span class='ocrx_word' id='word_1_498' title='bbox 960 2490 1022 2561; x_wconf 92' lang='lat' dir='ltr'><strong>rat,</strong></span> <span class='ocrx_word' id='word_1_499' title='bbox 1039 2493 1235 2561; x_wconf 86' lang='lat' dir='ltr'><strong>moreretur,</strong></span> <span class='ocrx_word' id='word_1_500' title='bbox 1250 2491 1290 2565; x_wconf 81' lang='lat' dir='ltr'><strong>ut</strong></span> <span class='ocrx_word' id='word_1_501' title='bbox 1301 2490 1350 2551; x_wconf 91' lang='lat' dir='ltr'><strong>sic</strong></span> <span class='ocrx_word' id='word_1_502' title='bbox 1365 2506 1495 2551; x_wconf 90' lang='lat' dir='ltr'><strong>omnem</strong></span> <span class='ocrx_word' id='word_1_503' title='bbox 1515 2489 1758 2568; x_wconf 89' lang='lat' dir='ltr'><strong>blasphemiam</strong></span> 
     </span>
    </p>

    <p class='ocr_par' dir='ltr' id='par_1_10' title="bbox 959 2587 1758 2665">
     <span class='ocr_line' id='line_1_61' title="bbox 959 2587 1758 2665; baseline 0.001 -19"><span class='ocrx_word' id='word_1_504' title='bbox 959 2589 1103 2658; x_wconf 88' lang='lat' dir='ltr'><strong>curaret,</strong></span> <span class='ocrx_word' id='word_1_505' title='bbox 1119 2602 1181 2647; x_wconf 90' lang='lat' dir='ltr'><strong>nec</strong></span> <span class='ocrx_word' id='word_1_506' title='bbox 1196 2603 1256 2664; x_wconf 90' lang='lat' dir='ltr'><strong>per</strong></span> <span class='ocrx_word' id='word_1_507' title='bbox 1267 2587 1375 2664; x_wconf 89' lang='lat' dir='ltr'><strong>ipsum</strong></span> <span class='ocrx_word' id='word_1_508' title='bbox 1389 2589 1504 2661; x_wconf 88' lang='lat' dir='ltr'><strong>staret,</strong></span> <span class='ocrx_word' id='word_1_509' title='bbox 1521 2589 1557 2649; x_wconf 91' lang='lat' dir='ltr'><strong>ut</strong></span> <span class='ocrx_word' id='word_1_510' title='bbox 1570 2603 1676 2665; x_wconf 88' lang='lat' dir='ltr'><strong>genus</strong></span> <span class='ocrx_word' id='word_1_511' title='bbox 1692 2587 1758 2647; x_wconf 89' lang='lat' dir='ltr'><strong>bu·</strong></span> 
     </span>
    </p>

    <p class='ocr_par' dir='ltr' id='par_1_11' title="bbox 959 2683 1759 2763">
     <span class='ocr_line' id='line_1_62' title="bbox 959 2683 1759 2763; baseline 0.005 -21"><span class='ocrx_word' id='word_1_512' title='bbox 959 2698 1094 2744; x_wconf 89' lang='lat' dir='ltr'><strong>manum</strong></span> <span class='ocrx_word' id='word_1_513' title='bbox 1109 2683 1346 2757; x_wconf 87' lang='lat' dir='ltr'><strong>redimeretur;</strong></span> <span class='ocrx_word' id='word_1_514' title='bbox 1361 2685 1447 2745; x_wconf 90' lang='lat' dir='ltr'><strong>unde</strong></span> <span class='ocrx_word' id='word_1_515' title='bbox 1462 2685 1543 2747; x_wconf 91' lang='lat' dir='ltr'><strong>dicit</strong></span> <span class='ocrx_word' id='word_1_516' title='bbox 1558 2707 1566 2745; x_wconf 74' lang='grc' dir='ltr'><strong><em>ε</em></strong></span> <span class='ocrx_word' id='word_1_517' title='bbox 1581 2701 1600 2745; x_wconf 75' lang='grc'><strong>1</strong></span> <span class='ocrx_word' id='word_1_518' title='bbox 1616 2688 1759 2763; x_wconf 86' lang='lat' dir='ltr'><strong>Propior</strong></span> 
     </span>
    </p>

    <p class='ocr_par' dir='ltr' id='par_1_12' title="bbox 959 2779 1780 2956">
     <span class='ocr_line' id='line_1_63' title="bbox 959 2779 1780 2865; baseline 0.002 -24"><span class='ocrx_word' id='word_1_519' title='bbox 959 2796 1012 2841; x_wconf 87' lang='lat' dir='ltr'><strong>me</strong></span> <span class='ocrx_word' id='word_1_520' title='bbox 1028 2779 1161 2852; x_wconf 81' lang='lat' dir='ltr'><strong>faciam,</strong></span> <span class='ocrx_word' id='word_1_521' title='bbox 1177 2782 1293 2862; x_wconf 85' lang='lat' dir='ltr'><strong>utnon</strong></span> <span class='ocrx_word' id='word_1_522' title='bbox 1316 2781 1550 2858; x_wconf 87' lang='lat' dir='ltr'><strong>blasphemer:</strong></span> <span class='ocrx_word' id='word_1_523' title='bbox 1566 2783 1598 2843; x_wconf 87' lang='grc'><strong>11</strong></span> <span class='ocrx_word' id='word_1_524' title='bbox 1613 2782 1757 2858; x_wconf 88' lang='lat' dir='ltr'><strong>gloriam</strong></span> <span class='ocrx_word' id='word_1_525' title='bbox 1775 2862 1780 2865; x_wconf 20' lang='grc' dir='ltr'><em>Π</em></span> 
     </span>
     <span class='ocr_line' id='line_1_64' title="bbox 959 2878 1760 2956; baseline 0.002 -18"><span class='ocrx_word' id='word_1_526' title='bbox 959 2892 1068 2939; x_wconf 87' lang='lat' dir='ltr'><strong>meam</strong></span> <span class='ocrx_word' id='word_1_527' title='bbox 1082 2879 1179 2941; x_wconf 89' lang='lat' dir='ltr'><strong>alteri</strong></span> <span class='ocrx_word' id='word_1_528' title='bbox 1196 2894 1262 2940; x_wconf 92' lang='lat' dir='ltr'><strong>non</strong></span> <span class='ocrx_word' id='word_1_529' title='bbox 1277 2878 1378 2953; x_wconf 82' lang='lat' dir='ltr'><strong>dab03</strong></span> <span class='ocrx_word' id='word_1_530' title='bbox 1395 2880 1550 2955; x_wconf 89' lang='lat' dir='ltr'><strong>gloriam,</strong></span> <span class='ocrx_word' id='word_1_531' title='bbox 1567 2885 1666 2956; x_wconf 82' lang='lat' dir='ltr'><strong>quarn</strong></span> <span class='ocrx_word' id='word_1_532' title='bbox 1690 2879 1760 2941; x_wconf 89' lang='lat' dir='ltr'><strong>sci-</strong></span> 
     </span>
    </p>

    <p class='ocr_par' dir='ltr' id='par_1_13' title="bbox 959 2974 1757 3052">
     <span class='ocr_line' id='line_1_65' title="bbox 959 2974 1757 3052; baseline 0.006 -18"><span class='ocrx_word' id='word_1_533' title='bbox 959 2974 1038 3036; x_wconf 91' lang='lat' dir='ltr'><strong>licet</strong></span> <span class='ocrx_word' id='word_1_534' title='bbox 1060 2975 1167 3037; x_wconf 88' lang='lat' dir='ltr'><strong>babeo</strong></span> <span class='ocrx_word' id='word_1_535' title='bbox 1198 2977 1416 3052; x_wconf 90' lang='lat' dir='ltr'><strong>resurgendo,</strong></span> <span class='ocrx_word' id='word_1_536' title='bbox 1442 2975 1538 3039; x_wconf 89' lang='lat' dir='ltr'><strong>alteri</strong></span> <span class='ocrx_word' id='word_1_537' title='bbox 1563 2993 1630 3037; x_wconf 91' lang='lat' dir='ltr'><strong>non</strong></span> <span class='ocrx_word' id='word_1_538' title='bbox 1653 2976 1757 3051; x_wconf 92' lang='lat' dir='ltr'><strong>dabo;</strong></span> 
     </span>
    </p>

    <p class='ocr_par' dir='ltr' id='par_1_14' title="bbox 959 3072 1759 3150">
     <span class='ocr_line' id='line_1_66' title="bbox 959 3072 1759 3150; baseline 0.008 -19"><span class='ocrx_word' id='word_1_539' title='bbox 959 3073 1045 3150; x_wconf 90' lang='lat' dir='ltr'><strong>quod</strong></span> <span class='ocrx_word' id='word_1_540' title='bbox 1068 3073 1172 3146; x_wconf 86' lang='lat' dir='ltr'><strong>tieret,</strong></span> <span class='ocrx_word' id='word_1_541' title='bbox 1188 3072 1216 3134; x_wconf 92' lang='lat' dir='ltr'><strong>si</strong></span> <span class='ocrx_word' id='word_1_542' title='bbox 1241 3074 1328 3135; x_wconf 91' lang='lat' dir='ltr'><strong>alius</strong></span> <span class='ocrx_word' id='word_1_543' title='bbox 1355 3073 1544 3135; x_wconf 91' lang='lat' dir='ltr'><strong>redimeret.</strong></span> <span class='ocrx_word' id='word_1_544' title='bbox 1562 3075 1759 3147; x_wconf 68' lang='grc'>111111111-</span> 
     </span>
    </p>

    <p class='ocr_par' dir='ltr' id='par_1_15' title="bbox 958 3171 1758 3248">
     <span class='ocr_line' id='line_1_67' title="bbox 958 3171 1758 3248; baseline 0.005 -18"><span class='ocrx_word' id='word_1_545' title='bbox 958 3171 1044 3231; x_wconf 91' lang='lat' dir='ltr'><strong>riam</strong></span> <span class='ocrx_word' id='word_1_546' title='bbox 1057 3187 1164 3232; x_wconf 90' lang='lat' dir='ltr'><strong>meam</strong></span> <span class='ocrx_word' id='word_1_547' title='bbox 1180 3171 1277 3234; x_wconf 80' lang='lat' dir='ltr'><strong>alteri</strong></span> <span class='ocrx_word' id='word_1_548' title='bbox 1291 3187 1358 3233; x_wconf 93' lang='lat' dir='ltr'><strong>non</strong></span> <span class='ocrx_word' id='word_1_549' title='bbox 1384 3171 1469 3232; x_wconf 90' lang='lat' dir='ltr'><strong>dabo</strong></span> <span class='ocrx_word' id='word_1_550' title='bbox 1485 3188 1514 3238; x_wconf 75' lang='grc'><strong>1,</strong></span> <span class='ocrx_word' id='word_1_551' title='bbox 1529 3173 1607 3248; x_wconf 86' lang='lat' dir='ltr'><strong>quia</strong></span> <span class='ocrx_word' id='word_1_552' title='bbox 1622 3188 1758 3234; x_wconf 89' lang='lat' dir='ltr'><strong>carnem</strong></span> 
     </span>
    </p>

    <p class='ocr_par' dir='ltr' id='par_1_16' title="bbox 959 3268 1755 3345">
     <span class='ocr_line' id='line_1_68' title="bbox 959 3268 1755 3345; baseline 0.003 -17"><span class='ocrx_word' id='word_1_553' title='bbox 959 3281 1143 3340; x_wconf 88' lang='lat' dir='ltr'><strong>assumens,</strong></span> <span class='ocrx_word' id='word_1_554' title='bbox 1161 3268 1195 3328; x_wconf 92' lang='lat' dir='ltr'><strong>in</strong></span> <span class='ocrx_word' id='word_1_555' title='bbox 1216 3284 1360 3345; x_wconf 90' lang='lat' dir='ltr'><strong>persona</strong></span> <span class='ocrx_word' id='word_1_556' title='bbox 1375 3269 1524 3345; x_wconf 89' lang='lat' dir='ltr'><strong>propria,</strong></span> <span class='ocrx_word' id='word_1_557' title='bbox 1537 3285 1601 3329; x_wconf 91' lang='lat' dir='ltr'><strong>non</strong></span> <span class='ocrx_word' id='word_1_558' title='bbox 1624 3285 1683 3345; x_wconf 88' lang='lat' dir='ltr'><strong>per</strong></span> <span class='ocrx_word' id='word_1_559' title='bbox 1700 3269 1755 3330; x_wconf 90' lang='lat' dir='ltr'><strong>al·</strong></span> 
     </span>
    </p>

    <p class='ocr_par' dir='ltr' id='par_1_17' title="bbox 958 3364 1758 3443">
     <span class='ocr_line' id='line_1_69' title="bbox 958 3364 1758 3443; baseline 0.003 -18"><span class='ocrx_word' id='word_1_560' title='bbox 958 3364 1078 3436; x_wconf 90' lang='lat' dir='ltr'><strong>terum,</strong></span> <span class='ocrx_word' id='word_1_561' title='bbox 1096 3365 1237 3427; x_wconf 90' lang='lat' dir='ltr'><strong>salutem</strong></span> <span class='ocrx_word' id='word_1_562' title='bbox 1253 3364 1427 3442; x_wconf 89' lang='lat' dir='ltr'><strong>operabor.</strong></span> <span class='ocrx_word' id='word_1_563' title='bbox 1451 3368 1545 3426; x_wconf 88' lang='lat' dir='ltr'><strong>Hanc</strong></span> <span class='ocrx_word' id='word_1_564' title='bbox 1559 3367 1671 3443; x_wconf 85' lang='lat' dir='ltr'><strong>itaque</strong></span> <span class='ocrx_word' id='word_1_565' title='bbox 1682 3369 1758 3442; x_wconf 87' lang='lat' dir='ltr'><strong>jus-</strong></span> 
     </span>
    </p>

    <p class='ocr_par' dir='ltr' id='par_1_18' title="bbox 959 3461 1804 3730">
     <span class='ocr_line' id='line_1_70' title="bbox 959 3461 1804 3539; baseline 0.001 -17"><span class='ocrx_word' id='word_1_566' title='bbox 959 3461 1065 3522; x_wconf 88' lang='lat' dir='ltr'><strong>titiam</strong></span> <span class='ocrx_word' id='word_1_567' title='bbox 1091 3462 1276 3524; x_wconf 76' lang='lat' dir='ltr'><strong>annrrnciat</strong></span> <span class='ocrx_word' id='word_1_568' title='bbox 1288 3462 1458 3538; x_wconf 89' lang='lat' dir='ltr'><strong>Propheta</strong></span> <span class='ocrx_word' id='word_1_569' title='bbox 1473 3463 1507 3523; x_wconf 92' lang='lat' dir='ltr'><strong>iu</strong></span> <span class='ocrx_word' id='word_1_570' title='bbox 1529 3478 1671 3539; x_wconf 90' lang='lat' dir='ltr'><strong>persona</strong></span> <span class='ocrx_word' id='word_1_571' title='bbox 1695 3479 1755 3523; x_wconf 91' lang='lat' dir='ltr'><strong>re·</strong></span> <span class='ocrx_word' id='word_1_572' title='bbox 1800 3505 1804 3511; x_wconf 79' lang='lat'><em>-</em></span> 
     </span>
     <span class='ocr_line' id='line_1_71' title="bbox 959 3558 1753 3636; baseline 0.005 -18"><span class='ocrx_word' id='word_1_573' title='bbox 959 3558 1084 3636; x_wconf 89' lang='lat' dir='ltr'><strong>dempti</strong></span> <span class='ocrx_word' id='word_1_574' title='bbox 1096 3559 1254 3630; x_wconf 86' lang='lat' dir='ltr'><strong>hominis,</strong></span> <span class='ocrx_word' id='word_1_575' title='bbox 1270 3560 1318 3622; x_wconf 91' lang='lat' dir='ltr'><strong>ita</strong></span> <span class='ocrx_word' id='word_1_576' title='bbox 1331 3560 1446 3620; x_wconf 87' lang='lat' dir='ltr'><strong>dicens</strong></span> <span class='ocrx_word' id='word_1_577' title='bbox 1461 3580 1469 3619; x_wconf 76' lang='lat' dir='ltr'>z</span> <span class='ocrx_word' id='word_1_578' title='bbox 1487 3562 1530 3622; x_wconf 81' lang='lat' dir='ltr'><strong>Os</strong></span> <span class='ocrx_word' id='word_1_579' title='bbox 1550 3575 1667 3623; x_wconf 75' lang='lat' dir='ltr'><strong>merem</strong></span> <span class='ocrx_word' id='word_1_580' title='bbox 1685 3576 1753 3622; x_wconf 73' lang='lat' dir='ltr'><strong>aaa·</strong></span> 
     </span>
     <span class='ocr_line' id='line_1_72' title="bbox 959 3656 1450 3730; baseline 0.002 -13"><span class='ocrx_word' id='word_1_581' title='bbox 959 3656 1321 3730; x_wconf 73' lang='lat' dir='ltr'><strong>ouoenottjosottam</strong></span> <span class='ocrx_word' id='word_1_582' title='bbox 1342 3657 1450 3718; x_wconf 75' lang='lat' dir='ltr'><strong>trram.</strong></span> 
     </span>
    </p>
   </div>
   <div class='ocr_carea' id='block_1_6' title="bbox 1204 3944 1508 4006">
    <p class='ocr_par' dir='ltr' id='par_1_19' title="bbox 1204 3944 1508 4006">
     <span class='ocr_line' id='line_1_73' title="bbox 1204 3944 1508 4006; baseline -0.003 -1"><span class='ocrx_word' id='word_1_583' title='bbox 1204 3944 1344 4006; x_wconf 82' lang='lat' dir='ltr'>SERMO</span> <span class='ocrx_word' id='word_1_584' title='bbox 1366 3945 1508 4005; x_wconf 80' lang='lat' dir='ltr'>CXXXI.</span> 
     </span>
    </p>
   </div>
   <div class='ocr_carea' id='block_1_7' title="bbox 959 4082 1756 4317">
    <p class='ocr_par' dir='ltr' id='par_1_20' title="bbox 959 4082 1756 4317">
     <span class='ocr_line' id='line_1_74' title="bbox 959 4082 1756 4157; baseline 0.003 -18"><span class='ocrx_word' id='word_1_585' title='bbox 959 4084 1001 4139; x_wconf 83' lang='lat' dir='ltr'><strong>De</strong></span> <span class='ocrx_word' id='word_1_586' title='bbox 1029 4088 1139 4155; x_wconf 86' lang='lat' dir='ltr'><strong>septem</strong></span> <span class='ocrx_word' id='word_1_587' title='bbox 1175 4082 1412 4154; x_wconf 83' lang='lat' dir='ltr'><strong>tribulationibus,</strong></span> <span class='ocrx_word' id='word_1_588' title='bbox 1444 4098 1460 4140; x_wconf 88' lang='lat' dir='ltr'><strong>a</strong></span> <span class='ocrx_word' id='word_1_589' title='bbox 1487 4083 1589 4157; x_wconf 89' lang='lat' dir='ltr'><strong>quibus</strong></span> <span class='ocrx_word' id='word_1_590' title='bbox 1620 4083 1756 4142; x_wconf 86' lang='lat' dir='ltr'><strong>liberatur</strong></span> 
     </span>
     <span class='ocr_line' id='line_1_75' title="bbox 991 4169 1753 4246; baseline 0.005 -20"><span class='ocrx_word' id='word_1_591' title='bbox 991 4169 1101 4242; x_wconf 81' lang='lat' dir='ltr'><strong>justus3</strong></span> <span class='ocrx_word' id='word_1_592' title='bbox 1129 4169 1165 4227; x_wconf 92' lang='lat' dir='ltr'><strong>de</strong></span> <span class='ocrx_word' id='word_1_593' title='bbox 1194 4172 1296 4244; x_wconf 87' lang='lat' dir='ltr'><strong>triplici</strong></span> <span class='ocrx_word' id='word_1_594' title='bbox 1318 4171 1433 4246; x_wconf 82' lang='lat' dir='ltr'><strong>abysso,</strong></span> <span class='ocrx_word' id='word_1_595' title='bbox 1457 4173 1520 4229; x_wconf 86' lang='lat' dir='ltr'><strong>sive</strong></span> <span class='ocrx_word' id='word_1_596' title='bbox 1534 4188 1664 4243; x_wconf 85' lang='lat' dir='ltr'><strong>carcere3</strong></span> <span class='ocrx_word' id='word_1_597' title='bbox 1677 4171 1753 4231; x_wconf 87' lang='lat' dir='ltr'><strong>etde</strong></span> 
     </span>
     <span class='ocr_line' id='line_1_76' title="bbox 993 4258 1265 4317; baseline 0.004 -2"><span class='ocrx_word' id='word_1_598' title='bbox 993 4258 1189 4316; x_wconf 87' lang='lat' dir='ltr'><strong>consolatione</strong></span> <span class='ocrx_word' id='word_1_599' title='bbox 1204 4261 1265 4317; x_wconf 85' lang='lat' dir='ltr'><strong>bei.</strong></span> 
     </span>
    </p>
   </div>
   <div class='ocr_carea' id='block_1_8' title="bbox 958 4394 1880 4470">
    <p class='ocr_par' dir='ltr' id='par_1_21' title="bbox 958 4394 1880 4470">
     <span class='ocr_line' id='line_1_77' title="bbox 958 4394 1880 4470; baseline 0 -12"><span class='ocrx_word' id='word_1_600' title='bbox 958 4394 1111 4458; x_wconf 79' lang='lat' dir='ltr'><strong>Quantas</strong></span> <span class='ocrx_word' id='word_1_601' title='bbox 1134 4394 1315 4455; x_wconf 78' lang='lat' dir='ltr'><strong>ostendisti</strong></span> <span class='ocrx_word' id='word_1_602' title='bbox 1337 4398 1423 4457; x_wconf 80' lang='lat' dir='ltr'><strong>midi</strong></span> <span class='ocrx_word' id='word_1_603' title='bbox 1443 4396 1694 4469; x_wconf 62' lang='lat' dir='ltr'><strong>indicationes,</strong></span> <span class='ocrx_word' id='word_1_604' title='bbox 1718 4397 1753 4457; x_wconf 89' lang='lat' dir='ltr'><strong>et</strong></span> <span class='ocrx_word' id='word_1_605' title='bbox 1876 4459 1880 4470; x_wconf 62' lang='grc'>,</span> 
     </span>
    </p>
   </div>
   <div class='ocr_carea' id='block_1_9' title="bbox 997 4488 1752 4569">
    <p class='ocr_par' dir='ltr' id='par_1_22' title="bbox 997 4488 1752 4569">
     <span class='ocr_line' id='line_1_78' title="bbox 997 4488 1752 4569; baseline 0.007 -19"><span class='ocrx_word' id='word_1_606' title='bbox 997 4495 1088 4551; x_wconf 85' lang='lat' dir='ltr'><strong>mato</strong></span> <span class='ocrx_word' id='word_1_607' title='bbox 1103 4488 1151 4569; x_wconf 83' lang='lat'><strong>(2)</strong></span> <span class='ocrx_word' id='word_1_608' title='bbox 1169 4511 1176 4550; x_wconf 91' lang='lat'>:</span> <span class='ocrx_word' id='word_1_609' title='bbox 1193 4493 1226 4551; x_wconf 87' lang='lat' dir='ltr'><strong>et</strong></span> <span class='ocrx_word' id='word_1_610' title='bbox 1251 4506 1440 4555; x_wconf 81' lang='lat' dir='ltr'><strong>conversus</strong></span> <span class='ocrx_word' id='word_1_611' title='bbox 1463 4493 1648 4567; x_wconf 67' lang='lat' dir='ltr'><strong>vivificasti</strong></span> <span class='ocrx_word' id='word_1_612' title='bbox 1669 4508 1725 4555; x_wconf 72' lang='lat' dir='ltr'><strong>roc</strong></span> <span class='ocrx_word' id='word_1_613' title='bbox 1739 4510 1752 4553; x_wconf 88' lang='lat'><strong>.·</strong></span> 
     </span>
    </p>
   </div>
   <div class='ocr_carea' id='block_1_10' title="bbox 996 4588 1754 4765">
    <p class='ocr_par' dir='ltr' id='par_1_23' title="bbox 996 4588 1754 4765">
     <span class='ocr_line' id='line_1_79' title="bbox 996 4588 1754 4662; baseline 0.008 -14"><span class='ocrx_word' id='word_1_614' title='bbox 996 4588 1031 4648; x_wconf 86' lang='lat' dir='ltr'><strong>et</strong></span> <span class='ocrx_word' id='word_1_615' title='bbox 1056 4590 1097 4648; x_wconf 83' lang='lat' dir='ltr'><strong>de</strong></span> <span class='ocrx_word' id='word_1_616' title='bbox 1126 4590 1258 4662; x_wconf 68' lang='lat' dir='ltr'><strong>abyssis</strong></span> <span class='ocrx_word' id='word_1_617' title='bbox 1281 4590 1389 4650; x_wconf 80' lang='lat' dir='ltr'><strong>terroe</strong></span> <span class='ocrx_word' id='word_1_618' title='bbox 1414 4592 1543 4654; x_wconf 80' lang='lat' dir='ltr'><strong>iterum</strong></span> <span class='ocrx_word' id='word_1_619' title='bbox 1578 4593 1754 4654; x_wconf 73' lang='lat' dir='ltr'><strong>redemisti</strong></span> 
     </span>
     <span class='ocr_line' id='line_1_80' title="bbox 996 4683 1362 4765; baseline 0.008 -21"><span class='ocrx_word' id='word_1_620' title='bbox 996 4699 1063 4745; x_wconf 85' lang='lat' dir='ltr'><strong>me.</strong></span> <span class='ocrx_word' id='word_1_621' title='bbox 1085 4683 1191 4764; x_wconf 89' lang='lat' dir='ltr'><strong>(Psal.</strong></span> <span class='ocrx_word' id='word_1_622' title='bbox 1218 4688 1269 4758; x_wconf 80' lang='lat'><strong>70,</strong></span> <span class='ocrx_word' id='word_1_623' title='bbox 1293 4686 1362 4765; x_wconf 75' lang='lat'>20.)</span> 
     </span>
    </p>
   </div>
   <div class='ocr_carea' id='block_1_11' title="bbox 955 4826 1753 5402">
    <p class='ocr_par' dir='ltr' id='par_1_24' title="bbox 955 4826 1753 5402">
     <span class='ocr_line' id='line_1_81' title="bbox 997 4826 1751 4909; baseline 0.008 -23"><span class='ocrx_word' id='word_1_624' title='bbox 997 4826 1092 4898; x_wconf 89' lang='lat' dir='ltr'><strong>Quot,</strong></span> <span class='ocrx_word' id='word_1_625' title='bbox 1120 4829 1154 4889; x_wconf 90' lang='lat' dir='ltr'><strong>et</strong></span> <span class='ocrx_word' id='word_1_626' title='bbox 1182 4830 1324 4904; x_wconf 89' lang='lat' dir='ltr'><strong>quantas</strong></span> <span class='ocrx_word' id='word_1_627' title='bbox 1362 4830 1595 4893; x_wconf 88' lang='lat' dir='ltr'><strong>tribulationes</strong></span> <span class='ocrx_word' id='word_1_628' title='bbox 1632 4847 1751 4909; x_wconf 88' lang='lat' dir='ltr'><strong>passus</strong></span> 
     </span>
     <span class='ocr_line' id='line_1_82' title="bbox 956 4922 1753 5003; baseline 0.01 -20"><span class='ocrx_word' id='word_1_629' title='bbox 956 4922 1058 4986; x_wconf 86' lang='lat' dir='ltr'><strong>luerit</strong></span> <span class='ocrx_word' id='word_1_630' title='bbox 1069 4924 1132 4986; x_wconf 87' lang='lat' dir='ltr'><strong>iste</strong></span> <span class='ocrx_word' id='word_1_631' title='bbox 1146 4927 1287 4988; x_wconf 89' lang='lat' dir='ltr'><strong>Sanctus</strong></span> <span class='ocrx_word' id='word_1_632' title='bbox 1301 4943 1359 5003; x_wconf 89' lang='lat' dir='ltr'><strong>pro</strong></span> <span class='ocrx_word' id='word_1_633' title='bbox 1372 4928 1506 4990; x_wconf 91' lang='lat' dir='ltr'><strong>nomine</strong></span> <span class='ocrx_word' id='word_1_634' title='bbox 1520 4932 1599 4991; x_wconf 71' lang='lat' dir='ltr'><strong>iesu</strong></span> <span class='ocrx_word' id='word_1_635' title='bbox 1612 4945 1753 4991; x_wconf 90' lang='lat' dir='ltr'><strong>comme·</strong></span> 
     </span>
     <span class='ocr_line' id='line_1_83' title="bbox 955 5022 1750 5101; baseline 0.009 -20"><span class='ocrx_word' id='word_1_636' title='bbox 955 5022 1074 5093; x_wconf 90' lang='lat' dir='ltr'><strong>morat,</strong></span> <span class='ocrx_word' id='word_1_637' title='bbox 1092 5024 1256 5099; x_wconf 89' lang='lat' dir='ltr'><strong>quatenus</strong></span> <span class='ocrx_word' id='word_1_638' title='bbox 1269 5023 1310 5083; x_wconf 91' lang='lat' dir='ltr'><strong>de</strong></span> <span class='ocrx_word' id='word_1_639' title='bbox 1328 5024 1421 5101; x_wconf 91' lang='lat' dir='ltr'><strong>ipsis,</strong></span> <span class='ocrx_word' id='word_1_640' title='bbox 1442 5026 1670 5101; x_wconf 84' lang='lat' dir='ltr'><strong>pervirtutem</strong></span> <span class='ocrx_word' id='word_1_641' title='bbox 1685 5042 1750 5088; x_wconf 92' lang='lat' dir='ltr'><strong>no·</strong></span> 
     </span>
     <span class='ocr_line' id='line_1_84' title="bbox 955 5118 1753 5193; baseline 0.011 -15"><span class='ocrx_word' id='word_1_642' title='bbox 955 5118 1056 5179; x_wconf 90' lang='lat' dir='ltr'><strong>minis</strong></span> <span class='ocrx_word' id='word_1_643' title='bbox 1070 5121 1163 5192; x_wconf 88' lang='lat' dir='ltr'><strong>Jesu,</strong></span> <span class='ocrx_word' id='word_1_644' title='bbox 1177 5136 1213 5181; x_wconf 91' lang='lat' dir='ltr'><strong>se</strong></span> <span class='ocrx_word' id='word_1_645' title='bbox 1233 5120 1365 5193; x_wconf 89' lang='lat' dir='ltr'><strong>sentiat,</strong></span> <span class='ocrx_word' id='word_1_646' title='bbox 1382 5120 1569 5193; x_wconf 88' lang='lat' dir='ltr'><strong>liberatum,</strong></span> <span class='ocrx_word' id='word_1_647' title='bbox 1584 5127 1617 5184; x_wconf 90' lang='grc'><strong>11</strong></span> <span class='ocrx_word' id='word_1_648' title='bbox 1636 5124 1753 5187; x_wconf 86' lang='lat' dir='ltr'><strong>reddat</strong></span> 
     </span>
     <span class='ocr_line' id='line_1_85' title="bbox 955 5209 1751 5294; baseline 0.008 -17"><span class='ocrx_word' id='word_1_649' title='bbox 955 5217 1083 5291; x_wconf 85' lang='lat' dir='ltr'><strong>gratias</strong></span> <span class='ocrx_word' id='word_1_650' title='bbox 1098 5217 1329 5294; x_wconf 88' lang='lat' dir='ltr'><strong>ampliores,et</strong></span> <span class='ocrx_word' id='word_1_651' title='bbox 1342 5209 1514 5279; x_wconf 75' lang='lat' dir='ltr'><strong>ardentius</strong></span> <span class='ocrx_word' id='word_1_652' title='bbox 1526 5221 1699 5282; x_wconf 86' lang='lat' dir='ltr'><strong>moveatur</strong></span> <span class='ocrx_word' id='word_1_653' title='bbox 1709 5223 1751 5284; x_wconf 91' lang='lat' dir='ltr'><strong>ad</strong></span> 
     </span>
     <span class='ocr_line' id='line_1_86' title="bbox 955 5314 1753 5402; baseline 0.011 -30"><span class='ocrx_word' id='word_1_654' title='bbox 955 5314 1028 5390; x_wconf 81' lang='lat' dir='ltr'><strong>eJus</strong></span> <span class='ocrx_word' id='word_1_655' title='bbox 1044 5314 1188 5375; x_wconf 88' lang='lat' dir='ltr'><strong>nominis</strong></span> <span class='ocrx_word' id='word_1_656' title='bbox 1205 5314 1426 5377; x_wconf 89' lang='lat' dir='ltr'><strong>dilectionem.</strong></span> <span class='ocrx_word' id='word_1_657' title='bbox 1443 5318 1490 5402; x_wconf 82' lang='lat' dir='ltr'><strong>De</strong></span> <span class='ocrx_word' id='word_1_658' title='bbox 1510 5316 1629 5393; x_wconf 85' lang='lat' dir='ltr'><strong>quibus</strong></span> <span class='ocrx_word' id='word_1_659' title='bbox 1644 5318 1753 5380; x_wconf 90' lang='lat' dir='ltr'><strong>tribu·</strong></span> 
     </span>
    </p>
   </div>
   <div class='ocr_carea' id='block_1_12' title="bbox 954 5495 1753 5717">
    <p class='ocr_par' dir='ltr' id='par_1_25' title="bbox 954 5495 1753 5717">
     <span class='ocr_line' id='line_1_87' title="bbox 954 5495 1753 5575; baseline 0.014 -23"><span class='ocrx_word' id='word_1_660' title='bbox 954 5503 1019 5553; x_wconf 87' lang='lat' dir='ltr'><strong>tens</strong></span> <span class='ocrx_word' id='word_1_661' title='bbox 1029 5495 1159 5555; x_wconf 86' lang='lat' dir='ltr'><strong>liberare.</strong></span> <span class='ocrx_word' id='word_1_662' title='bbox 1176 5520 1187 5548; x_wconf 83' lang='lat'><strong>»</strong></span> <span class='ocrx_word' id='word_1_663' title='bbox 1202 5499 1235 5555; x_wconf 83' lang='lat' dir='ltr'><strong>Si</strong></span> <span class='ocrx_word' id='word_1_664' title='bbox 1246 5512 1317 5569; x_wconf 83' lang='lat' dir='ltr'><strong>ergo</strong></span> <span class='ocrx_word' id='word_1_665' title='bbox 1327 5498 1377 5555; x_wconf 87' lang='lat' dir='ltr'><strong>bei</strong></span> <span class='ocrx_word' id='word_1_666' title='bbox 1387 5499 1473 5556; x_wconf 88' lang='lat' dir='ltr'><strong>Filius</strong></span> <span class='ocrx_word' id='word_1_667' title='bbox 1485 5499 1642 5560; x_wconf 87' lang='lat' dir='ltr'><strong>humanum</strong></span> <span class='ocrx_word' id='word_1_668' title='bbox 1657 5517 1753 5575; x_wconf 89' lang='lat' dir='ltr'><strong>genus</strong></span> 
     </span>
     <span class='ocr_line' id='line_1_88' title="bbox 955 5566 1751 5644; baseline 0.013 -21"><span class='ocrx_word' id='word_1_669' title='bbox 955 5582 1012 5623; x_wconf 91' lang='lat' dir='ltr'><strong>uon</strong></span> <span class='ocrx_word' id='word_1_670' title='bbox 1028 5566 1209 5637; x_wconf 86' lang='lat' dir='ltr'><strong>redemisset,</strong></span> <span class='ocrx_word' id='word_1_671' title='bbox 1226 5567 1409 5642; x_wconf 86' lang='lat' dir='ltr'><strong>blasphemiis</strong></span> <span class='ocrx_word' id='word_1_672' title='bbox 1424 5571 1563 5644; x_wconf 87' lang='lat' dir='ltr'><strong>gentium,</strong></span> <span class='ocrx_word' id='word_1_673' title='bbox 1581 5581 1629 5631; x_wconf 87' lang='lat' dir='ltr'><strong>aut</strong></span> <span class='ocrx_word' id='word_1_674' title='bbox 1648 5573 1751 5633; x_wconf 80' lang='lat' dir='ltr'><strong>demo</strong></span> 
     </span>
     <span class='ocr_line' id='line_1_89' title="bbox 955 5637 1711 5717; baseline 0.013 -23"><span class='ocrx_word' id='word_1_675' title='bbox 955 5652 1037 5704; x_wconf 85' lang='lat' dir='ltr'><strong>uum,</strong></span> <span class='ocrx_word' id='word_1_676' title='bbox 1050 5639 1126 5694; x_wconf 88' lang='lat' dir='ltr'><strong>velut</strong></span> <span class='ocrx_word' id='word_1_677' title='bbox 1142 5640 1293 5712; x_wconf 86' lang='lat' dir='ltr'><strong>impotens,</strong></span> <span class='ocrx_word' id='word_1_678' title='bbox 1309 5637 1430 5698; x_wconf 82' lang='lat' dir='ltr'><strong>fortasse</strong></span> <span class='ocrx_word' id='word_1_679' title='bbox 1450 5642 1551 5716; x_wconf 85' lang='lat' dir='ltr'><strong>impeti</strong></span> <span class='ocrx_word' id='word_1_680' title='bbox 1562 5646 1711 5717; x_wconf 84' lang='lat' dir='ltr'><strong>potuisset.</strong></span> 
     </span>
    </p>
   </div>
   <div class='ocr_carea' id='block_1_13' title="bbox 933 5705 1446 5785">
    <p class='ocr_par' dir='ltr' id='par_1_26' title="bbox 933 5705 1446 5785">
     <span class='ocr_line' id='line_1_90' title="bbox 933 5705 1446 5785; baseline 0.012 -22"><span class='ocrx_word' id='word_1_681' title='bbox 933 5705 935 5714; x_wconf 62' lang='lat'><strong>⁴</strong></span> <span class='ocrx_word' id='word_1_682' title='bbox 993 5708 1034 5785; x_wconf 80' lang='grc'><strong>(1)</strong></span> <span class='ocrx_word' id='word_1_683' title='bbox 1049 5709 1135 5783; x_wconf 72' lang='lat' dir='ltr'><strong>vulg.</strong></span> <span class='ocrx_word' id='word_1_684' title='bbox 1154 5723 1161 5765; x_wconf 91' lang='lat'><strong>:</strong></span> <span class='ocrx_word' id='word_1_685' title='bbox 1180 5709 1334 5781; x_wconf 84' lang='lat' dir='ltr'><strong>multas,et</strong></span> <span class='ocrx_word' id='word_1_686' title='bbox 1346 5711 1446 5769; x_wconf 84' lang='lat' dir='ltr'><strong>malas.</strong></span> 
     </span>
    </p>
   </div>
   <div class='ocr_carea' id='block_1_14' title="bbox 0 0 1980 6196">
    <p class='ocr_par' dir='ltr' id='par_1_27' title="bbox 0 0 1980 6196">
     <span class='ocr_line' id='line_1_91' title="bbox 0 0 1980 6196; baseline 0 0"><span class='ocrx_word' id='word_1_687' title='bbox 0 0 1980 6196; x_wconf 95' lang='lat' dir='ltr'><strong> </strong></span> 
     </span>
    </p>
   </div>
  </div>
 </body>
</html>
