3950 6200
269 247 330 309 579
696 247 730 311 S·
752 250 927 316 ANTONII
955 253 1143 316 PADUANi
1172 256 1309 319 OPERA
1335 253 1494 324 crinin·
1838 263 1881 328 iti

270 406 431 472 animalia
444 405 761 472 mammashabenta
769 409 946 487 posteriori
955 414 1062 490 parte.
1118 412 1215 476 docet
1240 416 1309 479 alia
1328 416 1505 480 translatio
1526 415 1588 498 (2),
1609 433 1684 498 quae
1707 417 1786 484 dicit
1803 443 1811 484 ι
1830 428 1884 486 Par
1934 429 1935 438 ’

268 508 375 569 Homo
387 505 488 566 habet
499 503 603 567 ubera
613 504 646 566 in
659 509 803 583 pectore,
814 510 850 571 ut
863 508 1061 582 insinuetur,
1117 525 1255 574 moriem
1269 515 1431 586 dotorem,
1444 514 1478 577 ei
1486 515 1659 592 stapedum
1674 521 1837 581 cnidiam
1846 524 1886 582 Je-

268 604 445 682 quodcum
469 603 557 664 lacte
584 603 745 668 doctrine
767 605 946 668 infundere
966 607 1065 669 dehet
1118 614 1281 671 rietatem.
1306 610 1354 672 nd
1379 610 1466 674 hanc
1488 611 1710 674 eruditionem
1729 613 1886 678 invitantur

267 699 523 776 intelligentiam
551 700 751 775 naturalem,
775 705 812 766 ut
835 703 915 767 inde
928 704 1063 783 parvuli
1118 705 1173 768 hic
1188 707 1362 784 regesqui
1374 709 1559 782 sectaires
1573 709 1694 773 dehent
1708 717 1885 787 regeredle

268 798 495 860 confortentur
520 813 578 874 per
606 800 796 877 exemplum
829 800 908 864 honi
936 803 1061 880 operis.
1117 805 1304 866 rumtamen
1324 807 1361 867 ui
1375 805 1457 868 dicit
1475 807 1665 869 hemardus
1681 806 1741 887 (³),
1752 810 1887 888 quidquid

269 895 333 958 Sed
357 895 422 973 ipsi
448 895 578 973 prelati
594 900 778 974 nonjama
798 899 941 976 pectore,
964 898 1022 961 sed
1043 915 1063 961 a
1118 900 1253 964 inomni
1265 902 1445 983 genere(i)
1459 902 1885 980 homiuumdeliciosumest

268 993 508 1072 posterioribus
523 1010 615 1056 more
629 993 753 1057 brutali
771 996 834 1068 iac,
851 996 940 1058 idest
952 1012 1064 1058 exem·
1118 997 1216 1060 nobis
1239 1001 1457 1074 assumimus3
1482 1017 1502 1063 a
1526 1002 1723 1066 mulieribus
1738 1004 1886 1066 molitiem

267 1092 359 1169 pium
386 1090 544 1154 ioeditatis
566 1107 636 1154 suae
664 1092 841 1158 effundunt
853 1093 1007 1168 subditis,
1028 1095 1064 1156 et
1117 1096 1279 1171 restium3
1302 1097 1497 1162 amilitihus
1515 1098 1688 1176 phaleras3
1711 1101 1887 1178 atrapeaitis

268 1189 448 1253 mittuntin
464 1204 624 1253 errorem.
1118 1194 1310 1270 pecuniam
1332 1209 1352 1256 a
1367 1195 1513 1272 regibus,
1539 1199 1574 1259 et
1591 1196 1797 1273 principibus
1809 1201 1886 1275 pote-

309 1288 487 1366 Sequitur:
501 1287 696 1361 intellipttc.
711 1287 774 1349 Sed
790 1287 869 1366 quid
881 1288 1003 1352 debent
1015 1289 1065 1351 in·
1118 1291 1250 1364 statem,
1265 1291 1465 1356 ethonores.
1480 1295 1520 1354 lli
1531 1292 1608 1356 ideo
1622 1294 1702 1370 quia
1716 1309 1789 1358 cnm
1799 1295 1886 1358 homi

267 1385 439 1462 teliigeret
453 1386 535 1454 Hoc,
550 1384 678 1447 scilicet
693 1387 828 1451 :Quare
842 1387 1064 1460 penserunt
1118 1387 1217 1450 nibus
1230 1403 1297 1452 non
1314 1387 1376 1468 (ὅ),
1393 1405 1473 1453 cum
1491 1394 1686 1456 romaniam
1703 1406 1773 1454 non
1790 1393 1888 1469 nood-

266 1484 397 1560 pcnten
422 1482 456 1544 et
479 1485 596 1557 popuii
622 1483 780 1545 owditaii
811 1483 894 1544 mint
917 1485 1064 1546 inaniet
1117 1485 1298 1558 meantum·
1319 1487 1399 1563 quia
1413 1503 1480 1550 non
1496 1503 1593 1564 poena
1607 1487 1706 1552 istius
1714 1486 1773 1568 (6),
1788 1489 1835 1550 rel
1849 1489 1887 1549 il·

268 1582 334 1642 Per
346 1580 556 1657 perdeserta
569 1580 732 1652 carnalia,
746 1595 807 1657 per
818 1586 961 1656 papirius
979 1580 1062 1643 vitia
1118 1581 1195 1654 lius,
1211 1581 1270 1644 sed
1288 1584 1544 1660 poeuaomnium
1555 1586 1745 1661 punientur.
1769 1588 1888 1648 Prover-

268 1676 456 1755 spiritualia
485 1677 726 1753 intelliguntur.
755 1679 911 1740 Fremere
937 1680 1061 1750 autem,

267 1775 415 1840 terarum
443 1777 512 1851 est;
536 1775 622 1852 quod
643 1775 789 1852 pertinet
815 1775 858 1837 ad
879 1775 939 1837 iiia
966 1776 1061 1847 sitia,

268 1888 343 1950 quae
357 1873 450 1934 nulla
463 1872 593 1934 ratione
607 1873 684 1935 sunt
695 1872 843 1949 palliata.
860 1872 997 1934 Praelati
1006 1888 1063 1934 au·

268 1973 335 2033 tem
348 1972 416 2034 tam
430 1971 507 2043 ista,
520 1986 618 2048 quam
629 1970 699 2041 illa,
708 1986 782 2048 quae
796 1971 943 2047 aliquam
956 1970 1064 2032 ratio-

268 2084 345 2130 nem
363 2068 520 2131 sidentur
547 2067 682 2141 hahere,
713 2068 791 2130 licet
815 2083 884 2130 non
904 2067 1061 2140 habeant,

267 2166 387 2229 debent
399 2166 600 2242 intelligere,
616 2168 651 2229 et
659 2165 878 2242 intelligendo
893 2164 1020 2241 iugera,
1030 2165 1063 2226 et

173 2283 174 2286 ¹
267 2266 304 2328 ut
317 2264 441 2327 subditi
455 2263 595 2340 fugiant,
609 2263 803 2341 predicare.
814 2262 907 2326 Unde
921 2265 940 2327 J
943 2262 983 2324 ob
996 2260 1063 2341 (39,

266 2363 320 2442 25)
334 2361 504 2423 :sprocui
519 2361 678 2425 odoratur
691 2361 827 2432 bellum,
848 2360 1062 2422 exhortatio·

267 2477 345 2523 nem
360 2459 492 2530 ducum,
517 2460 550 2520 et
572 2458 735 2520 ululatum
750 2459 930 2520 exercitus.
944 2475 962 2520 a
977 2458 1064 2519 Pro-

271 2557 325 2619 cul
340 2556 476 2619 odorari
499 2555 623 2618 bellum
638 2557 690 2618 est
710 2555 922 2617 adversantia
953 2555 1063 2617 adhuc

271 2655 371 2730 longe
396 2653 571 2730 cogitando
597 2667 818 2730 prenoscere,
840 2667 883 2714 ne
897 2651 1062 2716 iorteva·

269 2752 362 2813 leant
375 2750 557 2827 improuisa
571 2765 742 2826 superare.
759 2749 937 2810 Exhortari
951 2750 1062 2812 autem

269 2850 382 2917 duces,
398 2847 431 2909 et
458 2847 589 2908 ululare
604 2847 788 2909 exercitum
805 2847 896 2919 dicit,
920 2847 1011 2923 quia,
1027 2848 1064 2908 ut

271 2945 353 3007 dicit
377 2944 558 3021 Gregorius
585 2941 655 3023 (1),
675 2943 832 3015 Quaedam
860 2947 938 3005 aunt
966 2943 1062 3018 vitia,

270 3041 415 3123 quesuh
431 3041 572 3120 quadam
585 3040 715 3104 ratione
740 3040 843 3102 menti
862 3040 1007 3118 deceptae
1029 3056 1064 3104 se

269 3140 433 3217 mergunt,
454 3142 488 3201 et
509 3139 557 3200 ita
585 3138 741 3200 dicuntur
771 3139 969 3201 exhortari:
987 3139 1065 3201 sunt

268 3239 352 3311 alia,
365 3253 438 3315 quaa
452 3237 494 3298 ad
509 3250 639 3298 omnem
656 3235 823 3298 insaniam
854 3236 1062 3314 pertrahunt,

269 3339 305 3403 et
314 3335 448 3398 bestiali
469 3333 615 3396 elamore
635 3333 851 3397 contundunt.
877 3336 925 3395 ile
951 3333 1065 3397 hocin

268 3429 442 3513 canticis(
465 3428 529 3510 ‚i):
545 3431 686 3494 ‹Nasus
696 3432 775 3495 tuus
793 3431 881 3493 mcut
893 3429 999 3493 turris
1014 3430 1066 3492 Li·

267 3531 358 3604 bani,
368 3545 442 3608 quae
455 3528 715 3606 respiciteontra
727 3530 967 3591 Damascum.»
983 3531 1066 3589 ilar·

268 3633 321 3691 ris
342 3643 402 3705 per
420 3625 661 3699 tortitudinem,
685 3626 719 3691 et
733 3625 868 3687 virtutis
891 3623 1067 3689 celsitudi-

270 3740 346 3787 nem
364 3740 372 3785 :
387 3726 509 3786 Libani
522 3738 582 3801 per
595 3722 731 3785 odorem
741 3721 838 3787 boue
854 3720 951 3787 iamae
964 3743 971 3782 :
982 3724 1065 3789 (luce

275 3820 419 3895 respicit
437 3822 560 3881 contre
584 3823 804 3891 Damascum,
828 3819 885 3896 qui
899 3818 1067 3894 interpre-

273 3918 471 3993 taturpctus
494 3915 686 3994 sanguinis3
712 3915 776 3981 hoo
795 3917 847 3978 est
860 3915 976 3979 contra
992 3914 1067 3977 dia-

269 4014 383 4079 bolum
394 4012 609 4075 insidiantem
622 4013 779 4090 sanguini
796 4013 911 4077 nostro
926 4032 934 4074 =
947 4014 1067 4079 Narnia

271 4111 483 4182 autemdicit,
500 4109 579 4189 quia
594 4109 817 4187 ejusinsidias
833 4109 940 4175 bonus
950 4108 1068 4186 praia-

164 4244 167 4263 ·
269 4214 324 4283 tus
347 4207 543 4289 praesentire
574 4206 672 4273 debet
696 4206 783 4271 siem
807 4222 909 4275 nasus
931 4206 1066 4271 odorem

272 4307 456 4388 praesentit.

313 4405 470 4483 Sequitur
496 4421 505 4460 z
529 4405 738 4469 Erudimtnt.
761 4402 916 4469 naenia
943 4398 989 4481 (6,
1009 4398 1065 4480 8):

272 4505 426 4565 Brudtre
439 4504 647 4572 deramatam,
663 4515 707 4563 nc
718 4501 813 4576 ferte
824 4500 963 4563 recedat
983 4501 1066 4561 ant·

273 4613 333 4661 ma
353 4612 433 4658 mec
453 4598 534 4659 aie.
557 4597 749 4676 Cuiusmodi
770 4596 894 4663 sitista
908 4594 1064 4667 eruditio,

310 4738 353 4810 (l)
368 4737 479 4805 horai,
496 4735 544 4794 lib.
561 4736 654 4795 lililil
675 4737 704 4793 in
716 4752 781 4809 cap.
795 4737 830 4794 :lo
843 4735 906 4804 iob,
926 4750 1006 4793 num.
1020 4736 1065 4793 90.

273 4808 411 4879 Quaedam
424 4815 491 4866 suni
500 4806 579 4874 vitia,
591 4814 646 4866 etc.
659 4809 692 4865 ln
706 4808 772 4866 edit.
790 4808 881 4864 Maur.
894 4807 997 4875 Paria,
1007 4812 1027 4863 t.
1042 4809 1065 4872 l,

274 4881 328 4940 col.
346 4878 424 4947 loeo,
435 4878 472 4935 iia
488 4877 594 4950 iegitur
607 4894 615 4935 :
627 4900 638 4929 ‹
650 4878 743 4935 Prima
759 4877 827 4934 viiia
841 4877 970 4949 decepte
977 4877 1067 4936 macti

274 4951 356 5023 quasi
370 4948 424 5007 sub
439 4946 562 5021 quadam
577 4949 687 5005 ratione
708 4962 740 5005 se
754 4946 893 5015 inserunt,
906 4945 957 5004 sed
980 4947 1064 5002 innu-

274 5036 354 5079 mera
369 5034 433 5092 que
447 5025 614 5090 sepiuntur,
628 5017 697 5075 dnm
712 5017 787 5075 banc
801 5015 838 5074 ad
856 5031 971 5074 omnem
986 5017 1065 5074 insa·

273 5093 353 5220 m
368 5087 546 5163 panianum,
563 5089 645 5162 quasi
667 5087 781 5147 molisii
798 5086 924 5147 chmme
943 5086 1064 5146 coniun-

362 5182 386 5216 Ι.

184 5244 185 5248 ’
322 5232 350 5299 2)
370 5229 471 5290 Verrio
486 5230 583 5288 Graeca
599 5228 686 5295 Lxx,
700 5225 775 5300 apud
790 5226 905 5285 ilierou.

322 5304 352 5371 3)
362 5301 486 5358 limiam.
500 5301 532 5356 in
544 5300 619 5356 titud
632 5315 642 5354 :
655 5299 730 5357 ilcce
741 5313 795 5354 nos
809 5298 859 5354 rei.
875 5312 944 5365 om,
962 5298 1006 5355 ld.

310 5372 351 5443 (t)
415 5368 511 5441 idquid
524 5370 553 5426 iu
567 5369 646 5427 omni
661 5372 779 5441 genere,
796 5375 850 5424 eto.
857 5368 960 5425 Noster
968 5374 1067 5425 aucim

274 5456 331 5498 non
346 5456 381 5498 ex
403 5439 461 5497 ibet
473 5438 521 5498 hic
534 5439 621 5496 verba
654 5437 760 5495 enuina
774 5438 919 5507 bernardi,
942 5437 993 5513 ced
1005 5453 1067 5495 sen·

273 5527 348 5569 sum.
369 5512 501 5592 ¹Celerum
524 5524 619 5581 neque
633 5453 794 5568 ssernardus
805 5516 904 5566 auctor
915 5517 959 5566 est
972 5509 1065 5581 Opus·

274 5581 330 5639 cuii
350 5582 429 5637 crtaii
452 5593 480 5637 ru
502 5579 645 5653 margine,
668 5586 700 5637 ut
715 5584 792 5637 recte
806 5578 952 5640 adnotavit
961 5581 993 5639 P.
1007 5580 1066 5639 lia·

1117 1679 1248 1743 biorum
1268 1681 1304 1742 in
1323 1681 1390 1744 fine
1406 1698 1445 1744 ει
1460 1682 1538 1746 Noli
1563 1682 1710 1758 regibus,
1723 1698 1743 1744 o
1757 1683 1887 1756 lamuel,

1118 1776 1187 1837 noli
1208 1776 1344 1854 regibus
1364 1778 1446 1840 dare
1469 1779 1595 1851 vinum,
1612 1781 1691 1857 quia
1704 1780 1825 1843 nulium
1837 1797 1888 1843 se-

1118 1874 1244 1936 cretum
1260 1874 1389 1946 esttibi
1404 1877 1523 1952 regnat
1537 1876 1684 1940 ebrietas
1695 1875 1887 1956 afflasti,

1117 1970 1163 2051 4).
1180 1971 1317 2034 Talibus
1340 1972 1487 2049 regibus,
1512 1971 1553 2035 de
1568 1973 1688 2051 quihus
1702 1975 1889 2052 praemissum

1117 2069 1178 2140 esi,
1191 2070 1601 2132 nonestdandumvinum
1614 2072 1890 2148 temporalispros·

1118 2166 1281 2242 paritatis,
1292 2166 1379 2232 unde
1390 2167 1608 2236 inebrientur,
1618 2168 1676 2230 sed
1688 2169 1890 2243 austeritatis,

1117 2263 1205 2325 unde
1225 2264 1423 2327 erudiantur
1451 2286 1459 2326 ε
1487 2265 1572 2337 Quia
1592 2265 1722 2330 nuliam
1746 2268 1891 2332 seorehu

1118 2360 1174 2421 ubi
1188 2362 1307 2438 regnat
1317 2360 1478 2438 ebrietas3
1503 2364 1537 2426 et
1555 2363 1584 2423 si
1599 2362 1729 2424 nullum
1743 2362 1891 2424 serratum

1118 2458 1211 2520 nulia
1232 2458 1407 2535 sapientia.
1434 2460 1592 2536 sequitur
1607 2480 1616 2520 ι
1632 2477 1652 2520 a
1670 2461 1721 2522 Ne
1744 2459 1823 2523 terte
1845 2458 1891 2520 bi-

1117 2554 1207 2627 hant,
1233 2558 1267 2618 et
1288 2555 1530 2620 obliviscantur
1547 2557 1764 2633 judiciorum,
1787 2559 1891 2620 etmu-

1119 2654 1188 2714 teut
1201 2669 1336 2715 causam
1352 2654 1496 2716 illiorum
1512 2655 1695 2732 pauperis»
1708 2654 1783 2734 (ib,
1793 2655 1841 2722 31.
1852 2651 1889 2730 5).

1119 2749 1210 2821 Quod
1234 2750 1334 2813 hodie
1361 2750 1429 2813 iit:
1455 2753 1600 2827 Maiores
1628 2751 1719 2815 enim
1754 2748 1893 2812 inebriaui

1118 2846 1357 2924 temporalibus
1380 2847 1622 2912 obliviscuntur
1642 2845 1894 2925 judiciorumct

1119 2944 1316 3007 subvertunt
1363 2959 1501 3008 eausam
1545 2944 1691 3008 tiliorum
1730 2957 1896 3022 pauperum

1119 3040 1253 3105 Christi.
1269 3039 1364 3104 Unde
1379 3041 1484 3107 isaias
1499 3037 1564 3120 (28,
1579 3038 1614 3120 7)
1631 3061 1639 3103 ε
1655 3037 1896 3112 «Sacerdoset

1119 3137 1286 3216 Propheta
1315 3138 1511 3201 nescierunt
1541 3153 1611 3215 prm
1643 3138 1815 3210 ebrietate,
1844 3134 1895 3198 ab·

1119 3235 1295 3312 soptisunt
1320 3250 1340 3297 a
1360 3236 1452 3306 vinc,
1477 3235 1675 3299 erraverunt
1688 3237 1725 3299 in
1739 3234 1895 3302 ebrietate,

1120 3331 1311 3395 nescimunt
1332 3329 1510 3399 uidentem,
1536 3331 1669 3395 »ilium
1690 3332 1828 3404 scilicet,
1848 3327 1897 3406 qui

1119 3427 1414 3491 dixitNathanaeii
1429 3428 1640 3501 :Antequam
1650 3441 1746 3491 araca
1756 3431 1817 3489 sard
1828 3427 1897 3498 lica,

1119 3527 1233 3588 vidite
1244 3523 1549 3605 (7)‚etipsiputaut
1560 3523 1602 3585 ab
1614 3539 1655 3587 eo
1667 3540 1736 3587 non
1749 3522 1900 3587 siderilit

1119 3619 1361 3700 tenebrosior,
1378 3618 1430 3699 11)
1447 3620 1607 3683 :ahitusi
1622 3621 1704 3683 estis
1717 3621 1803 3684 sicut
1814 3616 1900 3683 rituli

1120 3735 1222 3797 super
1244 3718 1392 3783 herbam.
1419 3734 1438 3778 »
1463 3717 1687 3783 Effunduntur
1701 3718 1811 3790 vituli,
1825 3714 1900 3777 idest

1120 3817 1200 3878 maii
1213 3816 1343 3893 praelati
1366 3831 1426 3893 per
1441 3830 1581 3892 pravum
1604 3815 1794 3893 exemplam
1811 3811 1902 3875 lasci·

1120 3914 1247 3977 vientes
1271 3914 1308 3975 ut
1332 3912 1429 3975 vituli
1453 3927 1557 3988 super
1579 3910 1719 3975 berham
1742 3913 1900 3989 tempora·

1121 4011 1217 4072 lium:
1226 4010 1269 4071 iri
1279 4010 1442 4086 mapalis
1450 4009 1540 4071 crem
1551 4009 1668 4080 taem
1681 4011 1761 4085 quia
1772 4004 1902 4070 subditis

1120 4107 1249 4170 ieroces
1261 4121 1297 4168 se
1312 4105 1481 4177 exhibent,
1498 4107 1532 4168 et
1544 4104 1715 4168 terribiles
1728 4105 1799 4167 iliis
1818 4101 1901 4165 nunt

1122 4205 1302 4282 sequeitur:
1319 4202 1497 4265 «Confusa
1519 4202 1570 4265 est
1594 4204 1703 4265 mater
1723 4204 1836 4265 restra
1855 4198 1905 4260 ni·

1121 4302 1195 4374 mis,
1209 4301 1425 4378 etadaequata
1439 4299 1582 4377 pulveri,
1602 4314 1677 4377 quaa
1688 4300 1907 4375 genuinos.»

1122 4398 1233 4479 (ibid,
1258 4396 1323 4477 12.)
1345 4396 1565 4461 contunditur
1593 4397 1689 4473 quasi
1713 4397 1750 4459 in
1773 4397 1825 4459 eis
1844 4408 1909 4455 ma·

1120 4500 1172 4561 ter
1184 4496 1344 4564 Ecclesia,
1368 4494 1564 4571 adaquatur
1584 4493 1631 4556 ita
1643 4495 1680 4555 ut
1687 4495 1760 4570 jam
1771 4508 1841 4557 non
1851 4490 1909 4552 ha-

1120 4594 1196 4657 beat
1216 4592 1357 4671 lapides,
1375 4592 1432 4671 qui
1453 4590 1662 4655 aedificentur
1679 4590 1717 4651 in
1732 4590 1909 4653 &alesiam

1120 4733 1264 4800 billonius,
1283 4732 1339 4790 voi.
1356 4733 1397 4789 lli
1418 4732 1542 4803 Operum
1562 4729 1654 4786 mucii
1680 4728 1833 4793 herrardi.
1847 4726 1909 4785 edit.

1121 4804 1222 4871 Paria,
1239 4804 1267 4860 in
1283 4802 1485 4861 admonitione
1499 4800 1615 4873 previa,
1632 4806 1698 4870 post
1712 4801 1769 4856 cot
1787 4801 1849 4868 295,
1865 4795 1909 4879 aad

1120 4873 1272 4932 Gauiridus
1292 4872 1428 4931 bernardi
1446 4870 1612 4943 discipulus,
1630 4870 1679 4941 qui
1701 4869 1771 4928 iliud
1784 4884 1821 4927 ex
1834 4880 1913 4926 vana

1121 4944 1249 5017 eiusdem
1265 4943 1356 5001 sancii
1369 4941 1553 5001 sermonibus
1567 4941 1724 5009 conexuit,
1738 4942 1781 4998 uti
1795 4943 1858 5014 ipse
1870 4954 1910 4997 as·

1121 5016 1189 5072 serit
1203 5015 1284 5073 initio
1297 5013 1423 5085 Prolcgi.

1156 5087 1197 5154 (ὅ)
1216 5086 1297 5142 Deest
1312 5101 1322 5140 .·
1336 5083 1475 5141 laborant.
1485 5082 1564 5139 Paci,
1580 5080 1625 5149 il,
1638 5078 1666 5139 t.

1157 5156 1198 5225 (6)
1209 5157 1281 5224 Quia
1295 5169 1352 5212 uon
1361 5168 1450 5229 poena
1460 5154 1615 5235 istiusete.
1630 5150 1809 5233 Bernartius,
1817 5150 1913 5211 Senis

1121 5227 1150 5284 in
1164 5227 1279 5285 Cantica
1303 5224 1409 5281 babet:
1430 5224 1483 5292 Qui
1506 5237 1535 5279 iu
1560 5221 1658 5279 labore
1683 5220 1841 5280 hommum
1862 5233 1912 5277 non

1120 5305 1198 5366 suni,
1216 5298 1244 5353 in
1268 5294 1365 5353 labore
1383 5294 1545 5352 demonum
1623 5289 1699 5348 tecto
1722 5301 1822 5352 munt
1847 5290 1913 5351 ntia

1121 5369 1211 5426 liaur.
1226 5367 1329 5434 Paris,
1340 5366 1397 5423 voi.
1411 5368 1434 5433 i,
1445 5364 1500 5421 ccl.
1518 5363 1569 5420 idi
1589 5377 1693 5429 ,num
1712 5363 1760 5421 io.

1157 5438 1199 5510 (7)
1223 5439 1304 5508 Vota.
1321 5437 1488 5563 Priusiffiam
1504 5441 1532 5492 te
1543 5432 1836 5506 Phiiippusvocaret,
1855 5446 1912 5491 cum

1121 5523 1202 5567 esses
1214 5507 1267 5566 suh
1281 5510 1397 5577 locun,
1451 5546 1458 5562 .
