<?xml version="1.0" encoding="UTF-8"?>
<!DOCTYPE html PUBLIC "-//W3C//DTD XHTML 1.0 Transitional//EN"
    "http://www.w3.org/TR/xhtml1/DTD/xhtml1-transitional.dtd">
<html xmlns="http://www.w3.org/1999/xhtml" xml:lang="en" lang="en">
 <head>
  <title>
</title>
<meta http-equiv="Content-Type" content="text/html;charset=utf-8" />
  <meta name='ocr-system' content='tesseract 3.04.00' />
  <meta name='ocr-capabilities' content='ocr_page ocr_carea ocr_par ocr_line ocrx_word'/>
</head>
<body>
  <div class='ocr_page' id='page_1' title='image "./mediiaevibiblio09bottgoog_0467.png"; bbox 0 0 3950 6200; ppageno 0'>
   <div class='ocr_carea' id='block_1_1' title="bbox 456 322 1723 406">
    <p class='ocr_par' dir='ltr' id='par_1_1' title="bbox 456 322 1723 406">
     <span class='ocr_line' id='line_1_1' title="bbox 456 322 1723 406; baseline 0 -2"><span class='ocrx_word' id='word_1_1' title='bbox 456 342 565 405; x_wconf 74' lang='lat' dir='ltr'>rans</span> <span class='ocrx_word' id='word_1_2' title='bbox 595 343 741 406; x_wconf 78' lang='grc'><strong>1111111.</strong></span> <span class='ocrx_word' id='word_1_3' title='bbox 761 373 802 389; x_wconf 94' lang='grc'><strong>-</strong></span> <span class='ocrx_word' id='word_1_4' title='bbox 821 322 1042 405; x_wconf 83' lang='lat' dir='ltr'>nxrosrrio</span> <span class='ocrx_word' id='word_1_5' title='bbox 1070 343 1116 403; x_wconf 84' lang='grc'>111</span> <span class='ocrx_word' id='word_1_6' title='bbox 1144 342 1347 405; x_wconf 77' lang='lat' dir='ltr'>renunes.</span> <span class='ocrx_word' id='word_1_7' title='bbox 1663 341 1723 404; x_wconf 80' lang='lat' dir='ltr'>aaa</span> 
     </span>
    </p>
   </div>
   <div class='ocr_carea' id='block_1_2' title="bbox 92 499 1758 2325">
    <p class='ocr_par' dir='ltr' id='par_1_2' title="bbox 93 499 1728 1452">
     <span class='ocr_line' id='line_1_2' title="bbox 99 499 1725 580; baseline -0.004 -10"><span class='ocrx_word' id='word_1_8' title='bbox 99 521 147 570; x_wconf 86' lang='lat' dir='ltr'>aua</span> <span class='ocrx_word' id='word_1_9' title='bbox 160 518 330 580; x_wconf 82' lang='lat' dir='ltr'>nunquam</span> <span class='ocrx_word' id='word_1_10' title='bbox 342 517 463 579; x_wconf 90' lang='lat' dir='ltr'>capere</span> <span class='ocrx_word' id='word_1_11' title='bbox 475 503 597 579; x_wconf 87' lang='lat' dir='ltr'>posset,</span> <span class='ocrx_word' id='word_1_12' title='bbox 612 517 672 579; x_wconf 89' lang='lat' dir='ltr'>per</span> <span class='ocrx_word' id='word_1_13' title='bbox 682 518 761 565; x_wconf 89' lang='lat' dir='ltr'>suos</span> <span class='ocrx_word' id='word_1_14' title='bbox 774 518 876 566; x_wconf 88' lang='lat' dir='ltr'>canes</span> <span class='ocrx_word' id='word_1_15' title='bbox 931 499 1073 577; x_wconf 88' lang='lat' dir='ltr'>erigitur</span> <span class='ocrx_word' id='word_1_16' title='bbox 1105 500 1216 577; x_wconf 87' lang='lat' dir='ltr'>pulvis</span> <span class='ocrx_word' id='word_1_17' title='bbox 1248 514 1424 563; x_wconf 87' lang='lat' dir='ltr'>excaecans</span> <span class='ocrx_word' id='word_1_18' title='bbox 1452 501 1567 564; x_wconf 88' lang='lat' dir='ltr'>oculos</span> <span class='ocrx_word' id='word_1_19' title='bbox 1592 501 1725 576; x_wconf 90' lang='lat' dir='ltr'>mentis,</span> 
     </span>
     <span class='ocr_line' id='line_1_3' title="bbox 97 597 1728 676; baseline -0.003 -11"><span class='ocrx_word' id='word_1_20' title='bbox 97 601 253 665; x_wconf 87' lang='lat' dir='ltr'>venaticos</span> <span class='ocrx_word' id='word_1_21' title='bbox 268 601 369 676; x_wconf 81' lang='lat' dir='ltr'><strong>capit.</strong></span> <span class='ocrx_word' id='word_1_22' title='bbox 388 599 481 661; x_wconf 91' lang='lat' dir='ltr'>Unde</span> <span class='ocrx_word' id='word_1_23' title='bbox 492 615 543 662; x_wconf 91' lang='lat' dir='ltr'>vae</span> <span class='ocrx_word' id='word_1_24' title='bbox 557 598 696 661; x_wconf 89' lang='lat' dir='ltr'>canibus</span> <span class='ocrx_word' id='word_1_25' title='bbox 711 600 874 662; x_wconf 86' lang='lat' dir='ltr'>venaticis</span> <span class='ocrx_word' id='word_1_26' title='bbox 931 597 1009 674; x_wconf 90' lang='lat' dir='ltr'>quia</span> <span class='ocrx_word' id='word_1_27' title='bbox 1034 597 1187 674; x_wconf 90' lang='lat' dir='ltr'>exemplo</span> <span class='ocrx_word' id='word_1_28' title='bbox 1214 597 1305 672; x_wconf 88' lang='lat' dir='ltr'>vitae,</span> <span class='ocrx_word' id='word_1_29' title='bbox 1330 597 1364 660; x_wconf 91' lang='lat' dir='ltr'>et</span> <span class='ocrx_word' id='word_1_30' title='bbox 1384 599 1639 663; x_wconf 87' lang='lat' dir='ltr'>conversatione</span> <span class='ocrx_word' id='word_1_31' title='bbox 1662 599 1728 661; x_wconf 91' lang='lat' dir='ltr'>ali-</span> 
     </span>
     <span class='ocr_line' id='line_1_4' title="bbox 96 694 1728 786; baseline -0.004 -25"><span class='ocrx_word' id='word_1_32' title='bbox 96 699 218 768; x_wconf 86' lang='lat' dir='ltr'>diaboli,</span> <span class='ocrx_word' id='word_1_33' title='bbox 235 697 412 774; x_wconf 88' lang='lat' dir='ltr'>quimagis</span> <span class='ocrx_word' id='word_1_34' title='bbox 428 696 557 768; x_wconf 80' lang='lat' dir='ltr'><strong>nocent,</strong></span> <span class='ocrx_word' id='word_1_35' title='bbox 573 697 875 773; x_wconf 78' lang='lat' dir='ltr'>quamips&#39;evena-</span> <span class='ocrx_word' id='word_1_36' title='bbox 931 697 1026 771; x_wconf 78' lang='lat' dir='ltr'>quus</span> <span class='ocrx_word' id='word_1_37' title='bbox 1059 694 1193 786; x_wconf 84' lang='lat' dir='ltr'>superbi</span> <span class='ocrx_word' id='word_1_38' title='bbox 1232 694 1356 771; x_wconf 90' lang='lat' dir='ltr'>aliquis</span> <span class='ocrx_word' id='word_1_39' title='bbox 1392 697 1627 772; x_wconf 83' lang='lat' dir='ltr'>corrumpitur.</span> <span class='ocrx_word' id='word_1_40' title='bbox 1662 699 1728 758; x_wconf 90' lang='lat' dir='ltr'>Per</span> 
     </span>
     <span class='ocr_line' id='line_1_5' title="bbox 94 790 1726 870; baseline -0.002 -11"><span class='ocrx_word' id='word_1_41' title='bbox 94 801 136 860; x_wconf 91' lang='lat' dir='ltr'>tor</span> <span class='ocrx_word' id='word_1_42' title='bbox 158 794 328 868; x_wconf 81' lang='lat' dir='ltr'>diabolus3</span> <span class='ocrx_word' id='word_1_43' title='bbox 349 795 391 855; x_wconf 82' lang='lat' dir='ltr'>et</span> <span class='ocrx_word' id='word_1_44' title='bbox 412 794 488 856; x_wconf 91' lang='lat' dir='ltr'>ideo</span> <span class='ocrx_word' id='word_1_45' title='bbox 514 793 616 855; x_wconf 87' lang='lat' dir='ltr'>alieni</span> <span class='ocrx_word' id='word_1_46' title='bbox 645 794 812 867; x_wconf 88' lang='lat' dir='ltr'>dicuntur,</span> <span class='ocrx_word' id='word_1_47' title='bbox 834 794 877 856; x_wconf 92' lang='lat' dir='ltr'>de</span> <span class='ocrx_word' id='word_1_48' title='bbox 930 791 1070 868; x_wconf 81' lang='lat' dir='ltr'>equites,</span> <span class='ocrx_word' id='word_1_49' title='bbox 1084 790 1310 867; x_wconf 86' lang='lat' dir='ltr'>etqnadrigas</span> <span class='ocrx_word' id='word_1_50' title='bbox 1330 790 1567 855; x_wconf 81' lang='lat' dir='ltr'>abundantiam</span> <span class='ocrx_word' id='word_1_51' title='bbox 1593 795 1726 870; x_wconf 92' lang='lat' dir='ltr'>tempo·</span> 
     </span>
     <span class='ocr_line' id='line_1_6' title="bbox 96 887 1728 971; baseline 0 -19"><span class='ocrx_word' id='word_1_52' title='bbox 96 892 204 971; x_wconf 79' lang='lat' dir='ltr'>quibus</span> <span class='ocrx_word' id='word_1_53' title='bbox 218 891 358 952; x_wconf 89' lang='lat' dir='ltr'>liberari</span> <span class='ocrx_word' id='word_1_54' title='bbox 377 891 460 968; x_wconf 90' lang='lat' dir='ltr'>petit</span> <span class='ocrx_word' id='word_1_55' title='bbox 479 890 656 952; x_wconf 89' lang='lat' dir='ltr'>Psalmista</span> <span class='ocrx_word' id='word_1_56' title='bbox 672 890 785 952; x_wconf 90' lang='lat' dir='ltr'>dicens</span> <span class='ocrx_word' id='word_1_57' title='bbox 803 912 810 951; x_wconf 77' lang='grc' dir='ltr'><strong>ε</strong></span> <span class='ocrx_word' id='word_1_58' title='bbox 826 893 877 952; x_wconf 84' lang='lat' dir='ltr'>Ab</span> <span class='ocrx_word' id='word_1_59' title='bbox 930 888 1052 949; x_wconf 85' lang='lat' dir='ltr'>ratium</span> <span class='ocrx_word' id='word_1_60' title='bbox 1089 887 1320 963; x_wconf 81' lang='lat' dir='ltr'>intelligimus.</span> <span class='ocrx_word' id='word_1_61' title='bbox 1358 891 1423 950; x_wconf 91' lang='lat' dir='ltr'>Per</span> <span class='ocrx_word' id='word_1_62' title='bbox 1459 889 1602 966; x_wconf 85' lang='lat' dir='ltr'>quatuor</span> <span class='ocrx_word' id='word_1_63' title='bbox 1634 891 1728 952; x_wconf 85' lang='lat' dir='ltr'>rotas</span> 
     </span>
     <span class='ocr_line' id='line_1_7' title="bbox 95 984 1728 1065; baseline -0.004 -12"><span class='ocrx_word' id='word_1_64' title='bbox 95 990 205 1053; x_wconf 80' lang='lat' dir='ltr'>olienis</span> <span class='ocrx_word' id='word_1_65' title='bbox 221 995 329 1061; x_wconf 81' lang='lat' dir='ltr'>parde</span> <span class='ocrx_word' id='word_1_66' title='bbox 345 1001 449 1049; x_wconf 83' lang='lat' dir='ltr'>aereo</span> <span class='ocrx_word' id='word_1_67' title='bbox 474 988 552 1059; x_wconf 82' lang='lat' dir='ltr'>ine;</span> <span class='ocrx_word' id='word_1_68' title='bbox 566 987 600 1049; x_wconf 93' lang='lat' dir='ltr'>et</span> <span class='ocrx_word' id='word_1_69' title='bbox 622 988 670 1048; x_wconf 85' lang='lat' dir='ltr'>sic</span> <span class='ocrx_word' id='word_1_70' title='bbox 692 988 799 1065; x_wconf 88' lang='lat' dir='ltr'>possit</span> <span class='ocrx_word' id='word_1_71' title='bbox 819 987 875 1048; x_wconf 92' lang='lat' dir='ltr'>di·</span> <span class='ocrx_word' id='word_1_72' title='bbox 931 986 1074 1062; x_wconf 87' lang='lat' dir='ltr'>quatuor</span> <span class='ocrx_word' id='word_1_73' title='bbox 1093 985 1254 1060; x_wconf 86' lang='lat' dir='ltr'>tempora,</span> <span class='ocrx_word' id='word_1_74' title='bbox 1271 984 1390 1061; x_wconf 89' lang='lat' dir='ltr'>quibus</span> <span class='ocrx_word' id='word_1_75' title='bbox 1414 985 1510 1062; x_wconf 85' lang='lat' dir='ltr'>quasi</span> <span class='ocrx_word' id='word_1_76' title='bbox 1527 987 1610 1050; x_wconf 88' lang='lat' dir='ltr'>rotis</span> <span class='ocrx_word' id='word_1_77' title='bbox 1631 987 1728 1049; x_wconf 89' lang='lat' dir='ltr'>vehi-</span> 
     </span>
     <span class='ocr_line' id='line_1_8' title="bbox 96 1080 1727 1161; baseline -0.002 -13"><span class='ocrx_word' id='word_1_78' title='bbox 96 1101 160 1148; x_wconf 88' lang='lat' dir='ltr'>cere</span> <span class='ocrx_word' id='word_1_79' title='bbox 184 1105 193 1144; x_wconf 82' lang='grc'>1</span> <span class='ocrx_word' id='word_1_80' title='bbox 218 1087 325 1146; x_wconf 89' lang='lat' dir='ltr'>Parce</span> <span class='ocrx_word' id='word_1_81' title='bbox 354 1098 373 1145; x_wconf 86' lang='lat' dir='ltr'>e</span> <span class='ocrx_word' id='word_1_82' title='bbox 393 1082 531 1145; x_wconf 87' lang='lat' dir='ltr'>canibus</span> <span class='ocrx_word' id='word_1_83' title='bbox 552 1083 646 1156; x_wconf 92' lang='lat' dir='ltr'>mihi,</span> <span class='ocrx_word' id='word_1_84' title='bbox 670 1085 748 1161; x_wconf 86' lang='lat' dir='ltr'>quia</span> <span class='ocrx_word' id='word_1_85' title='bbox 773 1100 878 1147; x_wconf 88' lang='lat' dir='ltr'>vena·</span> <span class='ocrx_word' id='word_1_86' title='bbox 930 1082 985 1143; x_wconf 88' lang='lat' dir='ltr'>tur</span> <span class='ocrx_word' id='word_1_87' title='bbox 1009 1080 1212 1142; x_wconf 87' lang='lat' dir='ltr'>abundantia</span> <span class='ocrx_word' id='word_1_88' title='bbox 1245 1081 1449 1157; x_wconf 88' lang='lat' dir='ltr'>temporalis.</span> <span class='ocrx_word' id='word_1_89' title='bbox 1473 1083 1521 1143; x_wconf 83' lang='lat' dir='ltr'>Ad</span> <span class='ocrx_word' id='word_1_90' title='bbox 1553 1084 1727 1160; x_wconf 82' lang='lat' dir='ltr'>strepitum</span> 
     </span>
     <span class='ocr_line' id='line_1_9' title="bbox 95 1176 1726 1259; baseline -0.004 -13"><span class='ocrx_word' id='word_1_91' title='bbox 95 1187 189 1246; x_wconf 90' lang='lat' dir='ltr'>torem</span> <span class='ocrx_word' id='word_1_92' title='bbox 209 1196 277 1242; x_wconf 90' lang='lat' dir='ltr'>non</span> <span class='ocrx_word' id='word_1_93' title='bbox 298 1181 411 1253; x_wconf 89' lang='lat' dir='ltr'>timeo,</span> <span class='ocrx_word' id='word_1_94' title='bbox 435 1180 513 1258; x_wconf 84' lang='lat' dir='ltr'>quia</span> <span class='ocrx_word' id='word_1_95' title='bbox 544 1179 586 1240; x_wconf 90' lang='lat' dir='ltr'>ab</span> <span class='ocrx_word' id='word_1_96' title='bbox 612 1181 685 1258; x_wconf 91' lang='lat' dir='ltr'>ipso</span> <span class='ocrx_word' id='word_1_97' title='bbox 707 1196 876 1259; x_wconf 90' lang='lat' dir='ltr'>nunquam</span> <span class='ocrx_word' id='word_1_98' title='bbox 930 1176 1058 1253; x_wconf 86' lang='lat' dir='ltr'>gloriae,</span> <span class='ocrx_word' id='word_1_99' title='bbox 1084 1177 1118 1239; x_wconf 93' lang='lat' dir='ltr'>et</span> <span class='ocrx_word' id='word_1_100' title='bbox 1142 1176 1356 1238; x_wconf 76' lang='lat' dir='ltr'>abundantiae</span> <span class='ocrx_word' id='word_1_101' title='bbox 1380 1177 1552 1239; x_wconf 86' lang='lat' dir='ltr'>saecularis</span> <span class='ocrx_word' id='word_1_102' title='bbox 1576 1195 1726 1240; x_wconf 90' lang='lat' dir='ltr'>commo-</span> 
     </span>
     <span class='ocr_line' id='line_1_10' title="bbox 95 1274 1727 1356; baseline -0.002 -14"><span class='ocrx_word' id='word_1_103' title='bbox 95 1292 233 1356; x_wconf 83' lang='lat' dir='ltr'>mperer,</span> <span class='ocrx_word' id='word_1_104' title='bbox 269 1277 336 1337; x_wconf 88' lang='lat' dir='ltr'>nisi</span> <span class='ocrx_word' id='word_1_105' title='bbox 373 1292 433 1354; x_wconf 94' lang='lat' dir='ltr'>per</span> <span class='ocrx_word' id='word_1_106' title='bbox 466 1293 586 1339; x_wconf 89' lang='lat' dir='ltr'>canum</span> <span class='ocrx_word' id='word_1_107' title='bbox 615 1278 790 1339; x_wconf 89' lang='lat' dir='ltr'>auxilium.</span> <span class='ocrx_word' id='word_1_108' title='bbox 822 1277 877 1338; x_wconf 88' lang='lat' dir='ltr'>Sic</span> <span class='ocrx_word' id='word_1_109' title='bbox 930 1275 1051 1336; x_wconf 90' lang='lat' dir='ltr'>ventur</span> <span class='ocrx_word' id='word_1_110' title='bbox 1073 1275 1173 1347; x_wconf 90' lang='lat' dir='ltr'>muri,</span> <span class='ocrx_word' id='word_1_111' title='bbox 1200 1274 1286 1335; x_wconf 90' lang='lat' dir='ltr'>idest</span> <span class='ocrx_word' id='word_1_112' title='bbox 1299 1274 1452 1343; x_wconf 88' lang='lat' dir='ltr'>virtuosi,</span> <span class='ocrx_word' id='word_1_113' title='bbox 1466 1275 1524 1351; x_wconf 86' lang='lat' dir='ltr'>qui</span> <span class='ocrx_word' id='word_1_114' title='bbox 1547 1291 1584 1336; x_wconf 92' lang='lat' dir='ltr'>se</span> <span class='ocrx_word' id='word_1_115' title='bbox 1605 1275 1727 1338; x_wconf 89' lang='lat' dir='ltr'>debent</span> 
     </span>
     <span class='ocr_line' id='line_1_11' title="bbox 93 1371 1517 1452; baseline -0.005 -14"><span class='ocrx_word' id='word_1_116' title='bbox 93 1391 162 1452; x_wconf 88' lang='lat' dir='ltr'>ergo</span> <span class='ocrx_word' id='word_1_117' title='bbox 202 1374 311 1450; x_wconf 88' lang='lat' dir='ltr'>magis</span> <span class='ocrx_word' id='word_1_118' title='bbox 359 1374 458 1436; x_wconf 89' lang='lat' dir='ltr'>nocet</span> <span class='ocrx_word' id='word_1_119' title='bbox 502 1373 627 1435; x_wconf 88' lang='lat' dir='ltr'>malum</span> <span class='ocrx_word' id='word_1_120' title='bbox 671 1374 874 1451; x_wconf 87' lang='lat' dir='ltr'>exemplum,</span> <span class='ocrx_word' id='word_1_121' title='bbox 931 1372 1431 1447; x_wconf 89' lang='lat' dir='ltr'>opponeremurumprodomo</span> <span class='ocrx_word' id='word_1_122' title='bbox 1447 1371 1517 1433; x_wconf 82' lang='lat' dir='ltr'>Dei.</span> 
     </span>
    </p>

    <p class='ocr_par' dir='ltr' id='par_1_3' title="bbox 92 1466 1758 2325">
     <span class='ocr_line' id='line_1_12' title="bbox 93 1466 1758 1549; baseline -0.002 -17"><span class='ocrx_word' id='word_1_123' title='bbox 93 1488 181 1549; x_wconf 83' lang='lat' dir='ltr'>quam</span> <span class='ocrx_word' id='word_1_124' title='bbox 205 1472 278 1549; x_wconf 90' lang='lat' dir='ltr'>ipse</span> <span class='ocrx_word' id='word_1_125' title='bbox 299 1470 470 1546; x_wconf 87' lang='lat' dir='ltr'>diabolus;</span> <span class='ocrx_word' id='word_1_126' title='bbox 493 1471 678 1548; x_wconf 90' lang='lat' dir='ltr'>praesertim</span> <span class='ocrx_word' id='word_1_127' title='bbox 700 1487 775 1534; x_wconf 89' lang='lat' dir='ltr'>cum</span> <span class='ocrx_word' id='word_1_128' title='bbox 798 1487 876 1532; x_wconf 93' lang='lat' dir='ltr'>cre·</span> <span class='ocrx_word' id='word_1_129' title='bbox 973 1466 1037 1529; x_wconf 87' lang='lat' dir='ltr'>sed</span> <span class='ocrx_word' id='word_1_130' title='bbox 1061 1469 1177 1528; x_wconf 89' lang='lat' dir='ltr'>contra</span> <span class='ocrx_word' id='word_1_131' title='bbox 1200 1467 1311 1528; x_wconf 89' lang='lat' dir='ltr'>omnia</span> <span class='ocrx_word' id='word_1_132' title='bbox 1329 1467 1394 1529; x_wconf 87' lang='lat' dir='ltr'>ista</span> <span class='ocrx_word' id='word_1_133' title='bbox 1408 1468 1577 1528; x_wconf 86' lang='lat' dir='ltr'>munimur</span> <span class='ocrx_word' id='word_1_134' title='bbox 1602 1468 1727 1545; x_wconf 89' lang='lat' dir='ltr'>triplici</span> <span class='ocrx_word' id='word_1_135' title='bbox 1755 1483 1758 1492; x_wconf 84' lang='grc'><em>·</em></span> 
     </span>
     <span class='ocr_line' id='line_1_13' title="bbox 93 1563 1725 1645; baseline -0.001 -16"><span class='ocrx_word' id='word_1_136' title='bbox 93 1568 163 1630; x_wconf 87' lang='lat' dir='ltr'>dant</span> <span class='ocrx_word' id='word_1_137' title='bbox 199 1568 364 1642; x_wconf 90' lang='lat' dir='ltr'>homines,</span> <span class='ocrx_word' id='word_1_138' title='bbox 403 1567 489 1645; x_wconf 90' lang='lat' dir='ltr'>qnod</span> <span class='ocrx_word' id='word_1_139' title='bbox 534 1567 712 1630; x_wconf 89' lang='lat' dir='ltr'>vivendum</span> <span class='ocrx_word' id='word_1_140' title='bbox 752 1568 796 1629; x_wconf 90' lang='lat' dir='ltr'>sit</span> <span class='ocrx_word' id='word_1_141' title='bbox 834 1567 877 1629; x_wconf 90' lang='lat' dir='ltr'>ad</span> <span class='ocrx_word' id='word_1_142' title='bbox 933 1564 1086 1635; x_wconf 87' lang='lat' dir='ltr'>consilio,</span> <span class='ocrx_word' id='word_1_143' title='bbox 1100 1563 1153 1626; x_wconf 90' lang='lat' dir='ltr'>vel</span> <span class='ocrx_word' id='word_1_144' title='bbox 1167 1564 1306 1638; x_wconf 88' lang='lat' dir='ltr'>anxilio,</span> <span class='ocrx_word' id='word_1_145' title='bbox 1334 1564 1374 1625; x_wconf 91' lang='lat' dir='ltr'>de</span> <span class='ocrx_word' id='word_1_146' title='bbox 1396 1565 1601 1641; x_wconf 84' lang='lat' dir='ltr'>quoauxilio</span> <span class='ocrx_word' id='word_1_147' title='bbox 1617 1565 1725 1627; x_wconf 89' lang='lat' dir='ltr'>habe·</span> 
     </span>
     <span class='ocr_line' id='line_1_14' title="bbox 94 1660 1725 1742; baseline -0.002 -15"><span class='ocrx_word' id='word_1_148' title='bbox 94 1665 281 1741; x_wconf 89' lang='lat' dir='ltr'>exemplum.</span> <span class='ocrx_word' id='word_1_149' title='bbox 302 1667 350 1726; x_wconf 88' lang='lat' dir='ltr'>Ita</span> <span class='ocrx_word' id='word_1_150' title='bbox 372 1665 417 1725; x_wconf 87' lang='lat' dir='ltr'>de</span> <span class='ocrx_word' id='word_1_151' title='bbox 443 1664 634 1741; x_wconf 88' lang='lat' dir='ltr'>supradicta</span> <span class='ocrx_word' id='word_1_152' title='bbox 661 1664 784 1742; x_wconf 85' lang='lat' dir='ltr'>duplici</span> <span class='ocrx_word' id='word_1_153' title='bbox 807 1666 878 1727; x_wconf 89' lang='lat' dir='ltr'>ten·</span> <span class='ocrx_word' id='word_1_154' title='bbox 932 1677 1006 1722; x_wconf 91' lang='lat' dir='ltr'>mus</span> <span class='ocrx_word' id='word_1_155' title='bbox 1032 1662 1067 1722; x_wconf 92' lang='lat' dir='ltr'>in</span> <span class='ocrx_word' id='word_1_156' title='bbox 1091 1661 1239 1723; x_wconf 87' lang='lat' dir='ltr'>Levitico</span> <span class='ocrx_word' id='word_1_157' title='bbox 1262 1660 1326 1740; x_wconf 88' lang='lat'><strong>(17,</strong></span> <span class='ocrx_word' id='word_1_158' title='bbox 1350 1661 1403 1740; x_wconf 89' lang='lat'>15)</span> <span class='ocrx_word' id='word_1_159' title='bbox 1428 1683 1436 1721; x_wconf 89' lang='lat'><strong>:</strong></span> <span class='ocrx_word' id='word_1_160' title='bbox 1462 1679 1480 1722; x_wconf 75' lang='lat' dir='ltr'>c</span> <span class='ocrx_word' id='word_1_161' title='bbox 1501 1663 1725 1739; x_wconf 75' lang='lat' dir='ltr'>animaque</span> 
     </span>
     <span class='ocr_line' id='line_1_15' title="bbox 94 1758 1729 1841; baseline -0.002 -17"><span class='ocrx_word' id='word_1_162' title='bbox 94 1763 210 1824; x_wconf 74' lang='lat' dir='ltr'>ntione</span> <span class='ocrx_word' id='word_1_163' title='bbox 229 1762 353 1823; x_wconf 87' lang='lat' dir='ltr'>dicitur</span> <span class='ocrx_word' id='word_1_164' title='bbox 371 1762 406 1822; x_wconf 91' lang='lat' dir='ltr'>in</span> <span class='ocrx_word' id='word_1_165' title='bbox 431 1761 493 1824; x_wconf 87' lang='lat' dir='ltr'>Joh</span> <span class='ocrx_word' id='word_1_166' title='bbox 508 1760 553 1841; x_wconf 80' lang='lat'>(5,</span> <span class='ocrx_word' id='word_1_167' title='bbox 571 1763 622 1835; x_wconf 84' lang='lat'>20,</span> <span class='ocrx_word' id='word_1_168' title='bbox 640 1761 682 1823; x_wconf 90' lang='lat' dir='ltr'>ad</span> <span class='ocrx_word' id='word_1_169' title='bbox 704 1762 759 1840; x_wconf 82' lang='lat'>23)</span> <span class='ocrx_word' id='word_1_170' title='bbox 777 1784 785 1822; x_wconf 87' lang='lat'><strong>:</strong></span> <span class='ocrx_word' id='word_1_171' title='bbox 801 1779 820 1823; x_wconf 74' lang='lat' dir='ltr'>e</span> <span class='ocrx_word' id='word_1_172' title='bbox 839 1764 877 1823; x_wconf 92' lang='lat' dir='ltr'>ln</span> <span class='ocrx_word' id='word_1_173' title='bbox 933 1758 1115 1821; x_wconf 85' lang='lat' dir='ltr'>comederit</span> <span class='ocrx_word' id='word_1_174' title='bbox 1126 1758 1412 1830; x_wconf 90' lang='lat' dir='ltr'>morticinum,vel</span> <span class='ocrx_word' id='word_1_175' title='bbox 1422 1760 1554 1836; x_wconf 90' lang='lat' dir='ltr'>raptum</span> <span class='ocrx_word' id='word_1_176' title='bbox 1568 1759 1729 1839; x_wconf 70' lang='lat' dir='ltr'>(dlahes-</span> 
     </span>
     <span class='ocr_line' id='line_1_16' title="bbox 94 1854 1726 1936; baseline -0.001 -16"><span class='ocrx_word' id='word_1_177' title='bbox 94 1857 168 1920; x_wconf 87' lang='lat' dir='ltr'>bello</span> <span class='ocrx_word' id='word_1_178' title='bbox 180 1860 278 1920; x_wconf 90' lang='lat' dir='ltr'>eruet</span> <span class='ocrx_word' id='word_1_179' title='bbox 290 1857 324 1920; x_wconf 87' lang='lat' dir='ltr'>te</span> <span class='ocrx_word' id='word_1_180' title='bbox 345 1858 385 1920; x_wconf 91' lang='lat' dir='ltr'>de</span> <span class='ocrx_word' id='word_1_181' title='bbox 400 1874 502 1919; x_wconf 89' lang='lat' dir='ltr'>manu</span> <span class='ocrx_word' id='word_1_182' title='bbox 524 1859 640 1935; x_wconf 85' lang='lat' dir='ltr'>gladii,</span> <span class='ocrx_word' id='word_1_183' title='bbox 658 1860 722 1922; x_wconf 82' lang='lat' dir='ltr'>eta</span> <span class='ocrx_word' id='word_1_184' title='bbox 743 1859 877 1936; x_wconf 86' lang='lat' dir='ltr'>fiagello</span> <span class='ocrx_word' id='word_1_185' title='bbox 931 1856 990 1929; x_wconf 88' lang='lat' dir='ltr'>tia,</span> <span class='ocrx_word' id='word_1_186' title='bbox 1005 1855 1131 1917; x_wconf 89' lang='lat' dir='ltr'>lavabit</span> <span class='ocrx_word' id='word_1_187' title='bbox 1144 1855 1341 1917; x_wconf 86' lang='lat' dir='ltr'>vestimenta</span> <span class='ocrx_word' id='word_1_188' title='bbox 1361 1871 1434 1927; x_wconf 88' lang='lat' dir='ltr'>sua,</span> <span class='ocrx_word' id='word_1_189' title='bbox 1460 1859 1493 1918; x_wconf 91' lang='lat' dir='ltr'>et</span> <span class='ocrx_word' id='word_1_190' title='bbox 1506 1857 1655 1933; x_wconf 76' lang='lat' dir='ltr'>&#39;seipsam</span> <span class='ocrx_word' id='word_1_191' title='bbox 1665 1854 1726 1936; x_wconf 86' lang='lat'>(5),</span> 
     </span>
     <span class='ocr_line' id='line_1_17' title="bbox 94 1953 1729 2035; baseline -0.001 -18"><span class='ocrx_word' id='word_1_192' title='bbox 94 1955 206 2032; x_wconf 82' lang='lat' dir='ltr'>linguae</span> <span class='ocrx_word' id='word_1_193' title='bbox 225 1956 455 2027; x_wconf 87' lang='lat' dir='ltr'>absconderis,</span> <span class='ocrx_word' id='word_1_194' title='bbox 470 1955 610 2018; x_wconf 89' lang='lat' dir='ltr'>bestiam</span> <span class='ocrx_word' id='word_1_195' title='bbox 627 1954 674 2035; x_wconf 87' lang='lat'>(1)</span> <span class='ocrx_word' id='word_1_196' title='bbox 690 1957 788 2019; x_wconf 89' lang='lat' dir='ltr'>terrae</span> <span class='ocrx_word' id='word_1_197' title='bbox 810 1972 877 2017; x_wconf 90' lang='grc'><strong>11011</strong></span> <span class='ocrx_word' id='word_1_198' title='bbox 933 1954 967 2017; x_wconf 92' lang='lat' dir='ltr'>et</span> <span class='ocrx_word' id='word_1_199' title='bbox 992 1953 1163 2014; x_wconf 89' lang='lat' dir='ltr'>immunda</span> <span class='ocrx_word' id='word_1_200' title='bbox 1186 1953 1252 2014; x_wconf 89' lang='lat' dir='ltr'>erit</span> <span class='ocrx_word' id='word_1_201' title='bbox 1271 1969 1376 2030; x_wconf 84' lang='lat' dir='ltr'>usque</span> <span class='ocrx_word' id='word_1_202' title='bbox 1400 1953 1441 2014; x_wconf 87' lang='lat' dir='ltr'>ad</span> <span class='ocrx_word' id='word_1_203' title='bbox 1467 1969 1642 2031; x_wconf 90' lang='lat' dir='ltr'>vesperam</span> <span class='ocrx_word' id='word_1_204' title='bbox 1666 1975 1674 2013; x_wconf 77' lang='grc' dir='ltr'><strong><em>ε</em></strong></span> <span class='ocrx_word' id='word_1_205' title='bbox 1695 1954 1729 2016; x_wconf 87' lang='lat' dir='ltr'>et</span> 
     </span>
     <span class='ocr_line' id='line_1_18' title="bbox 94 2050 1725 2130; baseline -0.001 -17"><span class='ocrx_word' id='word_1_206' title='bbox 94 2051 289 2124; x_wconf 78' lang='lat' dir='ltr'>formidabis,</span> <span class='ocrx_word' id='word_1_207' title='bbox 315 2053 373 2115; x_wconf 87' lang='lat' dir='ltr'>sed</span> <span class='ocrx_word' id='word_1_208' title='bbox 406 2069 481 2115; x_wconf 91' lang='lat' dir='ltr'>cum</span> <span class='ocrx_word' id='word_1_209' title='bbox 511 2053 677 2130; x_wconf 87' lang='lat' dir='ltr'>lapidibus</span> <span class='ocrx_word' id='word_1_210' title='bbox 703 2055 877 2130; x_wconf 90' lang='lat' dir='ltr'>regionum</span> <span class='ocrx_word' id='word_1_211' title='bbox 933 2050 1107 2112; x_wconf 90' lang='lat' dir='ltr'>hocmodo</span> <span class='ocrx_word' id='word_1_212' title='bbox 1129 2050 1389 2112; x_wconf 76' lang='lat' dir='ltr'>mundabitur.»</span> <span class='ocrx_word' id='word_1_213' title='bbox 1408 2053 1474 2111; x_wconf 90' lang='lat' dir='ltr'>Per</span> <span class='ocrx_word' id='word_1_214' title='bbox 1501 2051 1725 2124; x_wconf 89' lang='lat' dir='ltr'>morticinum,</span> 
     </span>
     <span class='ocr_line' id='line_1_19' title="bbox 94 2147 1729 2226; baseline -0.002 -16"><span class='ocrx_word' id='word_1_215' title='bbox 94 2149 214 2225; x_wconf 88' lang='lat' dir='ltr'>pactum</span> <span class='ocrx_word' id='word_1_216' title='bbox 225 2151 330 2221; x_wconf 87' lang='lat' dir='ltr'>tuum,</span> <span class='ocrx_word' id='word_1_217' title='bbox 341 2150 375 2210; x_wconf 91' lang='lat' dir='ltr'>et</span> <span class='ocrx_word' id='word_1_218' title='bbox 384 2148 500 2211; x_wconf 88' lang='lat' dir='ltr'>bestiae</span> <span class='ocrx_word' id='word_1_219' title='bbox 512 2149 610 2211; x_wconf 90' lang='lat' dir='ltr'>terrae</span> <span class='ocrx_word' id='word_1_220' title='bbox 621 2150 769 2226; x_wconf 82' lang='lat' dir='ltr'>pacificae</span> <span class='ocrx_word' id='word_1_221' title='bbox 780 2151 879 2212; x_wconf 90' lang='lat' dir='ltr'>erunt</span> <span class='ocrx_word' id='word_1_222' title='bbox 933 2148 1020 2226; x_wconf 91' lang='lat' dir='ltr'>quod</span> <span class='ocrx_word' id='word_1_223' title='bbox 1034 2163 1095 2224; x_wconf 88' lang='lat' dir='ltr'>per</span> <span class='ocrx_word' id='word_1_224' title='bbox 1109 2148 1254 2224; x_wconf 90' lang='lat' dir='ltr'>seipsum</span> <span class='ocrx_word' id='word_1_225' title='bbox 1279 2148 1430 2215; x_wconf 88' lang='lat' dir='ltr'>moritur,</span> <span class='ocrx_word' id='word_1_226' title='bbox 1455 2148 1586 2209; x_wconf 88' lang='lat' dir='ltr'>occulta</span> <span class='ocrx_word' id='word_1_227' title='bbox 1601 2147 1729 2209; x_wconf 89' lang='lat' dir='ltr'>intelli-</span> 
     </span>
     <span class='ocr_line' id='line_1_20' title="bbox 92 2239 1727 2325; baseline -0.001 -19"><span class='ocrx_word' id='word_1_228' title='bbox 92 2245 629 2325; x_wconf 77' lang='lat' dir='ltr'>tibi.»perbellum,interiore1n;</span> <span class='ocrx_word' id='word_1_229' title='bbox 642 2247 877 2323; x_wconf 84' lang='lat' dir='ltr'>perdagellum</span> <span class='ocrx_word' id='word_1_230' title='bbox 931 2245 1052 2320; x_wconf 86' lang='lat' dir='ltr'>gimus,</span> <span class='ocrx_word' id='word_1_231' title='bbox 1066 2261 1086 2306; x_wconf 96' lang='lat' dir='ltr'>a</span> <span class='ocrx_word' id='word_1_232' title='bbox 1098 2244 1218 2321; x_wconf 86' lang='lat' dir='ltr'>quibus</span> <span class='ocrx_word' id='word_1_233' title='bbox 1231 2246 1313 2320; x_wconf 90' lang='lat' dir='ltr'>petit</span> <span class='ocrx_word' id='word_1_234' title='bbox 1322 2239 1475 2306; x_wconf 90' lang='lat' dir='ltr'>mundari</span> <span class='ocrx_word' id='word_1_235' title='bbox 1486 2245 1663 2307; x_wconf 84' lang='lat' dir='ltr'>Psalmista</span> <span class='ocrx_word' id='word_1_236' title='bbox 1679 2244 1727 2305; x_wconf 92' lang='lat' dir='ltr'>di·</span> 
     </span>
    </p>
   </div>
   <div class='ocr_carea' id='block_1_3' title="bbox 38 2340 878 3391">
    <p class='ocr_par' dir='ltr' id='par_1_4' title="bbox 38 2340 878 3097">
     <span class='ocr_line' id='line_1_21' title="bbox 93 2340 878 2420; baseline 0 -17"><span class='ocrx_word' id='word_1_237' title='bbox 93 2340 218 2418; x_wconf 85' lang='lat' dir='ltr'>lingnae,</span> <span class='ocrx_word' id='word_1_238' title='bbox 239 2343 442 2404; x_wconf 86' lang='lat' dir='ltr'>exteriorem</span> <span class='ocrx_word' id='word_1_239' title='bbox 465 2343 683 2405; x_wconf 86' lang='lat' dir='ltr'>tentationem</span> <span class='ocrx_word' id='word_1_240' title='bbox 712 2344 878 2420; x_wconf 88' lang='lat' dir='ltr'>intelligi-</span> 
     </span>
     <span class='ocr_line' id='line_1_22' title="bbox 93 2438 875 2518; baseline 0.004 -19"><span class='ocrx_word' id='word_1_241' title='bbox 93 2454 175 2513; x_wconf 87' lang='lat' dir='ltr'>mus;</span> <span class='ocrx_word' id='word_1_242' title='bbox 201 2454 263 2515; x_wconf 91' lang='lat' dir='ltr'>per</span> <span class='ocrx_word' id='word_1_243' title='bbox 296 2438 449 2512; x_wconf 85' lang='lat' dir='ltr'>bestiam,</span> <span class='ocrx_word' id='word_1_244' title='bbox 465 2438 652 2512; x_wconf 91' lang='lat' dir='ltr'>diabolum,</span> <span class='ocrx_word' id='word_1_245' title='bbox 678 2440 736 2518; x_wconf 86' lang='lat' dir='ltr'>qui</span> <span class='ocrx_word' id='word_1_246' title='bbox 756 2440 875 2509; x_wconf 89' lang='lat' dir='ltr'>hestia,</span> 
     </span>
     <span class='ocr_line' id='line_1_23' title="bbox 93 2528 878 2615; baseline 0.001 -19"><span class='ocrx_word' id='word_1_247' title='bbox 93 2536 239 2613; x_wconf 67' lang='lat' dir='ltr'>nuquam</span> <span class='ocrx_word' id='word_1_248' title='bbox 247 2528 363 2598; x_wconf 78' lang='lat' dir='ltr'>vastia</span> <span class='ocrx_word' id='word_1_249' title='bbox 373 2533 426 2615; x_wconf 82' lang='lat' dir='ltr'>(t),</span> <span class='ocrx_word' id='word_1_250' title='bbox 435 2537 572 2598; x_wconf 88' lang='lat' dir='ltr'>vastans</span> <span class='ocrx_word' id='word_1_251' title='bbox 580 2537 717 2613; x_wconf 87' lang='lat' dir='ltr'>dicitur;</span> <span class='ocrx_word' id='word_1_252' title='bbox 729 2537 878 2615; x_wconf 88' lang='lat' dir='ltr'>perlapi·</span> 
     </span>
     <span class='ocr_line' id='line_1_24' title="bbox 93 2630 877 2712; baseline 0.006 -21"><span class='ocrx_word' id='word_1_253' title='bbox 93 2630 336 2708; x_wconf 83' lang='lat' dir='ltr'>desregionum,</span> <span class='ocrx_word' id='word_1_254' title='bbox 347 2633 451 2694; x_wconf 87' lang='lat' dir='ltr'>vitam</span> <span class='ocrx_word' id='word_1_255' title='bbox 465 2634 723 2707; x_wconf 87' lang='lat' dir='ltr'>Sanctorum,ad</span> <span class='ocrx_word' id='word_1_256' title='bbox 736 2651 877 2712; x_wconf 91' lang='lat' dir='ltr'>quorum</span> 
     </span>
     <span class='ocr_line' id='line_1_25' title="bbox 93 2727 876 2809; baseline 0.01 -23"><span class='ocrx_word' id='word_1_257' title='bbox 93 2727 334 2791; x_wconf 88' lang='lat' dir='ltr'>similitudinem</span> <span class='ocrx_word' id='word_1_258' title='bbox 352 2730 467 2791; x_wconf 90' lang='lat' dir='ltr'>vivere</span> <span class='ocrx_word' id='word_1_259' title='bbox 487 2729 646 2791; x_wconf 91' lang='lat' dir='ltr'>debemus</span> <span class='ocrx_word' id='word_1_260' title='bbox 665 2732 761 2809; x_wconf 88' lang='lat' dir='ltr'>qnasi</span> <span class='ocrx_word' id='word_1_261' title='bbox 778 2732 876 2809; x_wconf 88' lang='lat' dir='ltr'>pacto</span> 
     </span>
     <span class='ocr_line' id='line_1_26' title="bbox 38 2823 877 2903; baseline 0.007 -19"><span class='ocrx_word' id='word_1_262' title='bbox 38 2893 39 2896; x_wconf 8' lang='grc' dir='ltr'><strong>Ἴ</strong></span> <span class='ocrx_word' id='word_1_263' title='bbox 93 2823 186 2901; x_wconf 74' lang='lat' dir='ltr'>iacto,</span> <span class='ocrx_word' id='word_1_264' title='bbox 201 2842 261 2902; x_wconf 93' lang='lat' dir='ltr'>per</span> <span class='ocrx_word' id='word_1_265' title='bbox 272 2826 398 2889; x_wconf 86' lang='lat' dir='ltr'>bestias</span> <span class='ocrx_word' id='word_1_266' title='bbox 411 2827 579 2903; x_wconf 79' lang='lat' dir='ltr'>pacificas,</span> <span class='ocrx_word' id='word_1_267' title='bbox 593 2828 745 2890; x_wconf 88' lang='lat' dir='ltr'>carnales</span> <span class='ocrx_word' id='word_1_268' title='bbox 758 2843 877 2890; x_wconf 89' lang='lat' dir='ltr'>concn-</span> 
     </span>
     <span class='ocr_line' id='line_1_27' title="bbox 94 2923 875 3001; baseline 0.008 -19"><span class='ocrx_word' id='word_1_269' title='bbox 94 2923 279 2998; x_wconf 87' lang='lat' dir='ltr'>piscentias,</span> <span class='ocrx_word' id='word_1_270' title='bbox 297 2939 372 3001; x_wconf 89' lang='lat' dir='ltr'>quae</span> <span class='ocrx_word' id='word_1_271' title='bbox 396 2925 431 2985; x_wconf 91' lang='lat' dir='ltr'>in</span> <span class='ocrx_word' id='word_1_272' title='bbox 450 2923 546 2986; x_wconf 90' lang='lat' dir='ltr'>nobis</span> <span class='ocrx_word' id='word_1_273' title='bbox 560 2924 744 3001; x_wconf 70' lang='lat' dir='ltr'>pacificate</span> <span class='ocrx_word' id='word_1_274' title='bbox 766 2928 875 3001; x_wconf 87' lang='lat' dir='ltr'>erunt,</span> 
     </span>
     <span class='ocr_line' id='line_1_28' title="bbox 92 3020 774 3097; baseline 0.004 -18"><span class='ocrx_word' id='word_1_275' title='bbox 92 3020 117 3080; x_wconf 89' lang='lat' dir='ltr'>si</span> <span class='ocrx_word' id='word_1_276' title='bbox 130 3020 168 3082; x_wconf 91' lang='lat' dir='ltr'>ad</span> <span class='ocrx_word' id='word_1_277' title='bbox 183 3021 375 3097; x_wconf 90' lang='lat' dir='ltr'>exemplum</span> <span class='ocrx_word' id='word_1_278' title='bbox 395 3022 593 3083; x_wconf 83' lang='lat' dir='ltr'>Sanctorum</span> <span class='ocrx_word' id='word_1_279' title='bbox 608 3022 774 3085; x_wconf 87' lang='lat' dir='ltr'>vivamus.</span> 
     </span>
    </p>

    <p class='ocr_par' dir='ltr' id='par_1_5' title="bbox 93 3118 876 3391">
     <span class='ocr_line' id='line_1_29' title="bbox 126 3118 875 3182; baseline 0.003 -3"><span class='ocrx_word' id='word_1_280' title='bbox 126 3120 169 3179; x_wconf 87' lang='lat' dir='ltr'>De</span> <span class='ocrx_word' id='word_1_281' title='bbox 182 3119 236 3179; x_wconf 88' lang='lat' dir='ltr'>his</span> <span class='ocrx_word' id='word_1_282' title='bbox 250 3120 364 3181; x_wconf 90' lang='lat' dir='ltr'>autem</span> <span class='ocrx_word' id='word_1_283' title='bbox 383 3118 621 3182; x_wconf 80' lang='lat' dir='ltr'>tentationibus</span> <span class='ocrx_word' id='word_1_284' title='bbox 635 3120 768 3181; x_wconf 87' lang='lat' dir='ltr'>dicitur</span> <span class='ocrx_word' id='word_1_285' title='bbox 790 3122 875 3182; x_wconf 85' lang='lat' dir='ltr'>Eze-</span> 
     </span>
     <span class='ocr_line' id='line_1_30' title="bbox 93 3213 876 3299; baseline 0.005 -26"><span class='ocrx_word' id='word_1_286' title='bbox 93 3213 200 3277; x_wconf 84' lang='lat' dir='ltr'>chielis</span> <span class='ocrx_word' id='word_1_287' title='bbox 217 3215 282 3295; x_wconf 77' lang='lat'>(14,</span> <span class='ocrx_word' id='word_1_288' title='bbox 294 3217 332 3276; x_wconf 86' lang='lat'>21</span> <span class='ocrx_word' id='word_1_289' title='bbox 349 3216 382 3278; x_wconf 91' lang='lat' dir='ltr'>et</span> <span class='ocrx_word' id='word_1_290' title='bbox 394 3214 448 3295; x_wconf 78' lang='lat'>22)</span> <span class='ocrx_word' id='word_1_291' title='bbox 464 3215 604 3288; x_wconf 73' lang='lat' dir='ltr'>:eouod</span> <span class='ocrx_word' id='word_1_292' title='bbox 621 3216 804 3299; x_wconf 25' lang='lat' dir='ltr'>sigquatuor</span> <span class='ocrx_word' id='word_1_293' title='bbox 813 3218 876 3294; x_wconf 85' lang='lat' dir='ltr'>ju-</span> 
     </span>
     <span class='ocr_line' id='line_1_31' title="bbox 93 3309 876 3391; baseline 0.008 -21"><span class='ocrx_word' id='word_1_294' title='bbox 93 3309 170 3373; x_wconf 90' lang='lat' dir='ltr'>dicia</span> <span class='ocrx_word' id='word_1_295' title='bbox 182 3328 257 3374; x_wconf 88' lang='lat' dir='ltr'>mea</span> <span class='ocrx_word' id='word_1_296' title='bbox 272 3313 428 3391; x_wconf 88' lang='lat' dir='ltr'>pessima,</span> <span class='ocrx_word' id='word_1_297' title='bbox 440 3313 598 3390; x_wconf 81' lang='lat' dir='ltr'>gladium,</span> <span class='ocrx_word' id='word_1_298' title='bbox 615 3313 737 3386; x_wconf 80' lang='lat' dir='ltr'>famen,</span> <span class='ocrx_word' id='word_1_299' title='bbox 751 3313 876 3376; x_wconf 86' lang='lat' dir='ltr'>bestias</span> 
     </span>
    </p>
   </div>
   <div class='ocr_carea' id='block_1_4' title="bbox 90 3502 911 5131">
    <p class='ocr_par' dir='ltr' id='par_1_6' title="bbox 90 3502 911 5131">
     <span class='ocr_line' id='line_1_32' title="bbox 92 3502 876 3587; baseline 0.006 -22"><span class='ocrx_word' id='word_1_300' title='bbox 92 3502 160 3579; x_wconf 89' lang='lat' dir='ltr'>lem,</span> <span class='ocrx_word' id='word_1_301' title='bbox 174 3508 211 3568; x_wconf 91' lang='lat' dir='ltr'>ut</span> <span class='ocrx_word' id='word_1_302' title='bbox 225 3506 426 3569; x_wconf 83' lang='lat' dir='ltr'>interficiam</span> <span class='ocrx_word' id='word_1_303' title='bbox 448 3508 489 3569; x_wconf 94' lang='lat' dir='ltr'>de</span> <span class='ocrx_word' id='word_1_304' title='bbox 510 3523 551 3569; x_wconf 85' lang='lat' dir='ltr'>ea</span> <span class='ocrx_word' id='word_1_305' title='bbox 569 3506 748 3580; x_wconf 89' lang='lat' dir='ltr'>hominem,</span> <span class='ocrx_word' id='word_1_306' title='bbox 766 3508 799 3570; x_wconf 92' lang='lat' dir='ltr'>et</span> <span class='ocrx_word' id='word_1_307' title='bbox 815 3524 876 3587; x_wconf 90' lang='lat' dir='ltr'>pe·</span> 
     </span>
     <span class='ocr_line' id='line_1_33' title="bbox 92 3603 876 3682; baseline 0.009 -23"><span class='ocrx_word' id='word_1_308' title='bbox 92 3614 145 3661; x_wconf 85' lang='lat' dir='ltr'>cus</span> <span class='ocrx_word' id='word_1_309' title='bbox 155 3618 162 3662; x_wconf 92' lang='lat'>:</span> <span class='ocrx_word' id='word_1_310' title='bbox 173 3604 284 3665; x_wconf 75' lang='grc'><strong>10111011</strong></span> <span class='ocrx_word' id='word_1_311' title='bbox 292 3620 311 3662; x_wconf 67' lang='lat' dir='ltr'>a</span> <span class='ocrx_word' id='word_1_312' title='bbox 320 3603 516 3676; x_wconf 88' lang='lat' dir='ltr'>remanebit,</span> <span class='ocrx_word' id='word_1_313' title='bbox 524 3603 578 3665; x_wconf 90' lang='lat' dir='ltr'>vel</span> <span class='ocrx_word' id='word_1_314' title='bbox 590 3620 609 3664; x_wconf 73' lang='lat' dir='ltr'>e</span> <span class='ocrx_word' id='word_1_315' title='bbox 619 3604 828 3682; x_wconf 87' lang='lat' dir='ltr'>relinquetur</span> <span class='ocrx_word' id='word_1_316' title='bbox 841 3605 876 3666; x_wconf 91' lang='lat' dir='ltr'>in</span> 
     </span>
     <span class='ocr_line' id='line_1_34' title="bbox 92 3699 876 3778; baseline 0.008 -22"><span class='ocrx_word' id='word_1_317' title='bbox 92 3710 127 3757; x_wconf 87' lang='lat' dir='ltr'>ea</span> <span class='ocrx_word' id='word_1_318' title='bbox 139 3699 276 3761; x_wconf 87' lang='lat' dir='ltr'>salvatio</span> <span class='ocrx_word' id='word_1_319' title='bbox 287 3699 498 3763; x_wconf 78' lang='lat' dir='ltr'>educentium</span> <span class='ocrx_word' id='word_1_320' title='bbox 518 3700 616 3773; x_wconf 86' lang='lat' dir='ltr'>lilios,</span> <span class='ocrx_word' id='word_1_321' title='bbox 633 3702 667 3762; x_wconf 92' lang='lat' dir='ltr'>et</span> <span class='ocrx_word' id='word_1_322' title='bbox 682 3700 771 3762; x_wconf 83' lang='lat' dir='ltr'>filias</span> <span class='ocrx_word' id='word_1_323' title='bbox 787 3723 795 3762; x_wconf 87' lang='lat'><strong>:</strong></span> <span class='ocrx_word' id='word_1_324' title='bbox 811 3701 876 3778; x_wconf 92' lang='lat' dir='ltr'>ipsi</span> 
     </span>
     <span class='ocr_line' id='line_1_35' title="bbox 92 3794 876 3874; baseline 0.009 -22"><span class='ocrx_word' id='word_1_325' title='bbox 92 3794 352 3874; x_wconf 81' lang='lat' dir='ltr'>egrediantur(2)</span> <span class='ocrx_word' id='word_1_326' title='bbox 366 3797 517 3859; x_wconf 75' lang='lat' dir='ltr'>advos.»</span> <span class='ocrx_word' id='word_1_327' title='bbox 529 3799 648 3859; x_wconf 85' lang='lat' dir='ltr'>Fames</span> <span class='ocrx_word' id='word_1_328' title='bbox 663 3797 713 3859; x_wconf 88' lang='lat' dir='ltr'>est</span> <span class='ocrx_word' id='word_1_329' title='bbox 729 3796 876 3859; x_wconf 87' lang='lat' dir='ltr'>deiectus</span> 
     </span>
     <span class='ocr_line' id='line_1_36' title="bbox 91 3890 875 3968; baseline 0.01 -21"><span class='ocrx_word' id='word_1_330' title='bbox 91 3890 176 3952; x_wconf 89' lang='lat' dir='ltr'>verbi</span> <span class='ocrx_word' id='word_1_331' title='bbox 187 3892 309 3968; x_wconf 82' lang='lat' dir='ltr'>divini3</span> <span class='ocrx_word' id='word_1_332' title='bbox 324 3895 443 3955; x_wconf 81' lang='lat' dir='ltr'>Bestiae</span> <span class='ocrx_word' id='word_1_333' title='bbox 458 3893 567 3968; x_wconf 88' lang='lat' dir='ltr'>malae,</span> <span class='ocrx_word' id='word_1_334' title='bbox 580 3895 733 3956; x_wconf 90' lang='lat' dir='ltr'>carnales</span> <span class='ocrx_word' id='word_1_335' title='bbox 748 3910 875 3958; x_wconf 89' lang='lat' dir='ltr'>concn-</span> 
     </span>
     <span class='ocr_line' id='line_1_37' title="bbox 92 3987 875 4067; baseline 0.009 -21"><span class='ocrx_word' id='word_1_336' title='bbox 92 3987 264 4061; x_wconf 81' lang='lat' dir='ltr'>piscentiae,</span> <span class='ocrx_word' id='word_1_337' title='bbox 286 4006 369 4067; x_wconf 83' lang='lat' dir='ltr'>quas</span> <span class='ocrx_word' id='word_1_338' title='bbox 393 3991 572 4053; x_wconf 86' lang='lat' dir='ltr'>immittere</span> <span class='ocrx_word' id='word_1_339' title='bbox 591 3992 750 4053; x_wconf 90' lang='lat' dir='ltr'>Dominus</span> <span class='ocrx_word' id='word_1_340' title='bbox 779 3992 875 4067; x_wconf 88' lang='lat' dir='ltr'>dicit,</span> 
     </span>
     <span class='ocr_line' id='line_1_38' title="bbox 92 4086 875 4165; baseline 0.006 -21"><span class='ocrx_word' id='word_1_341' title='bbox 92 4096 160 4144; x_wconf 79' lang='lat' dir='ltr'>curn</span> <span class='ocrx_word' id='word_1_342' title='bbox 191 4086 316 4162; x_wconf 81' lang='lat' dir='ltr'>primos</span> <span class='ocrx_word' id='word_1_343' title='bbox 350 4089 458 4147; x_wconf 89' lang='lat' dir='ltr'>motus</span> <span class='ocrx_word' id='word_1_344' title='bbox 493 4088 667 4165; x_wconf 80' lang='lat' dir='ltr'>insurgere</span> <span class='ocrx_word' id='word_1_345' title='bbox 702 4089 875 4165; x_wconf 87' lang='lat' dir='ltr'>permittit.</span> 
     </span>
     <span class='ocr_line' id='line_1_39' title="bbox 90 4179 875 4262; baseline 0.009 -22"><span class='ocrx_word' id='word_1_346' title='bbox 90 4179 130 4240; x_wconf 89' lang='lat' dir='ltr'>Et</span> <span class='ocrx_word' id='word_1_347' title='bbox 154 4185 202 4243; x_wconf 91' lang='lat' dir='ltr'>est</span> <span class='ocrx_word' id='word_1_348' title='bbox 228 4183 394 4259; x_wconf 75' lang='lat' dir='ltr'>preterea</span> <span class='ocrx_word' id='word_1_349' title='bbox 420 4183 543 4261; x_wconf 82' lang='lat' dir='ltr'>duplex</span> <span class='ocrx_word' id='word_1_350' title='bbox 577 4186 764 4247; x_wconf 89' lang='lat' dir='ltr'>alienorum</span> <span class='ocrx_word' id='word_1_351' title='bbox 798 4185 875 4262; x_wconf 89' lang='lat' dir='ltr'>gla-</span> 
     </span>
     <span class='ocr_line' id='line_1_40' title="bbox 90 4272 878 4359; baseline 0.013 -25"><span class='ocrx_word' id='word_1_352' title='bbox 90 4272 169 4349; x_wconf 92' lang='lat' dir='ltr'>dius,</span> <span class='ocrx_word' id='word_1_353' title='bbox 189 4279 319 4341; x_wconf 88' lang='lat' dir='ltr'>scilicet</span> <span class='ocrx_word' id='word_1_354' title='bbox 339 4280 518 4342; x_wconf 88' lang='lat' dir='ltr'>exterioris</span> <span class='ocrx_word' id='word_1_355' title='bbox 540 4282 621 4344; x_wconf 90' lang='lat' dir='ltr'>mali</span> <span class='ocrx_word' id='word_1_356' title='bbox 643 4282 823 4359; x_wconf 87' lang='lat' dir='ltr'>suggestio,</span> <span class='ocrx_word' id='word_1_357' title='bbox 844 4284 878 4344; x_wconf 92' lang='lat' dir='ltr'>et</span> 
     </span>
     <span class='ocr_line' id='line_1_41' title="bbox 91 4370 874 4456; baseline 0.011 -26"><span class='ocrx_word' id='word_1_358' title='bbox 91 4370 133 4431; x_wconf 83' lang='lat' dir='ltr'>ab</span> <span class='ocrx_word' id='word_1_359' title='bbox 143 4376 288 4452; x_wconf 87' lang='lat' dir='ltr'>exemplo</span> <span class='ocrx_word' id='word_1_360' title='bbox 300 4378 463 4437; x_wconf 90' lang='lat' dir='ltr'>malorum</span> <span class='ocrx_word' id='word_1_361' title='bbox 476 4378 677 4454; x_wconf 90' lang='lat' dir='ltr'>proveniens</span> <span class='ocrx_word' id='word_1_362' title='bbox 693 4380 874 4456; x_wconf 86' lang='lat' dir='ltr'>corruptio.</span> 
     </span>
     <span class='ocr_line' id='line_1_42' title="bbox 91 4468 875 4552; baseline 0.015 -27"><span class='ocrx_word' id='word_1_363' title='bbox 91 4468 276 4535; x_wconf 87' lang='lat' dir='ltr'>Pestilentia</span> <span class='ocrx_word' id='word_1_364' title='bbox 300 4474 391 4535; x_wconf 87' lang='lat' dir='ltr'>enim</span> <span class='ocrx_word' id='word_1_365' title='bbox 414 4476 465 4535; x_wconf 90' lang='lat' dir='ltr'>est</span> <span class='ocrx_word' id='word_1_366' title='bbox 491 4473 626 4536; x_wconf 88' lang='lat' dir='ltr'>morbus</span> <span class='ocrx_word' id='word_1_367' title='bbox 651 4475 717 4536; x_wconf 88' lang='lat' dir='ltr'>late</span> <span class='ocrx_word' id='word_1_368' title='bbox 743 4476 875 4552; x_wconf 90' lang='lat' dir='ltr'>pertin·</span> 
     </span>
     <span class='ocr_line' id='line_1_43' title="bbox 90 4558 876 4644; baseline 0.009 -19"><span class='ocrx_word' id='word_1_369' title='bbox 90 4579 179 4638; x_wconf 89' lang='lat' dir='ltr'>gens,</span> <span class='ocrx_word' id='word_1_370' title='bbox 194 4583 275 4644; x_wconf 90' lang='lat' dir='ltr'>pene</span> <span class='ocrx_word' id='word_1_371' title='bbox 295 4570 397 4631; x_wconf 89' lang='lat' dir='ltr'>etiam</span> <span class='ocrx_word' id='word_1_372' title='bbox 417 4586 534 4632; x_wconf 90' lang='lat' dir='ltr'>ornnes</span> <span class='ocrx_word' id='word_1_373' title='bbox 555 4572 720 4644; x_wconf 78' lang='lat' dir='ltr'>inficiens,</span> <span class='ocrx_word' id='word_1_374' title='bbox 738 4558 876 4633; x_wconf 79' lang='lat' dir='ltr'>multum</span> 
     </span>
     <span class='ocr_line' id='line_1_44' title="bbox 91 4660 876 4745; baseline 0.01 -24"><span class='ocrx_word' id='word_1_375' title='bbox 91 4660 174 4722; x_wconf 89' lang='lat' dir='ltr'>enim</span> <span class='ocrx_word' id='word_1_376' title='bbox 186 4670 279 4727; x_wconf 88' lang='lat' dir='ltr'>nocet</span> <span class='ocrx_word' id='word_1_377' title='bbox 291 4666 416 4727; x_wconf 90' lang='lat' dir='ltr'>malum</span> <span class='ocrx_word' id='word_1_378' title='bbox 435 4668 635 4745; x_wconf 87' lang='lat' dir='ltr'>exemplum,</span> <span class='ocrx_word' id='word_1_379' title='bbox 651 4668 738 4731; x_wconf 91' lang='lat' dir='ltr'>sicut</span> <span class='ocrx_word' id='word_1_380' title='bbox 752 4669 876 4730; x_wconf 86' lang='lat' dir='ltr'>dietum</span> 
     </span>
     <span class='ocr_line' id='line_1_45' title="bbox 90 4759 877 4844; baseline 0.01 -25"><span class='ocrx_word' id='word_1_381' title='bbox 90 4759 151 4818; x_wconf 80' lang='lat' dir='ltr'>eat.</span> <span class='ocrx_word' id='word_1_382' title='bbox 165 4761 252 4823; x_wconf 87' lang='lat' dir='ltr'>Unde</span> <span class='ocrx_word' id='word_1_383' title='bbox 264 4763 450 4824; x_wconf 83' lang='lat' dir='ltr'>Ezechielis</span> <span class='ocrx_word' id='word_1_384' title='bbox 463 4762 528 4842; x_wconf 79' lang='lat'>(26,</span> <span class='ocrx_word' id='word_1_385' title='bbox 545 4762 613 4844; x_wconf 87' lang='lat'>10):</span> <span class='ocrx_word' id='word_1_386' title='bbox 627 4765 877 4827; x_wconf 78' lang='lat' dir='ltr'>«inundatione</span> 
     </span>
     <span class='ocr_line' id='line_1_46' title="bbox 91 4860 875 4937; baseline 0.011 -23"><span class='ocrx_word' id='word_1_387' title='bbox 91 4867 243 4930; x_wconf 87' lang='lat' dir='ltr'>equorum</span> <span class='ocrx_word' id='word_1_388' title='bbox 266 4860 395 4936; x_wconf 89' lang='lat' dir='ltr'>operiet</span> <span class='ocrx_word' id='word_1_389' title='bbox 415 4863 447 4922; x_wconf 90' lang='lat' dir='ltr'>te</span> <span class='ocrx_word' id='word_1_390' title='bbox 466 4861 576 4937; x_wconf 91' lang='lat' dir='ltr'>pulvis</span> <span class='ocrx_word' id='word_1_391' title='bbox 590 4877 717 4928; x_wconf 85' lang='lat' dir='ltr'>eorum,</span> <span class='ocrx_word' id='word_1_392' title='bbox 734 4862 767 4923; x_wconf 88' lang='lat' dir='ltr'>et</span> <span class='ocrx_word' id='word_1_393' title='bbox 781 4878 800 4923; x_wconf 90' lang='lat' dir='ltr'>a</span> <span class='ocrx_word' id='word_1_394' title='bbox 816 4878 875 4923; x_wconf 89' lang='lat' dir='ltr'>so·</span> 
     </span>
     <span class='ocr_line' id='line_1_47' title="bbox 90 4949 878 5037; baseline 0.013 -28"><span class='ocrx_word' id='word_1_395' title='bbox 90 4949 163 5011; x_wconf 91' lang='lat' dir='ltr'>nitn</span> <span class='ocrx_word' id='word_1_396' title='bbox 175 4955 256 5031; x_wconf 84' lang='lat' dir='ltr'>eqni,</span> <span class='ocrx_word' id='word_1_397' title='bbox 271 4959 433 5024; x_wconf 87' lang='lat' dir='ltr'>rotarum,</span> <span class='ocrx_word' id='word_1_398' title='bbox 450 4958 483 5019; x_wconf 91' lang='lat' dir='ltr'>et</span> <span class='ocrx_word' id='word_1_399' title='bbox 496 4957 734 5034; x_wconf 88' lang='lat' dir='ltr'>quadrigarum</span> <span class='ocrx_word' id='word_1_400' title='bbox 747 4957 794 5037; x_wconf 91' lang='lat'>(3)</span> <span class='ocrx_word' id='word_1_401' title='bbox 809 4975 878 5019; x_wconf 91' lang='lat' dir='ltr'>mo·</span> 
     </span>
     <span class='ocr_line' id='line_1_48' title="bbox 91 5045 911 5131; baseline 0.013 -26"><span class='ocrx_word' id='word_1_402' title='bbox 91 5045 245 5111; x_wconf 77' lang='lat' dir='ltr'>rabuntur</span> <span class='ocrx_word' id='word_1_403' title='bbox 267 5052 355 5112; x_wconf 90' lang='lat' dir='ltr'>muri</span> <span class='ocrx_word' id='word_1_404' title='bbox 381 5052 441 5114; x_wconf 92' lang='lat' dir='ltr'>tui.</span> <span class='ocrx_word' id='word_1_405' title='bbox 464 5070 483 5113; x_wconf 72' lang='lat' dir='ltr'>s</span> <span class='ocrx_word' id='word_1_406' title='bbox 505 5056 570 5114; x_wconf 89' lang='lat' dir='ltr'>Per</span> <span class='ocrx_word' id='word_1_407' title='bbox 592 5069 695 5131; x_wconf 90' lang='lat' dir='ltr'>equos</span> <span class='ocrx_word' id='word_1_408' title='bbox 719 5055 876 5131; x_wconf 87' lang='lat' dir='ltr'>superbia</span> <span class='ocrx_word' id='word_1_409' title='bbox 908 5063 911 5069; x_wconf 86' lang='grc'><em>·</em></span> 
     </span>
    </p>
   </div>
   <div class='ocr_carea' id='block_1_5' title="bbox 91 5140 877 5228">
    <p class='ocr_par' dir='ltr' id='par_1_7' title="bbox 91 5140 877 5228">
     <span class='ocr_line' id='line_1_49' title="bbox 91 5140 877 5228; baseline 0.015 -27"><span class='ocrx_word' id='word_1_410' title='bbox 91 5140 287 5222; x_wconf 88' lang='lat' dir='ltr'>designatur,</span> <span class='ocrx_word' id='word_1_411' title='bbox 299 5165 373 5227; x_wconf 89' lang='lat' dir='ltr'>quae</span> <span class='ocrx_word' id='word_1_412' title='bbox 383 5150 495 5226; x_wconf 90' lang='lat' dir='ltr'>portat</span> <span class='ocrx_word' id='word_1_413' title='bbox 509 5150 694 5228; x_wconf 81' lang='lat' dir='ltr'>diabolum3</span> <span class='ocrx_word' id='word_1_414' title='bbox 711 5152 745 5214; x_wconf 91' lang='lat' dir='ltr'>et</span> <span class='ocrx_word' id='word_1_415' title='bbox 754 5152 877 5213; x_wconf 91' lang='lat' dir='ltr'>exinde</span> 
     </span>
    </p>
   </div>
   <div class='ocr_carea' id='block_1_6' title="bbox 129 5343 873 5709">
    <p class='ocr_par' dir='ltr' id='par_1_8' title="bbox 131 5343 394 5421">
     <span class='ocr_line' id='line_1_50' title="bbox 131 5343 394 5421; baseline 0.004 -14"><span class='ocrx_word' id='word_1_416' title='bbox 131 5343 168 5411; x_wconf 78' lang='lat' dir='ltr'>&lt;o</span> <span class='ocrx_word' id='word_1_417' title='bbox 184 5347 261 5421; x_wconf 70' lang='lat' dir='ltr'>Vela.</span> <span class='ocrx_word' id='word_1_418' title='bbox 275 5349 394 5408; x_wconf 79' lang='lat' dir='ltr'>hostias.</span> 
     </span>
    </p>

    <p class='ocr_par' dir='ltr' id='par_1_9' title="bbox 131 5415 835 5563">
     <span class='ocr_line' id='line_1_51' title="bbox 131 5415 835 5496; baseline 0 -18"><span class='ocrx_word' id='word_1_419' title='bbox 131 5415 167 5481; x_wconf 77' lang='lat'>(²)</span> <span class='ocrx_word' id='word_1_420' title='bbox 182 5419 278 5478; x_wconf 76' lang='lat' dir='ltr'>Verrio</span> <span class='ocrx_word' id='word_1_421' title='bbox 289 5436 386 5493; x_wconf 87' lang='lat' dir='ltr'>graeca</span> <span class='ocrx_word' id='word_1_422' title='bbox 403 5420 488 5478; x_wconf 77' lang='lat' dir='ltr'>lxx.</span> <span class='ocrx_word' id='word_1_423' title='bbox 504 5423 611 5495; x_wconf 81' lang='lat' dir='ltr'>vulg:</span> <span class='ocrx_word' id='word_1_424' title='bbox 629 5421 835 5496; x_wconf 86' lang='lat' dir='ltr'>ingrediantur.</span> 
     </span>
     <span class='ocr_line' id='line_1_52' title="bbox 131 5485 791 5563; baseline 0 -14"><span class='ocrx_word' id='word_1_425' title='bbox 131 5485 168 5555; x_wconf 78' lang='lat'>(3)</span> <span class='ocrx_word' id='word_1_426' title='bbox 185 5489 285 5562; x_wconf 75' lang='lat' dir='ltr'>vulg:</span> <span class='ocrx_word' id='word_1_427' title='bbox 302 5492 442 5563; x_wconf 83' lang='lat' dir='ltr'>equitnm,</span> <span class='ocrx_word' id='word_1_428' title='bbox 459 5500 595 5563; x_wconf 87' lang='lat' dir='ltr'>rotarum,</span> <span class='ocrx_word' id='word_1_429' title='bbox 608 5499 637 5551; x_wconf 91' lang='lat' dir='ltr'>et</span> <span class='ocrx_word' id='word_1_430' title='bbox 648 5508 791 5551; x_wconf 87' lang='lat' dir='ltr'>curruum.</span> 
     </span>
    </p>

    <p class='ocr_par' dir='ltr' id='par_1_10' title="bbox 129 5554 418 5633">
     <span class='ocr_line' id='line_1_53' title="bbox 129 5554 418 5633; baseline -0.003 -14"><span class='ocrx_word' id='word_1_431' title='bbox 129 5554 164 5622; x_wconf 65' lang='lat'>(4)</span> <span class='ocrx_word' id='word_1_432' title='bbox 179 5559 258 5632; x_wconf 72' lang='lat' dir='ltr'>iulg.</span> <span class='ocrx_word' id='word_1_433' title='bbox 270 5577 277 5618; x_wconf 92' lang='lat'><strong>:</strong></span> <span class='ocrx_word' id='word_1_434' title='bbox 291 5569 418 5633; x_wconf 84' lang='lat' dir='ltr'>captum.</span> 
     </span>
    </p>

    <p class='ocr_par' dir='ltr' id='par_1_11' title="bbox 133 5624 873 5709">
     <span class='ocr_line' id='line_1_54' title="bbox 133 5624 873 5709; baseline 0 -18"><span class='ocrx_word' id='word_1_435' title='bbox 133 5624 169 5695; x_wconf 73' lang='lat' dir='ltr'>til</span> <span class='ocrx_word' id='word_1_436' title='bbox 185 5629 265 5703; x_wconf 76' lang='lat' dir='ltr'>vulg.</span> <span class='ocrx_word' id='word_1_437' title='bbox 288 5648 295 5688; x_wconf 92' lang='lat'><strong>:</strong></span> <span class='ocrx_word' id='word_1_438' title='bbox 316 5639 346 5689; x_wconf 87' lang='lat' dir='ltr'>et</span> <span class='ocrx_word' id='word_1_439' title='bbox 368 5631 555 5705; x_wconf 86' lang='lat' dir='ltr'>semetipsum</span> <span class='ocrx_word' id='word_1_440' title='bbox 580 5647 664 5709; x_wconf 87' lang='lat' dir='ltr'>aqua,</span> <span class='ocrx_word' id='word_1_441' title='bbox 686 5641 714 5692; x_wconf 91' lang='lat' dir='ltr'>et</span> <span class='ocrx_word' id='word_1_442' title='bbox 734 5634 873 5691; x_wconf 89' lang='lat' dir='ltr'>contami·</span> 
     </span>
    </p>
   </div>
   <div class='ocr_carea' id='block_1_7' title="bbox 929 2342 1775 5218">
    <p class='ocr_par' dir='ltr' id='par_1_12' title="bbox 929 2342 1775 5218">
     <span class='ocr_line' id='line_1_55' title="bbox 932 2342 1725 2414; baseline 0 -11"><span class='ocrx_word' id='word_1_443' title='bbox 932 2357 1011 2403; x_wconf 86' lang='lat' dir='ltr'>cens</span> <span class='ocrx_word' id='word_1_444' title='bbox 1035 2363 1043 2403; x_wconf 70' lang='grc' dir='ltr'><strong>ε</strong></span> <span class='ocrx_word' id='word_1_445' title='bbox 1066 2344 1114 2402; x_wconf 84' lang='lat' dir='ltr'>Ab</span> <span class='ocrx_word' id='word_1_446' title='bbox 1142 2342 1281 2403; x_wconf 77' lang='lat' dir='ltr'>occultis</span> <span class='ocrx_word' id='word_1_447' title='bbox 1298 2345 1386 2402; x_wconf 82' lang='lat' dir='ltr'>mets</span> <span class='ocrx_word' id='word_1_448' title='bbox 1405 2345 1535 2402; x_wconf 71' lang='lat' dir='ltr'>molada</span> <span class='ocrx_word' id='word_1_449' title='bbox 1558 2356 1625 2414; x_wconf 84' lang='lat' dir='ltr'>me,</span> <span class='ocrx_word' id='word_1_450' title='bbox 1655 2343 1725 2403; x_wconf 91' lang='lat' dir='ltr'>Do·</span> 
     </span>
     <span class='ocr_line' id='line_1_56' title="bbox 932 2437 1724 2515; baseline 0.001 -16"><span class='ocrx_word' id='word_1_451' title='bbox 932 2438 1022 2499; x_wconf 92' lang='lat' dir='ltr'>mine</span> <span class='ocrx_word' id='word_1_452' title='bbox 1039 2459 1046 2498; x_wconf 91' lang='lat'><strong>:</strong></span> <span class='ocrx_word' id='word_1_453' title='bbox 1064 2439 1282 2515; x_wconf 89' lang='lat' dir='ltr'>Percaptum,</span> <span class='ocrx_word' id='word_1_454' title='bbox 1299 2437 1352 2499; x_wconf 91' lang='lat' dir='ltr'>vel</span> <span class='ocrx_word' id='word_1_455' title='bbox 1368 2438 1499 2515; x_wconf 90' lang='lat' dir='ltr'>raptum</span> <span class='ocrx_word' id='word_1_456' title='bbox 1512 2454 1532 2499; x_wconf 94' lang='lat' dir='ltr'>a</span> <span class='ocrx_word' id='word_1_457' title='bbox 1546 2437 1653 2500; x_wconf 89' lang='lat' dir='ltr'>bestia</span> <span class='ocrx_word' id='word_1_458' title='bbox 1666 2437 1724 2499; x_wconf 90' lang='lat' dir='ltr'>in·</span> 
     </span>
     <span class='ocr_line' id='line_1_57' title="bbox 931 2533 1727 2612; baseline -0.001 -14"><span class='ocrx_word' id='word_1_459' title='bbox 931 2535 1130 2611; x_wconf 90' lang='lat' dir='ltr'>telliguntur</span> <span class='ocrx_word' id='word_1_460' title='bbox 1144 2535 1258 2607; x_wconf 89' lang='lat' dir='ltr'>alieni,</span> <span class='ocrx_word' id='word_1_461' title='bbox 1274 2535 1315 2596; x_wconf 91' lang='lat' dir='ltr'>de</span> <span class='ocrx_word' id='word_1_462' title='bbox 1333 2533 1453 2612; x_wconf 90' lang='lat' dir='ltr'>quibus</span> <span class='ocrx_word' id='word_1_463' title='bbox 1470 2534 1641 2612; x_wconf 87' lang='lat' dir='ltr'>subjungit</span> <span class='ocrx_word' id='word_1_464' title='bbox 1657 2555 1664 2596; x_wconf 75' lang='grc' dir='ltr'><strong>ι</strong></span> <span class='ocrx_word' id='word_1_465' title='bbox 1680 2535 1727 2597; x_wconf 82' lang='lat' dir='ltr'>Et</span> 
     </span>
     <span class='ocr_line' id='line_1_58' title="bbox 931 2632 1724 2707; baseline -0.001 -14"><span class='ocrx_word' id='word_1_466' title='bbox 931 2636 972 2693; x_wconf 88' lang='lat' dir='ltr'>ob</span> <span class='ocrx_word' id='word_1_467' title='bbox 985 2636 1228 2707; x_wconf 75' lang='lat' dir='ltr'>mrennparce</span> <span class='ocrx_word' id='word_1_468' title='bbox 1241 2634 1425 2694; x_wconf 77' lang='lat' dir='ltr'>servolae.</span> <span class='ocrx_word' id='word_1_469' title='bbox 1442 2632 1592 2693; x_wconf 82' lang='lat' dir='ltr'>comedit</span> <span class='ocrx_word' id='word_1_470' title='bbox 1612 2632 1724 2693; x_wconf 90' lang='lat' dir='ltr'>autem</span> 
     </span>
     <span class='ocr_line' id='line_1_59' title="bbox 931 2728 1728 2806; baseline -0.001 -17"><span class='ocrx_word' id='word_1_471' title='bbox 931 2729 1145 2792; x_wconf 89' lang='lat' dir='ltr'>morticinum</span> <span class='ocrx_word' id='word_1_472' title='bbox 1169 2729 1280 2801; x_wconf 91' lang='lat' dir='ltr'>homo,</span> <span class='ocrx_word' id='word_1_473' title='bbox 1306 2728 1438 2805; x_wconf 85' lang='lat' dir='ltr'>quando</span> <span class='ocrx_word' id='word_1_474' title='bbox 1471 2728 1560 2791; x_wconf 87' lang='lat' dir='ltr'>cadit</span> <span class='ocrx_word' id='word_1_475' title='bbox 1585 2729 1621 2789; x_wconf 90' lang='lat' dir='ltr'>in</span> <span class='ocrx_word' id='word_1_476' title='bbox 1648 2742 1728 2806; x_wconf 90' lang='lat' dir='ltr'>pro·</span> 
     </span>
     <span class='ocr_line' id='line_1_60' title="bbox 931 2824 1728 2903; baseline 0 -17"><span class='ocrx_word' id='word_1_477' title='bbox 931 2826 1041 2903; x_wconf 91' lang='lat' dir='ltr'>prium</span> <span class='ocrx_word' id='word_1_478' title='bbox 1056 2827 1243 2903; x_wconf 70' lang='lat' dir='ltr'>peceatum,</span> <span class='ocrx_word' id='word_1_479' title='bbox 1260 2825 1449 2887; x_wconf 88' lang='lat' dir='ltr'>etcemedit</span> <span class='ocrx_word' id='word_1_480' title='bbox 1470 2841 1490 2886; x_wconf 87' lang='lat' dir='ltr'>a</span> <span class='ocrx_word' id='word_1_481' title='bbox 1513 2824 1621 2887; x_wconf 89' lang='lat' dir='ltr'>hestia</span> <span class='ocrx_word' id='word_1_482' title='bbox 1646 2840 1728 2902; x_wconf 88' lang='lat' dir='ltr'>cap-</span> 
     </span>
     <span class='ocr_line' id='line_1_61' title="bbox 931 2922 1726 3001; baseline -0.003 -17"><span class='ocrx_word' id='word_1_483' title='bbox 931 2924 1013 2996; x_wconf 88' lang='lat' dir='ltr'>tum,</span> <span class='ocrx_word' id='word_1_484' title='bbox 1035 2923 1168 3001; x_wconf 84' lang='lat' dir='ltr'>quando</span> <span class='ocrx_word' id='word_1_485' title='bbox 1186 2938 1245 3000; x_wconf 92' lang='lat' dir='ltr'>per</span> <span class='ocrx_word' id='word_1_486' title='bbox 1268 2923 1440 2999; x_wconf 86' lang='lat' dir='ltr'>peecatum</span> <span class='ocrx_word' id='word_1_487' title='bbox 1456 2922 1604 2984; x_wconf 91' lang='lat' dir='ltr'>alienum</span> <span class='ocrx_word' id='word_1_488' title='bbox 1618 2922 1726 2984; x_wconf 90' lang='lat' dir='ltr'>mori-</span> 
     </span>
     <span class='ocr_line' id='line_1_62' title="bbox 931 3019 1729 3097; baseline -0.004 -16"><span class='ocrx_word' id='word_1_489' title='bbox 931 3021 997 3093; x_wconf 91' lang='lat' dir='ltr'>tur,</span> <span class='ocrx_word' id='word_1_490' title='bbox 1024 3021 1059 3082; x_wconf 93' lang='lat' dir='ltr'>et</span> <span class='ocrx_word' id='word_1_491' title='bbox 1080 3022 1159 3081; x_wconf 89' lang='lat' dir='ltr'>tunc</span> <span class='ocrx_word' id='word_1_492' title='bbox 1183 3020 1279 3097; x_wconf 87' lang='lat' dir='ltr'>quasi</span> <span class='ocrx_word' id='word_1_493' title='bbox 1308 3019 1350 3081; x_wconf 91' lang='lat' dir='ltr'>ab</span> <span class='ocrx_word' id='word_1_494' title='bbox 1382 3019 1503 3081; x_wconf 91' lang='lat' dir='ltr'>alienis</span> <span class='ocrx_word' id='word_1_495' title='bbox 1526 3019 1729 3082; x_wconf 82' lang='lat' dir='ltr'>interficitur</span> 
     </span>
     <span class='ocr_line' id='line_1_63' title="bbox 931 3116 1728 3194; baseline -0.001 -15"><span class='ocrx_word' id='word_1_496' title='bbox 931 3117 1054 3179; x_wconf 87' lang='lat' dir='ltr'>anima.</span> <span class='ocrx_word' id='word_1_497' title='bbox 1071 3120 1157 3193; x_wconf 89' lang='lat' dir='ltr'>Ergo</span> <span class='ocrx_word' id='word_1_498' title='bbox 1171 3118 1227 3194; x_wconf 87' lang='lat' dir='ltr'>qui</span> <span class='ocrx_word' id='word_1_499' title='bbox 1243 3117 1386 3179; x_wconf 87' lang='lat' dir='ltr'>comedit</span> <span class='ocrx_word' id='word_1_500' title='bbox 1399 3117 1623 3184; x_wconf 88' lang='lat' dir='ltr'>morticinum,</span> <span class='ocrx_word' id='word_1_501' title='bbox 1637 3116 1728 3178; x_wconf 85' lang='lat' dir='ltr'>lava-</span> 
     </span>
     <span class='ocr_line' id='line_1_64' title="bbox 930 3212 1726 3286; baseline 0 -12"><span class='ocrx_word' id='word_1_502' title='bbox 930 3213 979 3275; x_wconf 91' lang='lat' dir='ltr'>hit</span> <span class='ocrx_word' id='word_1_503' title='bbox 1001 3215 1199 3276; x_wconf 81' lang='lat' dir='ltr'>vestimenta</span> <span class='ocrx_word' id='word_1_504' title='bbox 1223 3229 1300 3286; x_wconf 86' lang='lat' dir='ltr'>sua,</span> <span class='ocrx_word' id='word_1_505' title='bbox 1326 3213 1413 3276; x_wconf 88' lang='lat' dir='ltr'>idest</span> <span class='ocrx_word' id='word_1_506' title='bbox 1438 3212 1726 3276; x_wconf 83' lang='lat' dir='ltr'>conversationem</span> 
     </span>
     <span class='ocr_line' id='line_1_65' title="bbox 931 3308 1728 3387; baseline 0 -16"><span class='ocrx_word' id='word_1_507' title='bbox 931 3310 1053 3373; x_wconf 86' lang='lat' dir='ltr'>habeat</span> <span class='ocrx_word' id='word_1_508' title='bbox 1071 3310 1255 3383; x_wconf 87' lang='lat' dir='ltr'>honestam,</span> <span class='ocrx_word' id='word_1_509' title='bbox 1282 3311 1315 3371; x_wconf 91' lang='lat' dir='ltr'>et</span> <span class='ocrx_word' id='word_1_510' title='bbox 1336 3310 1483 3387; x_wconf 90' lang='lat' dir='ltr'>seipsum</span> <span class='ocrx_word' id='word_1_511' title='bbox 1507 3308 1728 3386; x_wconf 88' lang='lat' dir='ltr'>mundetper</span> 
     </span>
     <span class='ocr_line' id='line_1_66' title="bbox 930 3406 1726 3485; baseline -0.004 -16"><span class='ocrx_word' id='word_1_512' title='bbox 930 3407 1172 3485; x_wconf 70' lang='lat' dir='ltr'>poenitentiam.</span> <span class='ocrx_word' id='word_1_513' title='bbox 1198 3407 1335 3483; x_wconf 87' lang='lat' dir='ltr'>Oportet</span> <span class='ocrx_word' id='word_1_514' title='bbox 1355 3406 1456 3474; x_wconf 89' lang='lat' dir='ltr'>enim,</span> <span class='ocrx_word' id='word_1_515' title='bbox 1481 3406 1518 3468; x_wconf 90' lang='lat' dir='ltr'>ut</span> <span class='ocrx_word' id='word_1_516' title='bbox 1535 3421 1602 3469; x_wconf 91' lang='lat' dir='ltr'>non</span> <span class='ocrx_word' id='word_1_517' title='bbox 1617 3406 1726 3467; x_wconf 88' lang='lat' dir='ltr'>solnm</span> 
     </span>
     <span class='ocr_line' id='line_1_67' title="bbox 931 3502 1727 3582; baseline 0.001 -17"><span class='ocrx_word' id='word_1_518' title='bbox 931 3505 1078 3582; x_wconf 89' lang='lat' dir='ltr'>seipsum</span> <span class='ocrx_word' id='word_1_519' title='bbox 1101 3503 1248 3576; x_wconf 90' lang='lat' dir='ltr'>mundet,</span> <span class='ocrx_word' id='word_1_520' title='bbox 1274 3503 1332 3565; x_wconf 86' lang='lat' dir='ltr'>sed</span> <span class='ocrx_word' id='word_1_521' title='bbox 1354 3504 1391 3566; x_wconf 90' lang='lat' dir='ltr'>ut</span> <span class='ocrx_word' id='word_1_522' title='bbox 1410 3503 1584 3566; x_wconf 80' lang='lat' dir='ltr'>honestam</span> <span class='ocrx_word' id='word_1_523' title='bbox 1604 3502 1727 3566; x_wconf 85' lang='lat' dir='ltr'>haheat</span> 
     </span>
     <span class='ocr_line' id='line_1_68' title="bbox 931 3599 1723 3676; baseline -0.005 -13"><span class='ocrx_word' id='word_1_524' title='bbox 931 3602 1239 3676; x_wconf 66' lang='lat' dir='ltr'>conversationem</span> <span class='ocrx_word' id='word_1_525' title='bbox 1256 3602 1293 3661; x_wconf 94' lang='lat' dir='ltr'>ut</span> <span class='ocrx_word' id='word_1_526' title='bbox 1302 3600 1390 3663; x_wconf 87' lang='lat' dir='ltr'>sicut</span> <span class='ocrx_word' id='word_1_527' title='bbox 1403 3614 1464 3662; x_wconf 88' lang='lat' dir='ltr'>sua</span> <span class='ocrx_word' id='word_1_528' title='bbox 1478 3599 1566 3662; x_wconf 89' lang='lat' dir='ltr'>mala</span> <span class='ocrx_word' id='word_1_529' title='bbox 1576 3614 1723 3662; x_wconf 90' lang='lat' dir='ltr'>conver·</span> 
     </span>
     <span class='ocr_line' id='line_1_69' title="bbox 931 3696 1726 3771; baseline -0.003 -11"><span class='ocrx_word' id='word_1_530' title='bbox 931 3699 1062 3761; x_wconf 87' lang='lat' dir='ltr'>satione</span> <span class='ocrx_word' id='word_1_531' title='bbox 1083 3698 1203 3759; x_wconf 89' lang='lat' dir='ltr'>multos</span> <span class='ocrx_word' id='word_1_532' title='bbox 1225 3697 1403 3769; x_wconf 87' lang='lat' dir='ltr'>occiderat,</span> <span class='ocrx_word' id='word_1_533' title='bbox 1429 3699 1464 3758; x_wconf 91' lang='lat' dir='ltr'>et</span> <span class='ocrx_word' id='word_1_534' title='bbox 1485 3696 1726 3771; x_wconf 76' lang='lat' dir='ltr'>excaecaverat,</span> 
     </span>
     <span class='ocr_line' id='line_1_70' title="bbox 932 3793 1728 3869; baseline -0.001 -13"><span class='ocrx_word' id='word_1_535' title='bbox 932 3795 981 3856; x_wconf 90' lang='lat' dir='ltr'>sic</span> <span class='ocrx_word' id='word_1_536' title='bbox 1003 3794 1090 3856; x_wconf 90' lang='lat' dir='ltr'>hona</span> <span class='ocrx_word' id='word_1_537' title='bbox 1109 3794 1230 3856; x_wconf 90' lang='lat' dir='ltr'>multos</span> <span class='ocrx_word' id='word_1_538' title='bbox 1254 3795 1411 3869; x_wconf 89' lang='lat' dir='ltr'>corrigat,</span> <span class='ocrx_word' id='word_1_539' title='bbox 1439 3793 1473 3856; x_wconf 91' lang='lat' dir='ltr'>et</span> <span class='ocrx_word' id='word_1_540' title='bbox 1491 3793 1663 3868; x_wconf 80' lang='lat' dir='ltr'>emendet3</span> <span class='ocrx_word' id='word_1_541' title='bbox 1687 3794 1728 3855; x_wconf 90' lang='lat' dir='ltr'>Et</span> 
     </span>
     <span class='ocr_line' id='line_1_71' title="bbox 932 3889 1727 3967; baseline -0.003 -14"><span class='ocrx_word' id='word_1_542' title='bbox 932 3891 996 3953; x_wconf 86' lang='lat' dir='ltr'>hoc</span> <span class='ocrx_word' id='word_1_543' title='bbox 1008 3893 1061 3953; x_wconf 91' lang='lat' dir='ltr'>est</span> <span class='ocrx_word' id='word_1_544' title='bbox 1069 3892 1315 3965; x_wconf 89' lang='lat' dir='ltr'>vestimentum,</span> <span class='ocrx_word' id='word_1_545' title='bbox 1331 3892 1365 3952; x_wconf 91' lang='lat' dir='ltr'>et</span> <span class='ocrx_word' id='word_1_546' title='bbox 1378 3889 1526 3967; x_wconf 88' lang='lat' dir='ltr'>seipsum</span> <span class='ocrx_word' id='word_1_547' title='bbox 1538 3890 1663 3952; x_wconf 90' lang='lat' dir='ltr'>lavare.</span> <span class='ocrx_word' id='word_1_548' title='bbox 1685 3890 1727 3951; x_wconf 89' lang='lat' dir='ltr'>Et</span> 
     </span>
     <span class='ocr_line' id='line_1_72' title="bbox 931 3987 1724 4065; baseline -0.006 -13"><span class='ocrx_word' id='word_1_549' title='bbox 931 3991 1044 4052; x_wconf 80' lang='lat' dir='ltr'>tamen</span> <span class='ocrx_word' id='word_1_550' title='bbox 1056 3989 1120 4050; x_wconf 90' lang='lat' dir='ltr'>erit</span> <span class='ocrx_word' id='word_1_551' title='bbox 1134 3988 1324 4049; x_wconf 89' lang='lat' dir='ltr'>immundus</span> <span class='ocrx_word' id='word_1_552' title='bbox 1349 3987 1510 4065; x_wconf 83' lang='lat' dir='ltr'>usquead</span> <span class='ocrx_word' id='word_1_553' title='bbox 1539 4002 1724 4063; x_wconf 90' lang='lat' dir='ltr'>vesperam,</span> 
     </span>
     <span class='ocr_line' id='line_1_73' title="bbox 931 4083 1725 4161; baseline -0.004 -14"><span class='ocrx_word' id='word_1_554' title='bbox 931 4085 1019 4147; x_wconf 91' lang='lat' dir='ltr'>idest</span> <span class='ocrx_word' id='word_1_555' title='bbox 1030 4102 1066 4148; x_wconf 87' lang='lat' dir='ltr'>se</span> <span class='ocrx_word' id='word_1_556' title='bbox 1076 4086 1282 4146; x_wconf 90' lang='lat' dir='ltr'>immundum</span> <span class='ocrx_word' id='word_1_557' title='bbox 1292 4084 1390 4147; x_wconf 90' lang='lat' dir='ltr'>debet</span> <span class='ocrx_word' id='word_1_558' title='bbox 1398 4085 1555 4161; x_wconf 88' lang='lat' dir='ltr'>reputare</span> <span class='ocrx_word' id='word_1_559' title='bbox 1570 4083 1725 4160; x_wconf 87' lang='lat' dir='ltr'>usquead</span> 
     </span>
     <span class='ocr_line' id='line_1_74' title="bbox 930 4176 1725 4259; baseline -0.006 -15"><span class='ocrx_word' id='word_1_560' title='bbox 930 4183 1031 4244; x_wconf 81' lang='lat' dir='ltr'>tinem</span> <span class='ocrx_word' id='word_1_561' title='bbox 1052 4183 1130 4245; x_wconf 79' lang='lat' dir='ltr'>vitae</span> <span class='ocrx_word' id='word_1_562' title='bbox 1154 4198 1235 4253; x_wconf 87' lang='lat' dir='ltr'>suae,</span> <span class='ocrx_word' id='word_1_563' title='bbox 1255 4184 1353 4259; x_wconf 90' lang='lat' dir='ltr'>juxta</span> <span class='ocrx_word' id='word_1_564' title='bbox 1366 4181 1449 4242; x_wconf 91' lang='lat' dir='ltr'>iliud</span> <span class='ocrx_word' id='word_1_565' title='bbox 1462 4179 1635 4256; x_wconf 83' lang='lat' dir='ltr'>Evangelii</span> <span class='ocrx_word' id='word_1_566' title='bbox 1650 4176 1698 4258; x_wconf 88' lang='lat'>(6)</span> <span class='ocrx_word' id='word_1_567' title='bbox 1717 4196 1725 4240; x_wconf 91' lang='lat'><strong>:</strong></span> 
     </span>
     <span class='ocr_line' id='line_1_75' title="bbox 930 4272 1766 4354; baseline -0.007 -14"><span class='ocrx_word' id='word_1_568' title='bbox 930 4283 1055 4340; x_wconf 76' lang='lat' dir='ltr'>«Cum</span> <span class='ocrx_word' id='word_1_569' title='bbox 1079 4280 1190 4341; x_wconf 89' lang='lat' dir='ltr'>omnia</span> <span class='ocrx_word' id='word_1_570' title='bbox 1216 4279 1300 4340; x_wconf 91' lang='lat' dir='ltr'>bene</span> <span class='ocrx_word' id='word_1_571' title='bbox 1330 4277 1490 4346; x_wconf 81' lang='lat' dir='ltr'>feceritis,</span> <span class='ocrx_word' id='word_1_572' title='bbox 1515 4276 1633 4338; x_wconf 87' lang='lat' dir='ltr'>dicatis</span> <span class='ocrx_word' id='word_1_573' title='bbox 1656 4272 1726 4354; x_wconf 83' lang='lat'><strong>(7):</strong></span> <span class='ocrx_word' id='word_1_574' title='bbox 1762 4282 1766 4289; x_wconf 57' lang='lat'><em>¹</em></span> 
     </span>
     <span class='ocr_line' id='line_1_76' title="bbox 931 4372 1729 4451; baseline -0.006 -13"><span class='ocrx_word' id='word_1_575' title='bbox 931 4375 1071 4439; x_wconf 89' lang='lat' dir='ltr'>Inutiles</span> <span class='ocrx_word' id='word_1_576' title='bbox 1096 4376 1184 4436; x_wconf 88' lang='lat' dir='ltr'>servi</span> <span class='ocrx_word' id='word_1_577' title='bbox 1211 4391 1342 4435; x_wconf 89' lang='lat' dir='ltr'>sumus:</span> <span class='ocrx_word' id='word_1_578' title='bbox 1366 4374 1453 4451; x_wconf 90' lang='lat' dir='ltr'>quod</span> <span class='ocrx_word' id='word_1_579' title='bbox 1478 4372 1651 4434; x_wconf 91' lang='lat' dir='ltr'>debuimus</span> <span class='ocrx_word' id='word_1_580' title='bbox 1676 4372 1729 4433; x_wconf 84' lang='lat' dir='ltr'>ia·</span> 
     </span>
     <span class='ocr_line' id='line_1_77' title="bbox 931 4470 1727 4548; baseline -0.003 -15"><span class='ocrx_word' id='word_1_581' title='bbox 931 4489 1018 4545; x_wconf 88' lang='lat' dir='ltr'>cere,</span> <span class='ocrx_word' id='word_1_582' title='bbox 1036 4472 1175 4535; x_wconf 83' lang='lat' dir='ltr'>fecimus</span> <span class='ocrx_word' id='word_1_583' title='bbox 1192 4494 1199 4532; x_wconf 74' lang='grc' dir='ltr'><strong>ε</strong></span> <span class='ocrx_word' id='word_1_584' title='bbox 1217 4472 1304 4532; x_wconf 88' lang='lat' dir='ltr'>Hinc</span> <span class='ocrx_word' id='word_1_585' title='bbox 1325 4473 1386 4542; x_wconf 89' lang='lat' dir='ltr'>est,</span> <span class='ocrx_word' id='word_1_586' title='bbox 1409 4470 1497 4548; x_wconf 84' lang='lat' dir='ltr'>quod</span> <span class='ocrx_word' id='word_1_587' title='bbox 1515 4485 1646 4547; x_wconf 91' lang='lat' dir='ltr'>semper</span> <span class='ocrx_word' id='word_1_588' title='bbox 1662 4484 1727 4531; x_wconf 91' lang='lat' dir='ltr'>vo·</span> 
     </span>
     <span class='ocr_line' id='line_1_78' title="bbox 931 4567 1775 4645; baseline -0.001 -15"><span class='ocrx_word' id='word_1_589' title='bbox 931 4569 1081 4633; x_wconf 83' lang='lat' dir='ltr'>cetahrit</span> <span class='ocrx_word' id='word_1_590' title='bbox 1102 4568 1218 4630; x_wconf 90' lang='lat' dir='ltr'>Rahah</span> <span class='ocrx_word' id='word_1_591' title='bbox 1240 4567 1410 4640; x_wconf 85' lang='lat' dir='ltr'>meretrix,</span> <span class='ocrx_word' id='word_1_592' title='bbox 1427 4568 1461 4628; x_wconf 91' lang='lat' dir='ltr'>et</span> <span class='ocrx_word' id='word_1_593' title='bbox 1479 4567 1594 4629; x_wconf 86' lang='lat' dir='ltr'>Simon</span> <span class='ocrx_word' id='word_1_594' title='bbox 1616 4567 1728 4645; x_wconf 89' lang='lat' dir='ltr'>lepro-</span> <span class='ocrx_word' id='word_1_595' title='bbox 1772 4596 1775 4601; x_wconf 52' lang='grc'>&gt;</span> 
     </span>
     <span class='ocr_line' id='line_1_79' title="bbox 929 4664 1726 4742; baseline -0.005 -15"><span class='ocrx_word' id='word_1_596' title='bbox 929 4681 999 4727; x_wconf 85' lang='lat' dir='ltr'>sus.</span> <span class='ocrx_word' id='word_1_597' title='bbox 1029 4665 1122 4727; x_wconf 91' lang='lat' dir='ltr'>Unde</span> <span class='ocrx_word' id='word_1_598' title='bbox 1147 4665 1320 4737; x_wconf 83' lang='lat' dir='ltr'>Sacerdos,</span> <span class='ocrx_word' id='word_1_599' title='bbox 1347 4664 1589 4742; x_wconf 83' lang='lat' dir='ltr'>quantumlibet</span> <span class='ocrx_word' id='word_1_600' title='bbox 1603 4665 1726 4741; x_wconf 88' lang='lat' dir='ltr'>justus,</span> 
     </span>
     <span class='ocr_line' id='line_1_80' title="bbox 931 4760 1729 4838; baseline -0.001 -16"><span class='ocrx_word' id='word_1_601' title='bbox 931 4763 966 4822; x_wconf 93' lang='lat' dir='ltr'>in</span> <span class='ocrx_word' id='word_1_602' title='bbox 987 4762 1139 4838; x_wconf 90' lang='lat' dir='ltr'>generali</span> <span class='ocrx_word' id='word_1_603' title='bbox 1163 4760 1372 4823; x_wconf 85' lang='lat' dir='ltr'>consessione</span> <span class='ocrx_word' id='word_1_604' title='bbox 1399 4761 1480 4825; x_wconf 88' lang='lat' dir='ltr'>dicit</span> <span class='ocrx_word' id='word_1_605' title='bbox 1512 4777 1548 4822; x_wconf 89' lang='lat' dir='ltr'>se</span> <span class='ocrx_word' id='word_1_606' title='bbox 1570 4762 1729 4821; x_wconf 88' lang='lat' dir='ltr'>miserum</span> 
     </span>
     <span class='ocr_line' id='line_1_81' title="bbox 931 4854 1729 4937; baseline -0.006 -17"><span class='ocrx_word' id='word_1_607' title='bbox 931 4862 1154 4937; x_wconf 86' lang='lat' dir='ltr'>peccatorem.</span> <span class='ocrx_word' id='word_1_608' title='bbox 1170 4862 1211 4921; x_wconf 91' lang='lat' dir='ltr'>Et</span> <span class='ocrx_word' id='word_1_609' title='bbox 1234 4858 1298 4920; x_wconf 88' lang='lat' dir='ltr'>hoo</span> <span class='ocrx_word' id='word_1_610' title='bbox 1326 4858 1423 4920; x_wconf 89' lang='lat' dir='ltr'>modo</span> <span class='ocrx_word' id='word_1_611' title='bbox 1451 4856 1666 4919; x_wconf 90' lang='lat' dir='ltr'>mundabitur</span> <span class='ocrx_word' id='word_1_612' title='bbox 1686 4854 1729 4916; x_wconf 88' lang='lat' dir='ltr'>ab</span> 
     </span>
     <span class='ocr_line' id='line_1_82' title="bbox 932 4952 1728 5032; baseline -0.009 -15"><span class='ocrx_word' id='word_1_613' title='bbox 932 4956 1084 5028; x_wconf 86' lang='lat' dir='ltr'>occultis,</span> <span class='ocrx_word' id='word_1_614' title='bbox 1100 4956 1133 5018; x_wconf 90' lang='lat' dir='ltr'>et</span> <span class='ocrx_word' id='word_1_615' title='bbox 1147 4957 1179 5017; x_wconf 91' lang='lat' dir='ltr'>ei</span> <span class='ocrx_word' id='word_1_616' title='bbox 1193 4957 1349 5032; x_wconf 88' lang='lat' dir='ltr'>parcetur</span> <span class='ocrx_word' id='word_1_617' title='bbox 1362 4954 1404 5015; x_wconf 91' lang='lat' dir='ltr'>ab</span> <span class='ocrx_word' id='word_1_618' title='bbox 1419 4954 1551 5026; x_wconf 89' lang='lat' dir='ltr'>alienis,</span> <span class='ocrx_word' id='word_1_619' title='bbox 1560 4954 1595 5013; x_wconf 90' lang='lat' dir='ltr'>nt</span> <span class='ocrx_word' id='word_1_620' title='bbox 1605 4952 1654 5011; x_wconf 87' lang='lat' dir='ltr'>sic</span> <span class='ocrx_word' id='word_1_621' title='bbox 1668 4952 1728 5010; x_wconf 91' lang='lat' dir='ltr'>im·</span> 
     </span>
     <span class='ocr_line' id='line_1_83' title="bbox 931 5048 1725 5130; baseline -0.01 -16"><span class='ocrx_word' id='word_1_622' title='bbox 931 5054 1064 5130; x_wconf 90' lang='lat' dir='ltr'>pleatur</span> <span class='ocrx_word' id='word_1_623' title='bbox 1078 5053 1160 5113; x_wconf 95' lang='lat' dir='ltr'>illud</span> <span class='ocrx_word' id='word_1_624' title='bbox 1174 5052 1358 5114; x_wconf 85' lang='lat' dir='ltr'>Ezechielis</span> <span class='ocrx_word' id='word_1_625' title='bbox 1375 5073 1382 5110; x_wconf 76' lang='grc' dir='ltr'><strong>ε</strong></span> <span class='ocrx_word' id='word_1_626' title='bbox 1398 5048 1593 5112; x_wconf 89' lang='lat' dir='ltr'>Remanebit</span> <span class='ocrx_word' id='word_1_627' title='bbox 1608 5048 1725 5107; x_wconf 87' lang='lat' dir='ltr'>salva·</span> 
     </span>
     <span class='ocr_line' id='line_1_84' title="bbox 930 5144 1725 5218; baseline -0.009 -6"><span class='ocrx_word' id='word_1_628' title='bbox 930 5151 977 5213; x_wconf 88' lang='lat' dir='ltr'>tio</span> <span class='ocrx_word' id='word_1_629' title='bbox 992 5151 1203 5212; x_wconf 90' lang='lat' dir='ltr'>educentium</span> <span class='ocrx_word' id='word_1_630' title='bbox 1216 5149 1316 5218; x_wconf 84' lang='lat' dir='ltr'>illios,</span> <span class='ocrx_word' id='word_1_631' title='bbox 1331 5148 1366 5210; x_wconf 94' lang='lat' dir='ltr'>et</span> <span class='ocrx_word' id='word_1_632' title='bbox 1379 5147 1476 5207; x_wconf 88' lang='lat' dir='ltr'>illias.</span> <span class='ocrx_word' id='word_1_633' title='bbox 1489 5148 1555 5206; x_wconf 91' lang='lat' dir='ltr'>Per</span> <span class='ocrx_word' id='word_1_634' title='bbox 1567 5144 1725 5205; x_wconf 87' lang='lat' dir='ltr'>salvatio·</span> 
     </span>
    </p>
   </div>
   <div class='ocr_carea' id='block_1_8' title="bbox 931 5341 1726 5700">
    <p class='ocr_par' dir='ltr' id='par_1_13' title="bbox 931 5341 1723 5561">
     <span class='ocr_line' id='line_1_85' title="bbox 931 5341 1723 5422; baseline -0.011 -15"><span class='ocrx_word' id='word_1_635' title='bbox 931 5357 1016 5408; x_wconf 90' lang='lat' dir='ltr'>natus</span> <span class='ocrx_word' id='word_1_636' title='bbox 1027 5352 1080 5407; x_wconf 86' lang='lat' dir='ltr'>erit</span> <span class='ocrx_word' id='word_1_637' title='bbox 1089 5364 1181 5422; x_wconf 79' lang='lat' dir='ltr'>usque</span> <span class='ocrx_word' id='word_1_638' title='bbox 1193 5348 1229 5406; x_wconf 89' lang='lat' dir='ltr'>ad</span> <span class='ocrx_word' id='word_1_639' title='bbox 1240 5360 1392 5420; x_wconf 87' lang='lat' dir='ltr'>vesperum</span> <span class='ocrx_word' id='word_1_640' title='bbox 1404 5362 1411 5402; x_wconf 90' lang='lat'>:</span> <span class='ocrx_word' id='word_1_641' title='bbox 1425 5353 1453 5402; x_wconf 89' lang='lat' dir='ltr'>et</span> <span class='ocrx_word' id='word_1_642' title='bbox 1463 5344 1518 5402; x_wconf 88' lang='lat' dir='ltr'>hoc</span> <span class='ocrx_word' id='word_1_643' title='bbox 1527 5341 1627 5400; x_wconf 88' lang='lat' dir='ltr'>ordine</span> <span class='ocrx_word' id='word_1_644' title='bbox 1639 5357 1723 5401; x_wconf 90' lang='lat' dir='ltr'>mun·</span> 
     </span>
     <span class='ocr_line' id='line_1_86' title="bbox 931 5421 1243 5561; baseline -0.01 -13"><span class='ocrx_word' id='word_1_645' title='bbox 931 5421 1123 5561; x_wconf 51' lang='lat' dir='ltr'>duffotsserfioe,</span> <span class='ocrx_word' id='word_1_646' title='bbox 1138 5491 1181 5557; x_wconf 83' lang='grc'>11,</span> <span class='ocrx_word' id='word_1_647' title='bbox 1198 5490 1243 5545; x_wconf 79' lang='lat' dir='ltr'>aa.</span> 
     </span>
    </p>

    <p class='ocr_par' dir='ltr' id='par_1_14' title="bbox 931 5557 1726 5700">
     <span class='ocr_line' id='line_1_87' title="bbox 967 5557 1726 5632; baseline -0.013 -12"><span class='ocrx_word' id='word_1_648' title='bbox 967 5564 1010 5631; x_wconf 83' lang='lat' dir='ltr'>ll)</span> <span class='ocrx_word' id='word_1_649' title='bbox 1030 5560 1135 5632; x_wconf 75' lang='lat' dir='ltr'>vulg:</span> <span class='ocrx_word' id='word_1_650' title='bbox 1155 5561 1225 5617; x_wconf 86' lang='lat' dir='ltr'>Cum</span> <span class='ocrx_word' id='word_1_651' title='bbox 1241 5557 1364 5616; x_wconf 78' lang='lat' dir='ltr'>feceritis</span> <span class='ocrx_word' id='word_1_652' title='bbox 1378 5557 1487 5626; x_wconf 89' lang='lat' dir='ltr'>omnia,</span> <span class='ocrx_word' id='word_1_653' title='bbox 1503 5569 1567 5628; x_wconf 77' lang='lat' dir='ltr'>qnae</span> <span class='ocrx_word' id='word_1_654' title='bbox 1584 5559 1726 5628; x_wconf 76' lang='lat' dir='ltr'>precepta</span> 
     </span>
     <span class='ocr_line' id='line_1_88' title="bbox 931 5629 1208 5700; baseline -0.011 -11"><span class='ocrx_word' id='word_1_655' title='bbox 931 5639 997 5690; x_wconf 86' lang='lat' dir='ltr'>sunt</span> <span class='ocrx_word' id='word_1_656' title='bbox 1010 5630 1100 5700; x_wconf 87' lang='lat' dir='ltr'>vohis,</span> <span class='ocrx_word' id='word_1_657' title='bbox 1113 5629 1208 5687; x_wconf 87' lang='lat' dir='ltr'>dieite.</span> 
     </span>
    </p>
   </div>
   <div class='ocr_carea' id='block_1_9' title="bbox 0 0 1980 6198">
    <p class='ocr_par' dir='ltr' id='par_1_15' title="bbox 0 0 1980 6198">
     <span class='ocr_line' id='line_1_89' title="bbox 0 0 1980 6198; baseline 0 0"><span class='ocrx_word' id='word_1_658' title='bbox 0 0 1980 6198; x_wconf 95' lang='lat' dir='ltr'> </span> 
     </span>
    </p>
   </div>
  </div>
 </body>
</html>
