3950 6200
97 186 153 248 897

96 343 207 406 omnia
231 340 496 415 transitbomo3
519 296 723 417 quoo'notat
745 339 885 414 Sponsa,

469 181 578 242 PARS
607 178 751 241 PRIMA.
771 204 813 222 -·
831 124 1051 236 Expostulo
1082 172 1126 235 IN
1156 170 1357 235 PSALMOS.

1575 184 1585 195 ’
1677 169 1767 245 aas¹

944 332 1100 396 similiter
1114 333 1315 395 destruetur.
1330 329 1468 401 Azotos,
1488 328 1576 406 ignis
1593 344 1737 404 genera-

95 437 336 513 cousequenter
348 435 473 497 addens
485 432 592 512 (Cant.
608 436 639 505 3,
653 432 686 510 3)
700 454 707 491 :
720 434 887 492 «invene
943 432 1065 507 tionis;
1082 431 1291 508 etsignilioat
1310 427 1474 499 avaritiae,
1496 429 1529 489 et
1543 427 1736 503 cupiditatis

94 535 172 597 runt
183 549 238 594 me
254 533 384 607 vigiles,
398 531 454 609 qui
468 530 659 591 custodiunt
674 529 842 591 civitatem
854 544 886 600 >›;

95 635 126 693 et
139 630 330 707 sequitur:‹
340 631 439 695 Num,
452 627 667 705 quemdiligit
680 626 791 687 anima
804 639 887 694 mea,

945 530 1067 605 ignem,
1087 544 1108 589 a
1132 545 1196 605 quo
1221 528 1310 588 mala
1334 518 1454 588 cuncta
1473 526 1688 601 generantur,
1705 527 1738 586 et

945 643 1018 705 quae
1032 629 1071 687 ta
1085 629 1243 695 meridie,
1256 624 1343 686 idest
1356 623 1389 683 ln
1398 623 1529 684 fervore
1544 623 1603 682 irae
1617 623 1737 683 summi

94 723 889 803 vidistisi»ipsitamennonrespondent.Vtottcs
940 723 1066 800 judicis
1080 723 1245 800 ejicietur.
1264 727 1420 783 Accoroa
1438 735 1518 781 vero
1536 721 1740 797 iuterpreta-

95 825 173 885 sunt
192 823 346 885 doctores
366 821 529 892 eeclesiae,
546 820 587 881 ad
609 822 682 896 ejus
704 817 888 880 custodiam

94 920 276 997 vigilantes
290 919 398 998 quoad
412 919 612 989 doctrinam,
624 932 644 978 a
658 915 791 994 quibus,
807 916 840 976 et
855 914 890 975 in

944 822 1000 885 tur
1015 820 1191 896 sterilitas;
1214 820 1249 881 et
1268 819 1341 880 haec
1356 822 1406 880 est
1424 817 1532 894 gloria
1552 819 1736 892 saecularis,

945 934 1019 996 quae
1034 921 1195 992 estvana,
1211 917 1245 979 et
1260 916 1396 990 sterilis,
1419 918 1452 977 et
1470 915 1661 978 infoecunda
1679 938 1686 978 ι
1701 920 1741 978 ut

96 1018 218 1095 quibus
232 1033 307 1078 oum
319 1016 481 1093 quaeritur
491 1015 660 1085 Dominus,
673 1029 740 1075 non
755 1028 891 1088 respon·
930 1016 1018 1085 haec
1029 1017 1109 1078 tuno
1124 1014 1305 1084 eradicata,
1330 1015 1363 1075 et
1376 1012 1576 1085 infoeouuda,
1593 1015 1626 1076 et
1638 1014 1741 1077 oblita

95 1114 279 1191 tentonia
304 1129 370 1177 non
395 1113 567 1173 invenitur
581 1112 615 1172 in
635 1112 685 1172 eis
707 1109 813 1188 quoad
839 1108 892 1169 vi·

22 1286 24 1299 ,
94 1214 174 1284 tam,
189 1211 277 1288 quod
294 1212 345 1272 est
365 1210 463 1271 vaide
485 1208 526 1270 ad
545 1208 775 1269 confusionem
802 1207 892 1283 ipso·

95 1325 179 1378 rum,
207 1310 245 1370 ut
267 1308 384 1383 lingua
408 1306 563 1379 clament,
577 1307 611 1366 et
625 1320 726 1381 opere
741 1305 889 1379 taceant;

95 1406 164 1468 imo
175 1404 316 1483 quidam,
328 1419 443 1466 eorum
458 1418 520 1464 neo
535 1417 604 1474 ore,
622 1417 683 1462 nec
704 1416 805 1478 opere
819 1417 892 1461 res-

95 1501 254 1579 pondent,
270 1517 346 1563 cum
366 1504 478 1563 tamen
500 1500 541 1560 de
563 1499 674 1561 officio
698 1514 813 1559 eorum
829 1499 891 1571 est,

95 1601 133 1661 ut
146 1599 341 1676 praedicent,
370 1600 403 1660 et
416 1598 568 1660 doceant.
588 1595 891 1657 Pertranseundum

97 1700 149 1760 est
163 1712 238 1771 eos3
264 1695 352 1757 nude
367 1694 577 1757 subnectitur
596 1693 642 1774 (3,
659 1691 692 1771 l)
706 1714 715 1753 ι
730 1693 892 1754 ‹Paulu-

95 1794 164 1854 lum
189 1810 267 1854 cum
291 1793 547 1870 pertransissem
571 1807 640 1862 eos,
663 1791 775 1852 inveni
796 1806 892 1867 quem

96 1890 209 1967 diligit
221 1891 333 1951 anima
349 1905 433 1950 mea.
454 1907 473 1950 ›
496 1891 736 1951 Pertranseunt
751 1887 813 1962 iili,
837 1888 893 1964 qul

96 2003 213 2066 opera,
229 2004 302 2065 quae
324 1987 389 2064 ipsi
409 2003 475 2048 non
490 1985 624 2056 habent,
640 1985 778 2059 faciunt,
795 1987 829 2047 et
845 1985 894 2046 sic

96 2088 202 2147 Deum
233 2085 426 2157 inveniunt3
455 2087 489 2144 et
514 2099 573 2160 per
599 2098 656 2144 eos
688 2082 774 2145 lacto
800 2085 894 2144 tran-

95 2183 175 2255 situ,
198 2185 315 2255 Delam,
334 2182 391 2258 qui
416 2181 504 2242 ultra
528 2184 590 2251 est,
610 2181 784 2242 invenient
800 2181 895 2242 tran-

97 2282 245 2341 seuntes.
275 2279 373 2349 Nota,
410 2277 496 2355 quod
536 2278 617 2339 dicit
651 2299 658 2338 ε
689 2281 775 2339 Oura
805 2292 892 2353 pcr-

97 2378 326 2447 tramissem
348 2391 486 2436 necesse
500 2377 551 2437 est
568 2375 657 2435 enim
673 2375 783 2436 omnia
796 2391 895 2435 mun-

99 2474 186 2534 dana
195 2471 463 2550 pertransire,ad
476 2472 539 2533 boc
549 2474 892 2544 utinveniaturlieus

98 2570 205 2632 donec
240 2570 396 2631 veniatur
435 2568 476 2630 ad
515 2569 676 2631 unitatem
717 2569 892 2639 Ecclesiae,

98 2668 138 2729 ad
165 2682 267 2744 quam
290 2683 352 2729 nos
387 2667 507 2728 invitat
542 2669 681 2744 Sponsa.
716 2666 894 2743 sophoniae

99 2765 144 2843 (2,
159 2766 175 2824 1
192 2767 228 2825 et
239 2762 274 2842 2)
292 2784 299 2823 :
316 2780 335 2821 ιι
357 2765 538 2824 Conuenite
558 2768 718 2839 agentes,
734 2767 767 2825 et
780 2781 799 2824 ιι
814 2780 896 2825 oon-

97 2861 287 2937 gregamini
313 2876 395 2936 gens
419 2876 485 2921 non
509 2860 675 2933 amabilis,
701 2861 894 2938 priusquam

98 2960 210 3039 pariat
223 2959 332 3035 jussio
353 2958 449 3035 quasi
476 2958 647 3035 pulverem
668 2961 894 3020 transeuntem

97 3056 197 3127 diem,
213 3057 390 3133 antequam
401 3055 514 3117 veniat
525 3071 626 3134 super
637 3072 697 3116 vos
707 3057 757 3118 ira
772 3056 895 3118 furoris

99 3154 250 3214 hominii
273 3171 291 3213 ιι
317 3154 406 3214 Dicit
427 3153 671 3229 peccatoribus,
694 3154 814 3230 quibus
839 3155 894 3216 lo·

99 3251 213 3327 quitur
236 3249 291 3310 hic
315 3251 494 3326 Propheta,
520 3250 681 3327 dispersis
698 3267 758 3327 per
777 3252 894 3314 multi-

99 3347 198 3422 plicia
213 3361 339 3422 genera
352 3347 564 3423 peccatorum
582 3331 788 3409 iCooveotte
805 3364 895 3425 oen·

100 3445 160 3515 teu,
181 3444 313 3505 scilicet
328 3444 363 3504 iu
381 3445 544 3506 unitatem
559 3459 619 3522 per
638 3437 894 3520 confessionem,

98 3544 131 3601 et
144 3542 386 3617 poenitentiam,
398 3544 576 3620 antequam
592 3542 706 3604 veniat
720 3558 821 3619 super
835 3560 895 3606 vos

100 3637 170 3699 dies
195 3638 438 3713 indignationis
461 3639 604 3700 Domini,
622 3640 699 3699 Dies
721 3640 796 3712 ista,
825 3641 895 3702 dies

97 3734 214 3812 judicii
228 3737 290 3808 est,
307 3750 406 3812 quam
420 3737 528 3813 pariet
538 3739 665 3810 jactato,
682 3737 768 3798 idest
782 3739 897 3799 Omni-

99 3831 244 3906 potentis
259 3831 426 3905 voluntas,
435 3836 593 3908 tanquam
608 3839 785 3906 potueram
796 3835 897 3896 troar-

99 3929 270 3988 seuntem.
285 3929 401 3989 Pulvis
416 3930 583 3990 transiens
600 3934 650 3991 est
662 3931 772 4006 pulvis
787 3931 896 3995 subito

100 4023 234 4086 turbine
258 4028 383 4100 motus3
407 4026 456 4086 sio
474 4030 507 4087 et
524 4027 595 4088 dies
618 4028 678 4088 illa
702 4028 767 4089 erit
787 4027 895 4092 subito

100 4124 280 4183 transiens.
309 4125 495 4200 Antequam
526 4138 607 4201 ergo
634 4125 783 4199 accedat,
807 4128 894 4188 Pro-

101 4219 201 4294 pheta
215 4235 277 4281 nos
292 4220 448 4282 admonet
464 4241 472 4280 ε
489 4222 670 4284 Conuenite
685 4222 719 4282 in
736 4223 896 4285 unitatem

101 4315 277 4390 Ecclesiae3
308 4317 341 4377 et
367 4316 519 4393 sequitur
543 4317 652 4395 (ibid,
679 4320 710 4392 2,
734 4319 754 4379 3
780 4321 813 4380 et
839 4319 893 4399 l):

102 4412 274 4485 ‹Quaerlte
283 4414 458 4474 Dominum
472 4430 586 4476 omnes
601 4416 766 4478 mansueti
778 4418 894 4478 terrae:

103 4510 248 4581 Quaerite
267 4512 411 4586 justum,
441 4514 580 4587 quaerite
607 4503 838 4589 mansuetum;
863 4515 897 4577 et

101 4605 175 4669 ideo
190 4607 364 4684 quaerite»
380 4607 416 4669 in
434 4610 603 4685 praesenti.
621 4609 704 4682 Quia
717 4614 805 4683 Gaza
820 4611 897 4672 des-

101 4705 210 4765 tructa
225 4704 299 4775 erit,
317 4709 350 4766 et
364 4706 506 4767 Ascalon
522 4707 556 4766 in
568 4706 746 4781 desertum,
759 4712 896 4770 Azotum

102 4799 135 4861 in
165 4800 477 4878 meridialeJicient
507 4806 541 4864 et
566 4806 717 4864 Acoaron
742 4805 897 4866 eradica-

101 4894 539 4976 bitur.Gazainterpretat11r
552 4900 725 4976 fortitudo,
738 4918 797 4978 per
809 4902 895 4978 qnod

102 4993 304 5071 intelligitur
326 4996 471 5072 potentia
489 4998 673 5070 saecularis,
693 5014 767 5076 quae
792 4999 897 5060 indie

102 5089 159 5153 illa
173 5093 309 5168 penitus
324 5092 524 5155 destruetur.
547 5099 704 5168 Ascalon,
728 5095 817 5171 ignis
830 5094 894 5157 ho-

103 5189 240 5262 micida;
264 5191 298 5251 et
320 5205 380 5266 per
401 5190 464 5252 hoc
486 5192 633 5264 luxuria,
650 5208 710 5269 per
725 5209 823 5271 quam
839 5193 895 5252 in·

103 5285 285 5362 telligimus
303 5286 427 5362 ignem,
443 5288 499 5366 qui
519 5289 678 5351 interficit
697 5305 822 5362 omnes,
840 5291 897 5368 qui

137 5415 179 5486 (ι)
199 5418 286 5490 vulg.
305 5417 472 5476 :cecidisse

137 5491 177 5558 ιι)
196 5490 284 5561 Vulg.
302 5506 308 5544 :
324 5491 462 5547 ascendit.

249 5636 364 5678 airaon.
381 5636 454 5680 roua
470 5626 515 5682 Vl.

946 1114 1022 1174 erit.
1040 1114 1181 1189 Propter
1191 1112 1254 1172 hoc
1269 1111 1350 1173 dicit
1364 1110 1531 1187 Propheta
1549 1113 1740 1185 :drocarum

946 1208 1741 1286 etuevideretur,quaerendumessesolummodo

945 1322 1006 1385 pro
1027 1308 1147 1370 timore
1172 1321 1290 1383 poenae,
1314 1305 1426 1368 subdit
1445 1305 1547 1367 etiam
1568 1308 1741 1383 praemium

946 1406 1081 1467 aeternae
1105 1405 1183 1466 ritae
1209 1403 1324 1465 dicens
1342 1420 1382 1463 :o
1411 1404 1566 1475 Quaerite,
1591 1407 1624 1466 et
1650 1406 1744 1466 viset

946 1502 1061 1564 anima
1079 1504 1210 1575 vestra;
1239 1501 1326 1562 unde
1350 1501 1385 1562 in
1410 1500 1584 1562 Parabolis
1596 1498 1641 1579 (8,
1658 1503 1697 1563 35
1711 1507 1744 1565 et

946 1600 1001 1680 36)
1020 1616 1059 1661 :o
1075 1599 1137 1673 Qui
1152 1616 1205 1660 me
1222 1598 1400 1669 invenerit,
1417 1599 1566 1660 inveniet
1580 1600 1695 1675 vitam,
1711 1601 1744 1662 et
1779 1670 1781 1674 Α

947 1697 1082 1759 hauriet
1104 1697 1246 1758 salutem
1267 1712 1288 1757 a
1313 1697 1453 1758 Domino
1468 1718 1476 1756 ε
1493 1697 1550 1774 qui
1575 1699 1685 1759 autem
1708 1697 1744 1758 in

948 1811 1000 1857 me
1015 1795 1215 1872 peccaverit,
1232 1793 1331 1855 laedet
1347 1794 1491 1855 animam
1505 1810 1612 1855 suam.

1179 2072 1319 2133 suello
1342 2073 1513 2133 CXXVIII.
1546 2080 1548 2085 ’

966 2215 1008 2271 De
1023 2211 1213 2286 profunditate
1229 2212 1419 2285 peccantium,
1436 2221 1465 2270 et
1480 2212 1516 2270 de
1539 2213 1626 2271 tribus
1641 2212 1726 2270 vitiis.

948 2351 1041 2409 Deam
1061 2351 1099 2409 ta
1121 2347 1337 2420 adjutorium
1356 2362 1472 2409 meacm
1495 2350 1635 2409 faciende
1650 2366 1661 2409 .·
1676 2353 1746 2411 Do-

987 2449 1093 2518 mine,
1110 2448 1154 2506 od
1168 2446 1404 2517 adjuvandum
1422 2459 1478 2506 mc
1496 2447 1625 2518 festino
1640 2443 1743 2525 (Psal.

987 2544 1039 2615 69,
1050 2541 1096 2621 2).

990 2675 1118 2737 Clamat
1145 2675 1311 2752 Propheta
1341 2674 1375 2736 in
1399 2690 1541 2754 persona
1571 2675 1748 2753 cujuslibet

948 2769 1014 2830 oiri
1026 2769 1120 2845 justi,
1137 2783 1157 2829 a
1172 2768 1312 2830 Domino
1337 2770 1453 2846 petens
1467 2769 1632 2829 auxilium
1652 2767 1748 2831 festi-

949 2869 1080 2927 nanter.
1097 2867 1137 2928 ut
1150 2864 1234 2927 bene
1250 2882 1333 2943 opus
1351 2866 1412 2939 est,
1430 2867 1509 2943 quia
1521 2866 1673 2928 imminet
1688 2883 1750 2927 ne-

950 2964 1101 3031 cessitas,
1119 2978 1163 3024 ex
1183 2978 1248 3041 quo
1262 2962 1383 3025 cecidit
1397 2964 1524 3039 primus
1541 2964 1699 3039 Angelus,
1717 2966 1751 3025 et

950 3075 994 3123 ex
1003 3075 1067 3138 quo
1076 3059 1175 3122 etiam
1190 3061 1339 3137 peccavit
1349 3060 1475 3137 primus
1488 3061 1597 3122 homo.
1608 3061 1700 3123 Unde
1713 3061 1748 3122 in

952 3157 1151 3235 Apocalypsi
1164 3157 1455 3236 (9,1ade):‹<vidi
1469 3158 1599 3219 stellam
1614 3159 1653 3218 de
1665 3160 1748 3221 ooelo

951 3255 1124 3316 cadentem
1139 3251 1186 3333 (1)
1205 3254 1241 3314 in
1262 3255 1397 3325 terram,
1413 3257 1446 3315 et
1461 3254 1538 3316 data
1558 3257 1609 3316 est
1624 3255 1655 3315 ei
1673 3256 1747 3317 cla·

949 3352 1003 3413 vis
1018 3351 1108 3429 putei
1120 3349 1300 3426 abyssizltt
1314 3351 1447 3427 aperuit
1465 3352 1601 3427 puteum
1621 3351 1746 3430 abyssi,

951 3450 983 3510 et
997 3449 1102 3509 exivit
1115 3445 1161 3526 (2)
1177 3446 1287 3507 fumus
1300 3437 1389 3509 sicut
1402 3447 1514 3509 fumus
1530 3448 1675 3510 fornacis
1691 3465 1749 3510 ar-

950 3545 1060 3607 dentis
1076 3542 1136 3623 (3),
1160 3546 1193 3606 et
1207 3544 1403 3606 obscuratus
1418 3546 1469 3606 est
1492 3546 1553 3618 sol,
1576 3549 1609 3607 et
1624 3562 1683 3607 aer
1707 3548 1748 3608 de

952 3642 1043 3702 fumo
1057 3641 1148 3718 putei
1165 3663 1173 3700 ε
1190 3643 1223 3703 et
1246 3641 1286 3703 de
1306 3640 1396 3702 fumo
1418 3641 1574 3704 exierunt
1597 3643 1747 3715 locustae,

952 3739 1080 3800 similes
1096 3738 1190 3816 equis
1206 3737 1332 3814 paratis
1346 3737 1387 3799 ad
1403 3738 1556 3814 praelium
1572 3763 1580 3798 :
1597 3743 1630 3802 et
1645 3739 1748 3802 facies

951 3852 1066 3897 earum
1087 3837 1123 3897 ut
1138 3834 1240 3896 facies
1257 3834 1441 3927 boemicum,
1459 3837 1492 3898 et
1506 3836 1673 3899 habebant
1686 3854 1748 3900 oa-

950 3933 1049 4009 pillos
1060 3932 1146 3993 sicut
1156 3931 1295 4008 capillos
1307 3932 1624 4009 mulierum3denies
1634 3952 1749 3998 earum

952 4033 987 4092 ut
1009 4028 1124 4090 dentes
1147 4029 1266 4101 leonis,
1295 4030 1328 4090 et
1351 4028 1519 4093 habebant
1539 4032 1661 4093 loricas
1675 4033 1747 4094 fer-

950 4141 1073 4187 reas.»
1100 4125 1202 4188 Stella
1225 4125 1290 4187 ista
1313 4128 1363 4188 est
1386 4127 1520 4188 Lucifer
1534 4130 1660 4205 primns
1679 4133 1751 4192 An-

950 4225 1056 4300 gelus.
1069 4223 1201 4285 Primus
1213 4222 1311 4284 homo
1326 4223 1449 4284 cadens
1461 4225 1496 4284 in
1511 4226 1646 4298 terram,
1662 4226 1748 4290 idest

951 4322 986 4383 in
1011 4317 1239 4382 terrenitatem
1262 4335 1321 4396 per
1341 4319 1593 4397 inspirationem
1610 4324 1747 4388 malitiae

951 4418 1016 4479 sibi
1031 4416 1257 4479 babitaculum
1270 4418 1482 4494 praeparavit.
1498 4421 1538 4481 Et
1547 4422 1628 4482 doto
1650 4425 1700 4485 est
1716 4429 1748 4486 et

950 4517 1056 4577 clavis
1075 4514 1307 4589 putetobpsst,
1323 4513 1410 4576 idest
1427 4515 1670 4592 profundidatis
1682 4537 1749 4582 ma-

951 4612 1032 4675 litiae
1049 4634 1057 4671 :
1072 4612 1119 4672 at
1132 4610 1273 4686 operuit
1281 4612 1439 4686 pateam,
1456 4614 1587 4678 scilicet
1597 4619 1745 4695 seipsum

952 4707 1194 4770 manifestando
1218 4708 1253 4769 in
1274 4723 1385 4786 opere.
1411 4711 1456 4772 nt
1477 4714 1588 4774 emiott
1607 4717 1747 4790 firmem·

951 4806 1014 4869 hoc
1040 4808 1091 4867 est
1111 4805 1300 4882 exemplum
1316 4823 1457 4883 pravum
1471 4809 1517 4869 ita
1533 4810 1748 4875 vehementer

951 4902 1136 4965 accendens
1152 4903 1237 4963 alios
1249 4903 1285 4964 in
1298 4905 1472 4977 malitiam,
1484 4908 1517 4968 et
1531 4922 1747 4986 corrumpens

951 5001 1039 5063 sicut
1063 4999 1185 5062 fornax
1215 5000 1337 5061 ardens
1368 5001 1538 5078 stipulam,
1566 5005 1618 5065 vel
1645 5007 1746 5070 aliam

952 5098 1138 5169 materiam,
1153 5113 1251 5174 quam
1264 5099 1457 5174 corrumpit.
1470 5100 1530 5160 Vel
1539 5100 1587 5162 sic
1602 5124 1609 5161 :
1622 5105 1746 5167 Puteus

951 5194 1076 5273 abyssi,
1093 5199 1189 5273 cujus
1210 5194 1315 5255 clavis
1335 5193 1411 5255 data
1426 5199 1476 5257 est
1491 5197 1523 5257 ei
1538 5201 1574 5268 pt
1588 5203 1744 5276 aperiret,

951 5296 1003 5354 est
1022 5290 1230 5370 profunditas
1256 5290 1392 5352 malitiae
1416 5291 1452 5353 in
1467 5297 1681 5369 peccantibus
1697 5300 1749 5363 la-

987 5423 1029 5493 (3)
1049 5421 1136 5497 vulg.
1152 5434 1295 5494 :magum

1532 5631 1567 5689 29
