3950 6200
144 262 230 323 tort
525 259 634 322 PARS
664 249 870 320 Pullum'-
889 258 1109 320 EXPOSITIO
1138 257 1183 320 IN
1212 258 1415 322 PSALMOS.
1716 261 1795 325 1018

145 421 202 482 vel
226 418 376 496 impleat.
402 422 467 481 Per
491 421 611 483 dentes
631 425 778 492 leonum,
801 418 859 496 qui
882 416 945 479 ieri
1248 419 1389 481 SERMO
1411 418 1550 480 CLXXl.

146 518 238 585 sunt»
254 518 288 578 θῖ
308 518 479 627 Ὓθΐθῦῑῗθν
500 516 655 626 Signat&
672 515 744 578 sffl'a
763 516 943 593 rapam·
1000 550 1041 606 De
1066 549 1169 621 triplici
1199 549 1245 608 die
1270 550 1420 608 cuiusuis
1447 550 1587 623 vesperis,
1612 551 1721 609 scilieet
1748 552 1795 612 die

145 615 197 676 lta
212 612 315 676 flebat
334 615 459 676 sancus
474 613 690 691 Ο1111101111111
709 636 716 675 ²
738 614 818 674 cum
835 612 946 674 essent
1035 636 1144 707 mundi,
1164 637 1211 694 die
1226 639 1301 709 vite,
1320 637 1366 695 die
1382 637 1516 711 justitiae;
1538 637 1672 697 damulis
1689 642 1795 699 nostris

140 711 240 788 justi,
264 711 505 788 reputabantur
528 727 548 772 a
578 710 676 772 malis
699 711 832 788 injusti;
858 709 945 771 unde
1037 725 1180 797 operibus

144 807 489 982 {fflffinssffigrjt'
508 806 945 983 ἑὲὲάἔῃῖιίῗεοξῖζέῑίθὲῗ
1001 861 1125 922 Omnes
1147 835 1221 923 dies
1247 864 1361 924 eostre·
1383 863 1594 937 defecerunt,
1618 864 1652 925 et
1675 867 1712 925 tu
1737 869 1796 928 irc

144 1019 227 1063 num
243 1001 292 1082 (1)
308 1002 461 1080 dissipati
475 1006 562 1065 sunt,
579 1021 597 1063 „
613 1002 764 1064 praedam
780 1002 870 1072 facit,
887 1001 944 1078 qui
1041 958 1103 1019 tac
1116 960 1313 1032 defecimus.
1331 963 1424 1020 Arent
1437 960 1550 1021 nostri
1563 963 1796 1025 stentarcuea

143 1100 260 1160 aliena
284 1100 371 1162 bona
396 1100 460 1161 sibi
479 1101 585 1178 rapit3
607 1100 694 1178 quod
717 1099 799 1162 iacit
822 1100 943 1172 malus,
1040 1056 1310 1117 meditabuntur·
1329 1053 1663 1138 (Psal'89'9et10')

143 1196 334 1259 attribuens
355 1197 420 1258 sibi
444 1196 531 1275 quod
551 1200 689 1260 nonest
711 1213 832 1258 suum:
857 1196 944 1274 quod
1039 1197 1117 1258 Dies
1130 1197 1236 1259 nostri
1258 1196 1460 1270 deiecerunt,
1480 1198 1558 1275 quia
1572 1204 1736 1263 venerunt
1751 1202 1793 1263 ad

143 1295 395 1372 improperatur
409 1296 547 1357 sanetis.
999 1309 1189 1370 vesperam;
1208 1295 1295 1356 unde
1317 1295 1475 1357 debemus
1495 1295 1607 1358 dicere
1628 1314 1703 1358 cum
1719 1297 1793 1359 dis-

184 1392 337 1470 Tertium
357 1392 572 1469 opprobrium
597 1393 732 1455 notatur
753 1392 803 1453 sic
823 1412 831 1452 ι
853 1393 945 1458 duod
999 1389 1149 1467 cipulis:
1178 1395 1284 1453 Mane
1311 1395 1498 1465 eobanum,
1526 1395 1676 1466 Domine,
1710 1411 1795 1469 ceco-

143 1491 453 1564 exprobraverunt
480 1491 784 1552 commutationem
816 1489 945 1552 θῖνῖεῖῖ
999 1491 1095 1549 uiam
1117 1490 1385 1564 advesperascit,
1406 1489 1439 1551 et
1459 1492 1624 1552 inclinata
1647 1492 1794 1565 estjam

144 1587 207 1647 tui.
231 1587 531 1649 commutationem
553 1586 633 1649 iacit
654 1587 818 1648 Christus.
843 1587 943 1647 Gom·
999 1587 1072 1646 dies
1088 1583 1212 1665 (Lucae,
1233 1589 1283 1659 24,
1298 1585 1364 1666 29)
1388 1587 1428 1648 Et
1444 1602 1548 1664 quare
1562 1588 1701 1651 veniunt
1722 1591 1794 1653 dies

142 1683 288 1745 mutatio
304 1683 426 1745 Christi
446 1685 508 1756 θεῖ,
531 1699 607 1745 cum
622 1683 703 1745 iacit
716 1682 758 1743 de
777 1680 870 1743 ebrio
885 1696 944 1741 so·
1000 1683 1104 1743 nostri
1117 1682 1158 1744 ad
1172 1685 1365 1760 vesperami
1379 1684 1463 1756 Quia
1476 1685 1619 1747 mundus
1630 1687 1680 1748 est
1691 1703 1794 1765 prope

141 1778 269 1853 brium,
286 1780 327 1842 de
341 1780 515 1842 luxurioso
533 1782 673 1843 castum.
690 1782 769 1842 Haec
784 1780 835 1841 est
854 1794 945 1840 com·
999 1795 1174 1856 vesperam
1189 1796 1296 1842 suam.
1320 1781 1412 1844 Unde
1427 1783 1622 1855 notandum,
1638 1784 1725 1861 quod
1745 1786 1797 1847 est

140 1877 288 1940 mutatio
304 1878 451 1940 dexteree
463 1878 602 1940 excelsi.
617 1876 679 1940 Job
697 1875 762 1955 (12,
776 1875 810 1956 4)
826 1898 833 1937 :
847 1894 866 1937 ‹
882 1876 945 1949 Qui
999 1875 1071 1937 dies
1086 1878 1213 1952 mundi,
1230 1880 1263 1940 et
1274 1882 1325 1941 est
1339 1878 1411 1941 dies
1423 1879 1579 1942 humanae
1591 1881 1681 1955 vitae,
1697 1883 1730 1943 et
1744 1883 1796 1946 est

143 1974 320 2037 deridetur
338 1974 379 2036 ab
398 1976 594 2047 amicosne,
611 1974 790 2050 sicutego3
809 1991 828 2034 r
849 1973 945 2035 etsie
1000 1972 1073 2035 dies
1097 1975 1249 2052 justitiae.
1277 1976 1356 2038 Dies
1381 1977 1509 2049 mundi,
1535 1980 1632 2056 cujus
1651 1980 1723 2055 jam
1744 1981 1796 2043 est

144 2072 324 2135 deridetur
337 2073 406 2144 ille,
427 2073 484 2150 qui
506 2073 556 2134 sic
577 2074 800 2134 commutatur
817 2094 825 2132 ε
843 2071 944 2133 invo—
999 2086 1151 2148 vespera,
1170 2074 1305 2134 notatur
1320 2073 1356 2134 iu
1375 2074 1557 2150 Evangelio
1577 2073 1722 2153 (uatum,
1741 2078 1794 2148 21,

144 2170 240 2232 cabit
253 2172 371 2244 Deum,
393 2171 427 2232 et
447 2169 605 2231 exaudiet
619 2185 706 2230 eum.
730 2169 794 2231 Ubi
814 2172 944 2244 Grego·
999 2166 1052 2247 32)
1068 2190 1076 2228 :
1092 2185 1111 2228 s
1125 2167 1175 2229 Ab
1196 2168 1315 2230 arbore
1336 2171 1447 2231 autern
1471 2170 1527 2232 liei
1550 2171 1669 2234 discite
1688 2188 1794 2249 para-

144 2267 221 2329 rius
238 2266 290 2346 (2)
310 2267 412 2329 dicit:
435 2283 454 2328 s
474 2267 558 2339 Quia
581 2267 677 2328 illum
699 2266 780 2329 iacit
798 2267 945 2327 bumana
999 2266 1128 2339 bolam;
1145 2282 1220 2327 oum
1231 2269 1302 2344 jam
1314 2282 1427 2328 ramus
1440 2270 1513 2345 eJus
1526 2269 1623 2330 tener
1635 2269 1746 2338 fuerit,
1762 2272 1795 2333 et

143 2364 275 2426 derisio
298 2367 365 2427 Deo
384 2365 585 2441 proximum,
608 2380 704 2442 quem
726 2363 768 2425 ab
790 2363 945 2424 humanis
1000 2362 1080 2426 iolla
1105 2364 1196 2438 nata,
1223 2365 1446 2440 cognoscetis,
1473 2365 1552 2443 quia
1578 2365 1614 2427 in
1642 2368 1795 2444 proximo

144 2461 371 2539 pravitatibus
399 2463 477 2524 vitae
504 2462 695 2524 innocentia
722 2463 836 2523 servat
858 2460 945 2521 alie·
1001 2461 1044 2522 sit
1054 2458 1102 2539 (3)
1119 2462 1228 2522 aestas.
1243 2477 1262 2520 r
1279 2461 1422 2523 Mundus
1440 2461 1554 2523 arbori
1568 2466 1792 2541 comparatur,

144 2575 274 2635 numm
300 2559 398 2632 unde,
430 2559 601 2621 deridetur
623 2559 706 2636 Justi
733 2558 943 2635 simplicitas,
1001 2558 1096 2633 quus
1110 2555 1238 2618 fructus
1253 2556 1353 2618 ruina
1367 2558 1419 2618 est
1434 2579 1441 2617 :
1458 2553 1500 2618 a'd
1517 2558 1581 2620 boc
1595 2559 1684 2619 enim
1700 2575 1795 2621 cres-

144 2655 944 2735 quiaasapientibusmundisimplicitatisvirtus
1000 2654 1057 2724 cit,
1087 2654 1124 2714 ut
1145 2653 1270 2715 cadat:
1298 2654 1340 2714 ad
1369 2653 1432 2716 boc
1462 2655 1637 2730 germinat,
1661 2657 1698 2717 ut
1722 2658 1796 2735 ejus

144 2755 287 2818 fatuitas
307 2754 468 2830 creditur;
489 2756 523 2817 et
543 2752 630 2833 (lob,
648 2756 696 2824 12,
714 2752 760 2832 5),
779 2771 798 2813 «
816 2753 945 2832 lampas
1001 2750 1128 2812 tructus
1144 2747 1192 2829 (4)
1208 2749 1358 2812 cladibus
1374 2753 1559 2826 consumat,
1574 2754 1611 2813 ut
1623 2752 1705 2814 dicit
1719 2757 1797 2815 Gre-

144 2853 338 2929 contempta
364 2851 452 2929 apud
476 2852 698 2927 cogitationes
721 2850 861 2913 divitum
885 2866 947 2928 pa·
1000 2848 1115 2923 gorius
1132 2845 1179 2925 (5)
1204 2869 1211 2906 :
1238 2848 1347 2909 Ruina
1374 2848 1503 2911 corruit
1526 2850 1741 2926 prosperitas,
1764 2852 1798 2915 et

144 2951 223 3012 rata
238 2949 280 3010 ad
295 2950 425 3026 tempus
438 2950 610 3011 statutum.
624 2966 643 3010 ε
657 2950 698 3011 ut
711 2948 840 3026 lampas
855 2948 945 3009 dici·
1000 2945 1070 3006 vita
1084 2945 1196 3021 longa,
1213 2945 1316 3023 etqui
1334 2948 1471 3023 majoris
1491 2946 1706 3009 sublimitatis
1720 2947 1795 3022 ruit,

144 3050 214 3120 tur,
241 3047 275 3109 et
297 3049 484 3125 contempta
505 3068 513 3107 ε
537 3049 676 3123 lampas,
700 3046 779 3124 quia
803 3046 945 3108 interius
1001 3058 1099 3121 quam
1115 3041 1212 3104 modo
1227 3042 1295 3104 sit:
1321 3042 1408 3105 sicut
1422 3042 1472 3105 sol
1488 3046 1604 3106 contra
1623 3044 1796 3108 meridiem

146 3145 256 3219 lucet;
273 3146 472 3222 contempta,
488 3144 567 3222 quia
581 3144 668 3221 apud
684 3144 811 3205 mentes
825 3159 947 3205 carua—
1000 3138 1193 3213 ferventior,
1217 3156 1293 3200 cum
1317 3140 1358 3201 ad
1380 3156 1554 3218 vesperam
1567 3141 1685 3214 tendit,
1706 3143 1796 3220 tepi-

145 3239 231 3301 lium
247 3238 376 3316 abjecta
391 3239 615 3300 existimatur.
637 3237 701 3299 Sed
717 3238 791 3314 ipsa
811 3240 862 3299 est
881 3254 944 3314 pa·
1001 3235 1085 3296 dior.
1104 3238 1170 3296 Sex
1191 3236 1262 3297 dies
1281 3235 1361 3299 iecit
1381 3239 1469 3298 Deus
1490 3253 1564 3298 cum
1582 3252 1733 3314 vespera,
1762 3240 1796 3301 et

147 3338 222 3399 rata
238 3336 279 3397 ad
302 3337 433 3412 tempus
448 3336 618 3398 statutum.
640 3335 841 3411 contemptae
856 3334 944 3395 lam·
1001 3333 1175 3410 septimam
1190 3334 1263 3394 sine
1281 3349 1433 3411 vespera.
1455 3336 1521 3395 Sex
1540 3333 1611 3396 dies
1627 3334 1705 3396 iecit
1720 3351 1795 3397 cum

149 3434 247 3512 padis
262 3435 392 3511 tempus
412 3435 463 3495 est
477 3433 619 3495 extremi
630 3431 751 3510 jndicii
767 3431 946 3509 praedesti·
1000 3445 1153 3506 vespera,
1170 3431 1248 3507 quia
1263 3430 1422 3508 quidquid
1443 3420 1578 3508 propter
1596 3434 1796 3509 praesentem

147 3530 229 3593 nata
245 3529 328 3602 dies,
345 3529 477 3606 quaudo
489 3532 600 3606 Justus
615 3529 767 3607 quisque,
784 3527 841 3606 qui
856 3544 946 3589 nunc
1000 3527 1103 3588 vitam
1123 3527 1170 3598 tlt,
1187 3542 1361 3604 vesperam
1385 3527 1529 3600 babebit,
1555 3527 1609 3589 vel
1631 3528 1795 3591 absorbe-

150 3627 346 3704 despieitur,
377 3628 499 3704 quanto
524 3626 701 3703 splendore
724 3624 861 3702 fulgeat,
888 3626 948 3687 de·
1001 3624 1091 3689 bitur
1112 3641 1132 3685 a
1153 3624 1316 3700 tenebris3
1339 3624 1425 3701 quod
1447 3627 1558 3685 autem
1579 3625 1616 3687 iit
1636 3642 1696 3702 pro
1718 3642 1797 3704 sep-

148 3723 402 3787 monstrabitur.
430 3725 535 3795 eram
559 3739 639 3785 vero
664 3723 708 3785 sit
731 3724 851 3785 nociva
874 3722 947 3784 baec
1001 3722 1094 3794 tima,
1112 3722 1239 3784 scilicet
1260 3737 1320 3799 pro
1335 3722 1404 3784 vita
1419 3722 1598 3799 spirituali,
1616 3723 1720 3785 totum
1736 3740 1796 3786 ca·

149 3822 287 3893 derisio,
305 3824 337 3882 et
352 3820 394 3881 ab
410 3837 449 3881 ea
464 3822 509 3883 sit
522 3821 766 3893 abstinendum,
784 3818 866 3882 dicit
884 3823 948 3881 Ec-
1002 3820 1052 3880 ret
1066 3834 1222 3896 vespera;
1246 3819 1334 3880 unde
1354 3818 1389 3879 in
1409 3818 1608 3897 Apocalypsi
1629 3818 1694 3900 (21,
1714 3819 1793 3900 23)2

149 3918 360 3981 clesiasticus
373 3915 438 3997 (28,
454 3915 508 3996 21)
525 3939 533 3977 2
550 3935 568 3977 ‹<
584 3917 723 3994 Flagelli
743 3918 841 3994 plaga
861 3918 948 3979 livo-
1001 3916 1159 3979 «Civitas
1178 3932 1245 3978 non
1265 3917 1340 3994 eget
1360 3917 1441 3989 sole,
1459 3932 1566 3995 neque
1581 3917 1673 3993 luna,
1689 3919 1726 3981 ut
1743 3919 1798 3980 lu-

148 4033 223 4080 rem
238 4015 340 4077 iacit:
361 4015 460 4091 plage
475 4016 585 4076 autem
601 4015 727 4091 linguae
745 4015 948 4076 comminuet
1002 4015 1100 4075 ceant
1117 4014 1153 4075 in
1178 4022 1239 4088 ea,
1254 4030 1330 4076 nam
1351 4014 1488 4076 claritas
1511 4015 1571 4076 Dei
1595 4015 1799 4079 illuminavit

149 4130 240 4177 ossa.
255 4131 275 4174 a
290 4112 393 4188 Plaga
408 4112 496 4174 euim
512 4112 637 4189 linguae
651 4112 784 4189 repellit
796 4111 946 4173 bomiues
1002 4126 1088 4183 eam,
1105 4112 1139 4173 et
1151 4111 1289 4173 lucerna
1309 4115 1383 4189 ejus
1402 4114 1452 4173 est
1471 4115 1633 4187 Agnus.»
1653 4115 1692 4175 ut
1711 4113 1798 4176 bene

148 4210 282 4273 abonis
298 4209 476 4281 inchoatis,
493 4210 526 4271 et
544 4209 585 4270 ad
606 4225 744 4286 pravam
760 4224 946 4270 conversa·
1002 4207 1140 4269 lucerua
1153 4208 1287 4281 dicitur,
1309 4209 1344 4269 iu
1366 4224 1432 4286 qua
1446 4208 1508 4269 sub
1527 4209 1614 4284 pelle
1627 4210 1799 4273 invenitur

150 4310 276 4372 tionem
292 4307 432 4379 inducit,
447 4307 538 4368 etita
551 4306 748 4369 comminuit
760 4322 847 4379 ossa,
862 4306 948 4369 idest
1001 4305 1183 4380 luminare3
1212 4306 1290 4383 quia
1323 4306 1469 4366 bumana
1503 4321 1604 4367 carue
1638 4305 1797 4371 divinitas

150 4420 268 4467 omues
293 4405 446 4476 virtutes,
470 4419 543 4481 quae
568 4404 675 4480 ipsam
700 4404 845 4464 animam
867 4420 946 4463 sus·
1003 4403 1089 4463 tecta
1105 4404 1155 4463 est
1168 4402 1209 4463 ad
1225 4404 1417 4463 sanctorum
1430 4402 1722 4465 illuminationem.

152 4502 295 4565 tentant.
324 4502 428 4577 Plaga
453 4501 565 4562 autem
593 4501 719 4577 linguae
746 4501 948 4562 comminuet
1044 4502 1127 4560 Sunt
1150 4498 1221 4559 dies
1243 4498 1496 4561 vitaehumanae
1518 4500 1799 4578 dequibusdieit

152 4615 242 4662 ossa.
270 4601 335 4659 Per
361 4597 552 4676 huJusmodi
574 4598 663 4659 enim
687 4597 888 4659 derisionem
912 4597 947 4658 in
1002 4596 1063 4659 Job
1093 4593 1136 4674 (4,
1166 4597 1205 4657 19
1225 4597 1259 4656 et
1281 4594 1351 4676 20);
1379 4614 1398 4657 t
1422 4597 1485 4668 Qui
1509 4597 1662 4661 habitant
1683 4599 1799 4666 domos

151 4697 267 4760 multis
283 4712 370 4761 ossa.
386 4695 475 4756 idest
489 4695 647 4758 fortitudo
662 4695 823 4758 virtutum
839 4695 949 4757 coute-
1002 4693 1124 4766 luteas,
1139 4693 1195 4771 qui
1210 4696 1380 4755 terrenum
1396 4693 1520 4757 babent
1535 4696 1796 4771 tundamentum,

151 4795 251 4870 ritur,
268 4794 303 4856 et
317 4793 448 4855 abonis
463 4792 620 4871 operibus
636 4792 862 4855 retrahuntur.
1003 4790 1241 4852 consumentur
1259 4790 1384 4851 voluta
1405 4792 1504 4864 tinea,
1522 4790 1562 4852 de
1577 4807 1676 4854 mane
1695 4808 1799 4872 usque

1003 4887 1045 4948 ad
1076 4902 1249 4964 vesperam
1278 4887 1500 4950 succidentur.
1529 4905 1547 4947 r
1577 4889 1647 4949 Nos
1670 4907 1797 4965 sumus,

1004 4983 1061 5062 qui
1082 4984 1243 5045 babemus
1267 4984 1382 5045 domos
1402 4984 1522 5053 luteas,
1544 4984 1673 5048 scilicet
1698 4988 1799 5051 corda

1005 5084 1130 5154 nostra,
1147 5098 1220 5159 quae
1245 5082 1323 5143 suut
1343 5083 1513 5142 terrenum
1533 5080 1796 5148 fundamentum.

1004 5180 1107 5241 Tinea
1129 5179 1170 5240 de
1195 5180 1288 5239 veste
1311 5178 1472 5249 nascitur,
1502 5179 1535 5239 et
1559 5178 1696 5242 oriendo
1724 5199 1799 5244 eam

1005 5275 1197 5352 corrumpit.
1221 5274 1331 5338 Vestis
1351 5275 1483 5349 animae,
1504 5289 1593 5347 care,
1617 5276 1705 5339 unde
1725 5295 1800 5342 nas-

204 5438 231 5507 1)
250 5436 337 5510 vulg.
350 5452 358 5493 ι
372 5435 473 5520 leonis.
498 5505 504 5517 ·
882 5440 884 5443 ’
1042 5432 1083 5503 (l)
1105 5435 1137 5491 lu
1152 5431 1232 5515 edit,
1248 5396 1471 5514 usquecunque
1486 5432 1700 5505 germinaverit.

190 5439 233 5654 ἓξ)
253 5507 366 5575 llorel,
382 5505 431 5563 bb.
444 5506 481 5575 X,
497 5520 526 5561 m
540 5519 604 5578 cap.
622 5507 656 5562 11
667 5504 731 5575 tob,
743 5520 771 5563 n.
788 5506 834 5564 bi.
1041 5503 1080 5575 (5)
1101 5504 1206 5560 llornrl.
1223 5506 1235 5561 l
1250 5517 1280 5559 ru
1295 5505 1407 5576 Evang.

252 5578 340 5651 vulg.
355 5594 361 5634 :
376 5576 466 5647 scitis,
481 5576 547 5649 quia
561 5590 649 5649 prope
661 5583 714 5634 est.
