3950 6200
237 222 297 294 uc

536 394 734 485 CLXVIII

237 553 290 613 Ad
301 553 341 612 G.
356 552 648 621 archidiaconum,
666 548 876 625 manistram
895 549 1035 611 111-

277 648 537 709 tdcsuorcrium
556 650 756 721 Tullcuscm,
777 645 812 707 ct
828 649 1035 707 coltouicum

278 747 320 807 dc
340 747 417 805 Vico
432 743 634 806 Mclcnsem.

529 881 561 939 ll
575 881 648 953 junii
663 881 743 939 12211.

251 1010 375 1079 magnai„
387 1006 437 1066 lssv.
456 1010 489 1074 X,
503 1013 578 1080 epist.
594 1012 650 1065 318.
667 1012 724 1064 llas.
738 1014 778 1065 La
789 1010 867 1064 Porta
877 1013 912 1063 du
924 1011 1018 1077 rheu]

238 1138 354 1197 Mandat
370 1140 413 1197 eis
427 1147 458 1197 ut
472 1141 516 1209 B,
531 1140 637 1197 clerico
654 1139 783 1212 pauperi,
807 1137 990 1212 prebendam
1004 1138 1034 1194 in

273 1229 396 1285 ecclesia
409 1226 530 1287 liciensi
539 1228 619 1302 juxta
630 1226 757 1286 mandati
768 1226 924 1300 apostolici
934 1225 970 1285 de
979 1224 1035 1284 boc

271 1315 332 1391 jam
344 1315 402 1374 dati
417 1324 546 1374 tenorem
558 1316 665 1374 iaciant
677 1316 831 1391 assignari.

278 1459 458 1532 Honorius,
475 1461 550 1532 ete,
568 1460 708 1523 dilectis
717 1458 796 1520 tiliis
811 1462 848 1520 G.
861 1458 1036 1520 archidia-

238 1570 323 1618 cono
344 1559 381 1618 et
406 1557 567 1632 magistro
594 1560 634 1619 R.
657 1554 931 1619 subthesaurario
949 1555 1033 1616 Tul·

237 1653 336 1725 lensi,
362 1654 395 1715 et
427 1658 469 1727 1.,
499 1654 660 1716 canonico
689 1654 849 1723 deliine,
876 1653 1034 1714 Maiensis

239 1750 404 1822 dioecesis,
421 1752 573 1823 salntem,
589 1752 650 1813 eto.

279 1848 426 1910 Dilectus
441 1848 530 1908 iilius
544 1851 595 1919 la,
612 1862 739 1925 pauper
751 1847 904 1918 clericus,
919 1861 1036 1923 propo·

239 1944 307 2004 snit
317 1959 429 2005 coram
439 1944 546 2017 nobis,
559 1944 645 2022 quod
655 1961 730 2005 cum
740 1944 819 2005 olim
829 1943 1035 2004 dedissemus

238 2040 381 2102 Metensi
390 2041 537 2117 capitulo
547 2057 607 2118 per
615 2044 748 2104 nostras
759 2041 889 2103 litteras
898 2041 935 2101 in
944 2052 1035 2101 man·

239 2137 337 2211 datis,
354 2139 390 2200 ut
405 2139 523 2211 eidem,
540 2139 598 2216 qui
612 2138 784 2201 dicebatur
799 2139 834 2198 in
850 2154 964 2200 eorum
979 2153 1036 2198 ec·

240 2234 343 2296 clesia
352 2235 531 2298 servivisse
542 2235 582 2296 ab
591 2235 1036 2297 adolescentiasnalldeliter

239 2332 273 2393 et
295 2332 423 2406 devote,
447 2333 483 2393 in
507 2332 710 2411 praebendali
733 2332 787 2395 vel
813 2331 879 2394 alio
902 2316 1057 2409 compes

238 2429 322 2491 tenti
348 2428 574 2494 ecclesiastico
607 2430 770 2493 beneflcio
808 2430 1032 2507 providerent,

238 2525 326 2589 idem
339 2527 483 2589 clericus
498 2527 541 2588 ad
555 2529 747 2589 suasionem
762 2526 980 2604 quorumdam
993 2526 1034 2587 de

238 2621 311 2699 ipso
334 2625 492 2701 capitulo,
518 2625 575 2700 qui
598 2625 696 2702 proni
721 2624 763 2686 ad
785 2623 1033 2701 exsequendum

238 2720 430 2782 mandatum
443 2721 670 2797 apostolieum
689 2721 896 2793 videbantur,
911 2736 948 2782 se
967 2736 1032 2782 vo·
1159 2798 1168 2811 ι

237 2816 360 2879 luntati
391 2833 431 2879 ac
465 2817 676 2894 dispositioni
717 2818 867 2895 ejusdem
895 2818 1034 2895 capituli

239 2929 340 2990 super
354 2914 544 2993 bnjnsmodi
560 2915 751 2993 provisione
766 2915 942 2977 commisit.
958 2915 1035 2977 Col·

236 3009 318 3072 latis
331 3026 412 3073 vero
426 3013 503 3073 aliis
524 3012 721 3090 quibusdam
741 3011 938 3090 prebendis,
959 3026 1033 3089 quae

237 3107 372 3171 interim
384 3109 420 3172 in
431 3112 505 3188 ipsa
515 3111 660 3172 ecclesia
671 3112 886 3183 vacaverunt,
902 3110 1034 3171 demum

236 3206 280 3268 ad
305 3207 484 3284 quamdam
513 3207 724 3286 proebendam
747 3210 828 3270 tunc
861 3209 1034 3270 vacantem

237 3302 361 3365 ibidem
382 3321 402 3366 a
422 3306 546 3382 majori
571 3306 604 3369 et
625 3305 753 3367 sanlcri
778 3306 873 3382 parte
894 3304 1033 3381 capituli

237 3399 362 3463 electus
384 3400 451 3465 tuit
476 3402 514 3463 in
541 3402 737 3464 canonicum
764 3404 797 3464 et
819 3403 855 3462 in
883 3402 1032 3470 tranem

237 3497 434 3576 quibusdam
452 3499 494 3561 de
509 3499 584 3577 ipso
603 3500 749 3576 capitulo
768 3499 804 3562 et
823 3515 975 3572 numero,
999 3501 1034 3560 et

237 3597 357 3658 merito
376 3597 601 3675 paucioribus,
620 3597 817 3673 magistrum
838 3600 878 3658 R.
903 3596 1033 3657 scolas-

235 3693 351 3765 ticum,
363 3696 396 3756 et
410 3695 632 3756 camaranum
646 3694 889 3756 Vindunensem
902 3693 938 3754 ot
951 3697 1034 3755 Tre-

236 3805 413 3851 verensem
459 3792 657 3853 canonicum
701 3790 950 3852 nominantibus
990 3789 1032 3851 ad

237 3885 404 3960 eamdem3
428 3888 587 3963 praedicto
612 3902 691 3963 ergo
715 3887 892 3949 scolastico
920 3887 1032 3964 impe-

237 3981 348 4044 diente
362 3998 405 4043 ne
418 3983 629 4059 praebendam
643 3984 750 4060 ipsam
763 3984 903 4061 pacifice
917 3986 1031 4060 possi-

237 4078 302 4152 det,
316 4079 411 4142 vebis
424 4081 464 4141 de
474 4084 728 4157 procuratorum
741 4082 916 4158 utriusque
928 4082 1033 4159 partis

236 4193 378 4239 assensu
390 4178 541 4239 dedimus
556 4179 592 4239 in
603 4179 769 4241 mandatis
783 4180 819 4242 ut
829 4179 980 4240 eumdem
992 4182 1031 4240 R.

236 4289 338 4352 super
351 4275 414 4337 boc
426 4273 469 4337 ab
482 4274 629 4338 indebita
642 4279 716 4354 ejus
732 4277 965 4337 molestatione
979 4276 1034 4336 de·

237 4371 367 4445 sistere,
384 4374 566 4436 monitione
581 4375 767 4451 praemissa,
782 4388 1033 4451 percensuram

236 4469 508 4542 ecclesiasticam,
524 4471 691 4533 mediante
700 4472 843 4548 justitia,
856 4470 1031 4547 cogeretis.

236 4564 338 4625 Vobis
352 4568 463 4626 autem
484 4567 637 4628 eumdem
662 4571 701 4629 11.
720 4570 820 4645 juxta
836 4567 1033 4650 ,mandatnm

234 4663 1033 4742 apostolicumoommonenubns,utpraenendam

234 4757 342 4837 ipsam
367 4759 505 4836 pacifice
528 4761 715 4823 demitteret
740 4762 880 4838 pauperi
904 4777 1033 4822 memo-

235 4859 321 4931 rato,
330 4858 438 4919 dictus
449 4860 500 4929 R,
513 4857 676 4934 pendente
685 4859 876 4936 hujusmodi
884 4860 1031 4935 negotio,

236 4970 349 5016 coram
374 4954 471 5016 vobis
507 4954 633 5016 electus
661 4957 713 5020 est
744 4955 966 5032 primicerius,
1000 4951 1034 5016 et
1068 4949 1070 4960 “

236 5055 345 5129 major
358 5051 616 5113 archidiaconus
632 5052 782 5113 ecclesiae
797 5052 1033 5124 virdunensis,¹

236 5150 294 5226 qui
326 5150 404 5211 licet
436 5149 710 5226 primiceriatum,
747 5150 1031 5221 archiaconatum‚

235 5247 445 5308 scolasticam
468 5248 502 5309 et
523 5248 743 5309 camerariam
763 5248 799 5308 in
818 5248 891 5324 ipsa
910 5247 1034 5308 Virdu·

236 5343 333 5403 nensi
348 5344 502 5416 ecclesia,
517 5347 551 5406 et
563 5345 598 5404 in
612 5345 809 5406 Treverensi
822 5343 1033 5421 praebendam

237 5439 388 5502 obtinere
422 5445 592 5512 noscatur,
632 5442 741 5504 adhuc
778 5445 889 5504 tamen
924 5443 1032 5520 ipsum

238 5541 425 5616 superium
447 5539 535 5603 diota
556 5538 734 5618 praebenda
756 5540 942 5620 inquietare
967 5555 1034 5602 non

852 224 1029 293 nouom]
1051 226 1098 290 111
1119 226 1268 291 OPERA.

1826 235 1891 295 116

1088 388 1207 450 cessat.
1232 391 1340 460 Quare
1361 388 1457 451 noble
1480 390 1651 453 humiliter
1671 390 1890 468 supplicavit,

1088 488 1214 546 uicum
1236 485 1352 547 contra
1367 486 1534 548 bominem
1554 489 1622 549 tam
1643 489 1812 564 potentem
1827 488 1891 549 ul-

1087 583 1192 644 terius
1211 582 1344 659 litigare
1365 599 1433 645 non
1446 584 1561 660 possit,
1581 584 1705 644 diutins
1725 583 1891 660 fatigatus

1088 680 1257 741 laboribus
1274 681 1308 741 et
1326 682 1483 757 expensis
1501 682 1569 742 tam
1588 681 1776 758 paupertati
1796 684 1889 758 eJus,

1088 793 1187 854 quam
1214 777 1348 838 utilitati
1381 778 1540 839 aletensis
1576 778 1730 840 ecclesiae
1766 780 1891 839 contra

1088 874 1188 935 unius
1201 873 1277 954 (ric)
1292 874 1402 937 officio
1414 890 1474 951 per
1483 874 1758 952 inquietationem
1770 874 1893 953 hujus·

1088 971 1178 1033 modi
1191 971 1417 1045 defraudatur,
1432 973 1571 1050 paterna
1583 972 1802 1047 dignaremur
1816 972 1893 1033 sol·

1088 1067 1261 1130 licitudine
1288 1069 1475 1146 providere.
1508 1068 1651 1146 Ideoque
1689 1067 1891 1129 discretioni

1087 1167 1208 1228 vestra
1230 1181 1291 1244 per
1311 1166 1502 1243 apostolica
1528 1166 1652 1243 scripta
1673 1164 1889 1236 mandamus,

1088 1265 1265 1340 quatenus,
1283 1263 1312 1324 si
1328 1263 1510 1339 praemissis
1525 1264 1650 1325 veritas
1665 1262 1890 1338 suffragatum,

1089 1360 1176 1422 dicto
1192 1359 1331 1441 pauperi
1355 1359 1567 1437 praebendam
1590 1359 1769 1434 assignetis
1792 1374 1893 1420 eam-

1088 1457 1173 1531 dem,
1195 1457 1371 1519 dummodo
1396 1457 1427 1517 ei
1452 1457 1577 1534 aliquid
1595 1454 1796 1517 rationabile
1818 1470 1892 1517 non

1088 1554 1239 1628 obsistat,
1255 1556 1289 1616 et
1300 1554 1433 1615 faciatis
1445 1555 1554 1631 ipsum
1567 1556 1640 1631 eJus
1653 1554 1794 1630 pacifica
1807 1569 1893 1631 pos-

1089 1653 1237 1714 sessione
1252 1652 1408 1728 gaudere,
1431 1650 1691 1713 contradictione
1706 1650 1788 1712 dicti
1809 1649 1890 1727 pri-

1089 1750 1218 1811 micerii
1246 1749 1501 1820 nonobstante,
1528 1764 1602 1809 curn
1626 1748 1802 1823 indignum
1827 1748 1888 1820 sit.

1090 1848 1126 1910 ut
1140 1862 1290 1923 personae
1305 1846 1456 1923 pluribus
1472 1845 1655 1906 redditibus
1675 1845 1891 1906 abundantes

1087 1961 1252 2021 pauperes
1264 1938 1702 2020 clericossuperminoribus
1712 1942 1892 2003 beneficiis

1090 2041 1284 2119 inquietent.
1300 2043 1414 2103 testes
1428 2044 1549 2112 autem,
1567 2042 1628 2102 etc.
1645 2041 1765 2101 Datum
1779 2041 1890 2102 Late-

1089 2139 1175 2212 rani,
1188 2140 1250 2201 Xll
1263 2138 1424 2200 kalendas
1436 2139 1535 2215 junii,
1550 2153 1638 2200 anno
1652 2137 1791 2200 decimo.

1408 2386 1561 2474 CLXIX

1147 2542 1199 2601 Ad
1219 2543 1357 2602 lsmwm
1373 2541 1588 2614 episcopam,
1609 2536 1643 2599 ci
1660 2537 1820 2598 abactam

1398 2640 1439 2698 dc
1457 2638 1569 2697 Limc.

1376 2767 1413 2825 26
1424 2766 1497 2839 jullii
1513 2766 1591 2824 1226,

1259 2888 1450 2955 [lleklembarq.
1473 2886 1601 2948 Urkund,
1613 2885 1710 2950 1311]

1089 3007 1125 3064 Ul
1145 3011 1281 3062 moueant
1303 3004 1469 3071 ilenricum,
1493 3002 1628 3059 comitem
1647 3000 1683 3057 de
1702 3000 1828 3069 iwerin,
1857 3008 1894 3059 ut

1122 3093 1254 3152 vassallis
1267 3091 1454 3162 Waldemnri,
1470 3091 1548 3165 regis
1564 3090 1673 3161 baula,
1694 3089 1824 3147 remittat
1835 3089 1890 3163 ju·

1123 3189 1264 3241 ramenta.

1181 3309 1324 3385 Ideoque
1345 3305 1551 3377 mandamus,
1576 3306 1738 3382 quatenus
1756 3304 1892 3367 dictum

1088 3407 1252 3478 comitem,
1270 3406 1307 3466 ut
1329 3402 1478 3481 praelatis
1506 3402 1586 3464 dicti
1612 3402 1701 3478 regis
1722 3402 1889 3464 vassallis

1088 3504 1236 3565 remittat
1266 3500 1457 3579 bnjnsmodi
1479 3501 1689 3578 Jnramenta,
1717 3499 1891 3561 moneatis

1088 3600 1269 3678 prudenter
1289 3601 1323 3660 et
1348 3595 1529 3660 efficaciter
1556 3596 1740 3666 inducatis,
1769 3596 1890 3672 ipsum

1088 3698 1205 3770 adid,
1232 3697 1260 3757 si
1279 3695 1415 3757 monitis
1441 3694 1654 3772 acquiescere
1683 3707 1750 3753 non
1777 3707 1890 3753 cura-

1087 3795 1185 3866 verit,
1207 3808 1464 3870 percensuram
1488 3790 1750 3853 ecclesiasticam
1766 3790 1892 3865 appel-

1086 3892 1212 3953 latione
1227 3891 1409 3968 postposita
1422 3887 1671 3965 compescendo.
1687 3886 1808 3948 Datum
1824 3888 1892 3948 La·

1087 3989 1208 4060 terami,
1222 3989 1267 4049 Vl
1280 3987 1347 4048 kal.
1360 3987 1450 4065 julli,
1467 4001 1555 4047 anno
1568 3984 1710 4045 decimo.

1419 4217 1551 4304 CLXX

1184 4372 1237 4431 Ad
1260 4371 1514 4431 waldemarum
1533 4380 1652 4442 copem
1665 4365 1800 4426 Dolziae.

1383 4497 1418 4555 26
1429 4494 1502 4570 junii
1518 4496 1595 4554 1226.

1211 4621 1394 4688 [bleklanburg.
1407 4621 1532 4678 Urkund,
1551 4621 1570 4678 1,
1581 4615 1636 4676 321,
1650 4617 1756 4683 1321]

1111 4742 1186 4798 Eum
1201 4737 1323 4796 absolvit
1334 4737 1508 4810 juramento,
1524 4733 1600 4806 quod
1611 4733 1647 4790 ab
1659 4747 1695 4790 co
1707 4732 1866 4804 llenricus,

1257 4840 1355 4883 comes
1366 4823 1402 4882 de
1413 4824 1526 4882 zuerin
1541 4828 1709 4880 extorserat.

1127 4953 1248 5014 Potitio
1272 4952 1331 5012 tua
1355 4950 1450 5011 nobis
1481 4947 1630 5009 exhibita
1665 4945 1890 5023 continebat,

1087 5052 1194 5129 quod,
1226 5066 1302 5110 cum
1327 5048 1492 5109 Henricus
1519 5060 1632 5106 comes
1659 5043 1701 5105 de
1727 5046 1889 5120 Zwerin,

1087 5146 1253 5209 vassallus
1271 5147 1360 5215 tuus,
1386 5144 1419 5205 te
1441 5141 1583 5218 cepisset
1601 5141 1635 5201 et
1653 5141 1784 5204 teneret
1804 5157 1893 5203 car-

1088 5244 1157 5305 ceri
1178 5243 1413 5318 mancipatum,
1430 5255 1450 5300 a
1473 5241 1506 5300 te
1523 5238 1748 5314 juramentum
1763 5238 1891 5300 extor-

1089 5343 1144 5412 sit,
1161 5341 1247 5418 quod
1269 5340 1300 5401 ei
1323 5339 1471 5399 solveres
1494 5333 1669 5412 quamdam
1688 5348 1755 5393 non
1772 5337 1891 5397 modi-

1088 5454 1161 5500 cam
1176 5436 1326 5514 pecuniae
1347 5434 1566 5512 quantitatem
1587 5445 1627 5491 ac
1641 5430 1779 5491 interim
1795 5432 1895 5496 illios

1088 5538 1162 5600 tuos
1178 5533 1309 5598 obsides
1317 5534 1348 5595 ei
1359 5532 1467 5593 dares.
1479 5533 1587 5602 Quare
1601 5526 1698 5590 nobis
1710 5527 1894 5593 humiliter
