3950 6200
275 346 335 407 439

275 502 428 578 lindolph,
441 503 460 561 l.
476 480 500 573 1¹,
514 499 552 561 fol
567 501 599 574 l;
613 502 721 575 Spectet.
737 503 807 563 Vile
817 504 933 574 Eronc,
947 502 996 562 fol.
1005 504 1069 574 otte

274 592 429 659 bfariunus,
454 590 474 647 Ι.
491 592 514 661 l,
529 605 555 648 c.
573 590 648 663 l7,§
670 592 713 663 l3,
734 598 764 649 et
789 593 893 650 Circo.
908 594 1068 666 spalatens.

273 679 410 739 Ecclesiee
423 680 495 756 tls.)

272 840 391 897 Hertrici
407 839 503 897 Willot
517 839 550 896 de
571 840 719 897 Francisei
742 840 920 900 sermonibus
944 842 1066 900 testimo·

627 944 718 986 otum.

220 1036 228 1045 “
308 1043 477 1117 Eloquentia
498 1057 590 1116 euque
615 1043 730 1102 sublimi
749 1059 806 1102 non
821 1044 959 1115 caruisse,
975 1059 1069 1118 neque

273 1131 304 1187 ln
318 1145 353 1189 eo
372 1129 501 1189 doctrina
525 1132 665 1189 minorem
693 1130 792 1201 fuisse,
816 1132 908 1190 fluens
926 1148 961 1190 ex
980 1133 1070 1206 ipsius

272 1233 324 1277 orc
337 1218 429 1277 oratio
443 1218 593 1277 abundans
604 1220 798 1294 spiritualibus
806 1220 997 1301 uberibusque
1007 1236 1070 1280 seu·

273 1307 380 1377 tentiis,
409 1322 465 1381 qua
488 1307 699 1367 multitudinem
724 1308 850 1380 tenebat,
877 1309 1067 1380 demulcebat,

273 1395 417 1465 mouebat,
433 1404 462 1454 et
476 1397 505 1452 in
520 1411 636 1455 ornnem
649 1404 759 1470 partem
779 1398 921 1468 flectebat,
936 1406 1067 1458 testatur.

271 1484 386 1542 Etenim
395 1485 421 1541 si
435 1483 554 1543 effectus
568 1486 738 1558 eloquentia
761 1494 805 1544 est
823 1487 1000 1545 audientium
1015 1503 1066 1562 ap·

272 1570 422 1646 probatio:
438 1581 517 1631 certe
529 1588 593 1631 eam
607 1576 636 1631 ln
658 1575 706 1633 illo
725 1576 849 1648 oportuit
866 1575 954 1634 luisse
967 1577 1067 1650 singu·

272 1660 374 1731 larem,
390 1676 454 1734 quus
467 1661 600 1720 homines
620 1664 764 1737 vulgares,
785 1672 881 1737 atque,
897 1672 927 1723 ut
944 1665 1069 1737 loquitur

273 1750 389 1819 Paulus,
414 1751 564 1821 animales,
582 1752 632 1825 qui
651 1753 777 1825 alioquin
801 1754 957 1827 spiritualia
985 1753 1066 1812 fasti·

273 1837 363 1906 diunt,
380 1846 549 1897 tamennon
569 1840 711 1899 modoad
732 1839 906 1900 audiendum
928 1842 1066 1913 adexerit,

272 1925 430 1985 sedetiam
457 1943 614 2000 suspensos
634 1929 792 2000 retinuerit,
809 1938 894 2004 atquc
917 1932 946 1988 iu
967 1945 1066 1989 eorum

272 2014 385 2073 animos
399 2016 552 2086 influxerit,
567 2025 598 2074 ut
608 2017 708 2075 aliosa
724 2018 897 2092 turpitudine
908 2018 944 2078 ad
956 2020 1068 2079 castita·

271 2110 340 2174 tem,
352 2103 423 2162 alios
436 2103 471 2162 ab
486 2105 591 2163 illicitis
611 2105 697 2164 lucris
716 2106 752 2165 ad
775 2109 951 2181 equitatem,
974 2109 1011 2166 ab
1025 2109 1067 2168 ira

271 2190 389 2250 stodiis
404 2192 439 2250 ad
452 2193 635 2253 concordiam
650 2203 678 2252 et
692 2210 791 2269 pacem
810 2195 977 2264 traduxerit,
992 2196 1068 2255 deni·

274 2295 330 2354 que
344 2281 431 2339 etiam
447 2296 504 2339 uon
520 2297 657 2355 paucosa
673 2283 771 2341 mundi
787 2299 896 2354 amore,
915 2301 971 2358 quo
983 2285 1068 2358 plane

273 2369 400 2443 absorpti
409 2378 501 2441 erant,
516 2371 553 2430 ad
566 2371 696 2445 ejusdem
708 2381 904 2448 contemptum
919 2374 995 2432 etad
1008 2382 1065 2433 ter·

272 2472 343 2516 rena
358 2460 454 2517 omnia
467 2460 580 2533 penitus
592 2462 749 2520 deserenda
760 2461 913 2536 impulerit.
929 2464 1066 2521 Memoria

271 2544 391 2620 dignum
416 2557 469 2618 est,
492 2564 625 2622 qucum
650 2551 794 2610 concione
816 2551 878 2622 300,
898 2552 986 2610 altera
1001 2553 1065 2622 500,

271 2634 446 2705 inflexerit,
467 2638 612 2695 utstatim
633 2638 682 2694 vili
701 2637 757 2696 hoc
778 2638 957 2712 leucophutae
976 2639 1067 2713 plebis

271 2724 413 2794 tegmine,
426 2725 529 2798 spretis
544 2725 644 2783 muudi
660 2725 810 2796 illecebris,
826 2728 941 2801 contegi
954 2742 986 2785 se
998 2743 1065 2800 pos·

270 2808 398 2879 tulerint,
409 2824 516 2884 eosque
528 2827 580 2869 suo
594 2814 816 2872 sacrolnstituto
833 2816 927 2872 statim
938 2815 1064 2874 initiarit.

272 2893 316 2967 (ln
332 2897 450 2955 Athenis
470 2900 695 2958 orthodoxorum
710 2900 837 2959 sodalitii
859 2903 1064 2961 Franciacauo·

271 2999 345 3056 rum,
358 2986 399 3043 lit.
415 2985 461 3062 F.)

526 3115 647 3174 SEleO
666 3117 810 3176 PlilbiUS.

460 3230 672 3288 oetnmttttate
691 3237 716 3289 ot
727 3233 876 3304 patientie.

308 3343 385 3413 Quas
398 3342 560 3402 individuas
574 3346 694 3405 comites
708 3344 897 3404 humilitatem
910 3353 939 3406 et
952 3348 1063 3420 patien-

273 3430 343 3489 tiam
365 3431 464 3490 hebuit
484 3431 612 3491 Christus
633 3435 662 3491 in
686 3448 780 3505 cruce,
802 3443 831 3493 et
849 3451 921 3508 quas
935 3451 1066 3494 sororum

272 3519 372 3578 ormus
384 3536 465 3578 amor
478 3522 635 3595 conjunxit,
647 3521 710 3581 hac
723 3523 819 3581 brevis
832 3526 924 3582 oratio
943 3525 1064 3583 nullate·

271 3621 328 3666 nus
341 3609 494 3682 separabit.
512 3612 616 3670 Servus
626 3613 677 3669 Dei
693 3618 781 3670 multa
796 3612 881 3670 debet
890 3629 942 3688 pro
955 3612 1066 3673 Christo

272 3696 341 3770 pati,
354 3699 403 3772 qui
416 3713 482 3757 cum
503 3700 606 3757 eodem
620 3700 705 3758 bonis
725 3699 831 3774 perfrui
845 3709 942 3775 sperat
957 3703 1064 3776 sempi-

271 3787 370 3844 ternis.
384 3787 538 3860 Apostolus
549 3789 619 3846 dixit
631 3789 787 3863 (Romulo,
797 3791 841 3863 te)
853 3805 910 3848 non
923 3806 988 3849 esse
998 3806 1066 3849 cou-

274 3872 379 3947 dlgnas
393 3876 542 3948 passiones
559 3876 645 3951 hujus
659 3884 716 3935 tem
720 3880 798 3951 poris
812 3877 848 3936 ad
863 3877 987 3938 futuram
1002 3881 1065 3955 glo·

271 3963 353 4033 riam,
379 3979 443 4037 quas
461 3965 632 4022 revelabitur
653 3967 682 4023 in
707 3966 799 4025 uobis.
826 3970 890 4026 Nou
913 3977 991 4039 sunt,
1013 3984 1068 4028 nec

271 4051 393 4109 inveniri
406 4060 524 4125 possunt
539 4052 602 4112 duae
613 4054 746 4127 periente
760 4055 880 4126 delicie,
898 4072 952 4116 nec
967 4057 1065 4116 binum

270 4147 366 4214 potest
387 4156 453 4200 esse
474 4141 612 4216 gaudium
636 4145 754 4201 omuino
778 4146 962 4218 completum.
979 4147 1066 4208 Suum

272 4228 431 4288 doctrinam
454 4231 570 4304 incoepit
585 4230 620 4289 eb
635 4229 793 4291 humilitate
807 4232 934 4293 Christus
948 4236 976 4292 in
992 4251 1064 4307 pree-

271 4333 351 4391 sepe,
367 4334 452 4392 quam
465 4321 494 4376 in
508 4321 646 4393 patientia
667 4319 759 4380 bonus
773 4323 913 4396 magister
928 4324 1068 4381 conclusit

270 4406 301 4464 ln
315 4421 408 4465 cruce.
430 4411 494 4482 fpse
509 4410 595 4467 etiam
613 4409 706 4468 dixit:
731 4413 811 4468 Beati
830 4413 879 4484 qul
893 4414 1065 4485 persecutio·

271 4509 335 4551 rtem
355 4497 507 4566 polluatur
523 4503 640 4570 propter
656 4500 801 4571 justitiam
827 4499 951 4574 (Matth,
966 4517 993 4570 v,
1009 4499 1065 4574 to).

272 4583 385 4656 Optime
399 4586 477 4642 enim
491 4588 570 4644 novit
589 4602 705 4660 poenam
726 4589 754 4645 in
774 4589 897 4663 gloriam
920 4596 1065 4648 transmu-

272 4678 345 4741 tare,
360 4676 586 4745 persecutionem
597 4683 626 4733 et
640 4684 747 4734 metum
764 4678 792 4734 in
810 4677 960 4752 gaudium.
976 4678 1067 4736 Faber

273 4760 465 4834 argentarius,
475 4775 510 4817 ex
522 4762 639 4819 metallo
652 4763 727 4835 quod
742 4765 854 4838 accipit,
868 4764 1008 4839 scyphum
1019 4773 1067 4823 aut

273 4849 389 4907 vascula
405 4849 536 4920 conficit3
548 4865 602 4909 uec
612 4853 688 4909 enim
698 4868 733 4911 ex
744 4853 876 4926 plumbea
887 4869 982 4912 massa
999 4854 1066 4911 cali·

272 4951 337 4995 cem
356 4937 490 4996 conflabit
506 4947 695 5012 argenteum:
718 4942 796 4999 solus
817 4945 894 4999 Deus
912 4957 947 4999 ex
960 4942 1065 5000 labori·

273 5024 327 5084 bus
341 5029 468 5099 requiem
483 5028 569 5098 elicit,
584 5037 612 5086 et
629 5045 663 5086 ex
680 5031 828 5088 tormentis
842 5029 980 5104 gaudium
995 5032 1067 5088 eruit

273 5117 489 5188 sempiternum.
506 5117 675 5191 Diligentes,
689 5119 812 5175 humiles
823 5125 852 5175 et
863 5120 1005 5191 patientes
1015 5119 1065 5178 de·

273 5212 320 5261 cet
333 5219 397 5261 esse
408 5220 517 5275 servos,
534 5207 608 5279 quia
619 5208 802 5265 Dominosuo
811 5207 1067 5280 incomparabilem

273 5299 424 5365 expectant
440 5294 611 5351 mercedem.

498 5445 619 5504 sonato
648 5447 842 5506 SECUNDUS.

470 5560 577 5617 centro
597 5567 711 5632 peccota
729 5564 873 5620 mortalia.

312 5672 439 5730 Mortalin
474 5682 599 5744 peccota,
632 5675 741 5746 fratros,
770 5680 887 5738 omnino
913 5680 1067 5754 fugiamus.

708 346 742 406 S.
765 344 987 408 FRANCISCI
1007 346 1236 410 asststssts
1258 351 1488 414 OPUSCULA.
1820 365 1864 424 ild

1123 506 1308 567 Considerate
1324 514 1354 566 et
1373 508 1479 579 uidete
1494 523 1579 582 quam
1594 508 1692 568 foedum
1708 520 1734 571 ct
1750 513 1864 575 abomina-

1123 593 1180 653 bile
1208 606 1346 670 appareat
1359 613 1464 671 eorpus
1478 598 1617 668 examine,
1638 601 1744 673 spiritus
1760 605 1866 665 uitulltue

1123 681 1306 754 destitutum3
1321 692 1350 743 et
1363 686 1514 759 intelligite
1531 687 1619 744 multo
1633 686 1785 748 foetldiorem
1797 700 1820 749 et
1830 694 1867 751 in·

1123 770 1303 831 mundiorem
1327 790 1391 832 esse
1419 776 1545 833 animam
1565 776 1627 834 sine
1648 780 1713 846 beo,
1733 780 1775 851 qui
1790 783 1867 840 anime

1123 861 1219 920 anima
1245 869 1300 933 est,
1323 860 1437 935 quando
1462 865 1491 920 in
1516 865 1625 923 mortali
1638 864 1867 929 luciducatus

1123 948 1196 1008 adeo
1218 950 1329 1025 indiget
1345 966 1402 1010 una
1422 960 1552 1011 creatura
1575 954 1671 1025 alteru,
1691 964 1784 1028 quoto
1798 960 1868 1032 magis

1123 1046 1252 1097 creatura
1267 1055 1320 1097 suo
1331 1055 1404 1113 opus
1416 1039 1503 1098 habet
1516 1042 1669 1101 creatore?
1689 1046 1800 1118 Longius
1807 1045 1868 1103 distet

1123 1142 1139 1185 a
1163 1135 1281 1200 peccato
1300 1130 1405 1203 gratia
1423 1144 1540 1202 quamn
1563 1132 1653 1205 gratia
1669 1131 1771 1204 gforim
1787 1134 1867 1191 indutu

1123 1222 1167 1273 cst
1187 1216 1264 1274 euim
1292 1218 1366 1275 inter
1390 1225 1538 1291 peceatum
1564 1226 1592 1277 ct
1618 1220 1734 1293 gratiam
1753 1220 1867 1292 distentim

1123 1303 1196 1361 inter
1218 1306 1341 1378 gratinus
1363 1307 1481 1363 veroin
1506 1308 1614 1365 sanctis
1636 1308 1711 1378 viris,
1729 1317 1755 1366 et
1770 1311 1867 1382 gloiim

1123 1393 1181 1450 sola
1198 1408 1276 1452 mors
1294 1394 1452 1453 intercedit.
1468 1396 1521 1465 Qui
1542 1410 1614 1469 ergo
1628 1398 1772 1455 mortaliter
1788 1407 1867 1470 peceat,

1123 1495 1139 1539 a
1165 1483 1225 1539 fleo
1250 1482 1412 1556 elongatur,
1436 1491 1465 1541 et
1482 1484 1513 1541 in
1531 1498 1646 1542 servum
1666 1484 1867 1558 deputatorum

1122 1584 1208 1642 quem
1236 1577 1265 1629 et
1292 1579 1475 1644 peccatorum
1503 1579 1613 1630 tautum
1640 1574 1696 1631 rita
1718 1573 1865 1645 mediaeque

1123 1657 1267 1717 multoties
1292 1674 1343 1733 per
1360 1660 1506 1732 inopinam
1521 1669 1551 1718 et
1566 1661 1766 1719 instantnueam
1782 1670 1867 1719 numu

1124 1746 1227 1805 tollitur
1247 1748 1381 1819 emedio,
1406 1755 1436 1806 et
1457 1749 1643 1823 extinguitur.
1662 1751 1761 1819 Quotos
1781 1749 1869 1807 uolnus

1123 1843 1208 1894 noctu
1233 1837 1338 1895 lectum
1363 1852 1455 1896 sanos
1472 1838 1676 1908 conscendere,
1698 1840 1869 1911 etinprouino

1122 1933 1250 1983 mortuos
1262 1927 1291 1982 in
1305 1925 1396 1984 foveis
1410 1927 1545 2002 sepeliri?
1565 1930 1656 1985 ileum
1670 1929 1813 2001 suppliciter
1825 1941 1868 1983 ore·

1123 2029 1197 2083 mus,
1212 2021 1243 2072 ut
1256 2029 1328 2087 quos
1341 2030 1392 2073 sua
1406 2017 1498 2088 gratia
1512 2014 1633 2086 refovet,
1649 2018 1677 2074 in
1691 2016 1780 2074 endem
1788 2021 1871 2073 samm

1122 2106 1283 2173 conseruet,
1299 2111 1327 2162 et
1340 2102 1460 2162 miseros
1474 2112 1641 2178 peccatores
1655 2103 1871 2163 misericorditerlo

1121 2189 1169 2249 illa
1198 2198 1359 2265 regeneret.
1384 2194 1407 2251 0
1431 2194 1523 2250 Βειιιιι
1547 2192 1661 2262 fortem,
1687 2201 1715 2252 et
1739 2195 1814 2266 pion,
1831 2200 1871 2248 tan

1123 2294 1243 2352 prolium
1276 2279 1312 2338 ad
1339 2281 1548 2354 ignoscendum
1580 2281 1871 2356 poenitentibusque

1123 2375 1267 2441 potentem
1279 2376 1308 2427 et
1322 2383 1454 2428 severum
1467 2369 1503 2427 ad
1518 2370 1694 2444 puniendum
1707 2370 1849 2428 obstinatos!

1364 2584 1486 2645 seulfo
1510 2586 1675 2647 TERTIUS.

1352 2710 1393 2766 De
1410 2708 1479 2768 moto
1499 2709 1686 2784 eleemosynae.

1156 2838 1297 2912 Ohomo,
1326 2842 1540 2916 eleemesynam
1562 2845 1682 2918 pauperi
1703 2842 1819 2916 elargire,
1840 2853 1873 2911 pu

1121 2945 1207 3002 quem
1220 2930 1297 2989 illam
1312 2930 1413 2988 tribuis
1426 2931 1562 2990 Creatori.
1577 2933 1629 2991 lfle
1635 2934 1665 2990 in
1671 2946 1786 3006 paupere
1792 2928 1872 2986 debito·

1121 3033 1182 3076 reru
1203 3034 1235 3076 se
1249 3020 1395 3077 coustituit
1406 3019 1540 3092 perfecte
1549 3027 1579 3078 et
1588 3022 1738 3095 exagitate
1754 3016 1870 3082 mercedis,

1120 3115 1148 3165 et
1162 3109 1341 3182 superplena
1355 3109 1556 3168 retributionis.
1583 3113 1654 3180 Deo,
1677 3111 1873 3181 solunperpuu·
1909 3127 1910 3162 ι

1121 3211 1230 3269 pereni,
1252 3205 1348 3256 nostra
1371 3212 1525 3271 possumus
1546 3199 1663 3270 odmre,
1680 3200 1736 3272 qul,
1756 3198 1875 3265 suunpe

1121 3300 1287 3359 pauperem,
1300 3288 1405 3345 uostris
1419 3288 1522 3360 poterit
1544 3288 1687 3363 indigere.
1711 3286 1799 3348 Videte
1818 3295 1875 3354 erge

1120 3373 1232 3444 fratres,
1251 3382 1366 3448 quemae
1387 3376 1425 3433 sit
1441 3375 1585 3434 felicitatis
1602 3379 1647 3435 vir
1665 3372 1875 3447 eleemosynarius

1121 3464 1169 3536 qui
1183 3463 1210 3520 ei
1218 3471 1310 3536 potest
1327 3464 1493 3537 impendere
1505 3465 1552 3538 qul
1573 3466 1713 3535 retribuit,
1721 3471 1747 3522 et
1758 3464 1799 3520 dut
1809 3457 1876 3518 omni·

1120 3551 1174 3610 bue
1186 3551 1345 3611 affluenter.
1353 3554 1404 3613 Cui
1417 3568 1473 3610 non
1486 3555 1581 3612 solum
1594 3555 1724 3623 multum,
1735 3553 1778 3626 qui
1788 3549 1877 3607 uduo

1120 3639 1217 3710 habet,
1230 3640 1327 3699 tribuit
1337 3640 1428 3711 dives,
1443 3642 1494 3699 sed
1506 3650 1535 3699 et
1547 3644 1702 3715 plurimum
1719 3642 1831 3715 largitur,
1843 3632 1877 3706 qui

1121 3744 1185 3802 qun
1199 3728 1294 3800 babet,
1315 3732 1433 3804 pauperi
1447 3730 1597 3804 impendit.
1614 3734 1647 3791 lu
1661 3726 1842 3805 gazophylacio
1853 3722 1878 3777 ti

1120 3817 1176 3876 dnn
1199 3818 1247 3877 illa
1269 3820 1444 3892 Euangeliou
1467 3834 1589 3878 censum
1612 3835 1727 3878 ornnem
1751 3811 1876 3876 alamoth,

1122 3904 1235 3980 quando
1258 3908 1360 3977 solum,
1382 3923 1446 3980 quae
1467 3907 1576 3979 habuit,
1594 3910 1702 3968 minuta
1721 3908 1772 3965 duo
1788 3904 1879 3962 llbemu

1122 3995 1266 4069 impertiit.
1283 3996 1364 4056 Unde
1377 3995 1546 4055 offerentem
1561 3999 1658 4071 palam
1674 3997 1791 4057 Christus
1802 3987 1875 4049 leudo·

1122 4085 1171 4154 vit,
1191 4084 1259 4143 dum
1273 4084 1399 4144 oblatum
1423 4100 1480 4143 uon
1503 4094 1599 4156 mnus,
1619 4085 1672 4145 sed
1684 4087 1785 4159 pingue
1796 4077 1879 4154 pullio

1118 4173 1266 4246 judicavit.
1291 4174 1343 4232 Eia
1369 4175 1543 4248 pauperibus
1564 4174 1685 4249 proinde
1707 4183 1735 4232 et
1759 4169 1843 4244 egenis
1854 4162 1879 4219 do

1121 4263 1242 4321 terrenis
1255 4270 1284 4321 et
1297 4262 1414 4320 caducis
1428 4262 1642 4334 distribuamus,
1658 4264 1758 4337 quibus
1770 4261 1879 4318 lunens

1121 4350 1207 4421 bona,
1223 4365 1288 4409 cum
1304 4353 1364 4409 Deo
1386 4351 1532 4423 duratura,
1548 4352 1632 4411 uobis
1651 4353 1679 4409 in
1695 4351 1771 4409 coelis
1782 4342 1880 4417 acquhe

1121 4454 1196 4497 mus.
1210 4439 1369 4498 Hereditas
1383 4455 1540 4513 pauperum
1558 4449 1603 4499 est
1621 4441 1805 4512 eleemosyna,
1817 4441 1880 4505 quem

1122 4542 1246 4601 maguus
1265 4528 1311 4586 ille
1335 4536 1431 4587 noster
1445 4527 1532 4586 frater
1545 4532 1630 4587 lesus
1647 4529 1769 4589 Christus
1779 4518 1882 4581 omnibus

1122 4618 1282 4689 acquisivit.
1311 4619 1375 4675 Non
1401 4617 1488 4691 igitur
1513 4618 1628 4690 quando
1652 4618 1708 4675 illis
1730 4607 1881 4674 distribuite,

1122 4706 1247 4763 alienum
1262 4706 1338 4763 dono
1352 4705 1445 4776 datur,
1457 4706 1519 4775 sed,
1533 4706 1608 4779 quod
1623 4721 1692 4764 uere
1704 4706 1834 4764 suumoet
1847 4695 1881 4750 in·

1122 4793 1261 4867 penditur.
1287 4796 1350 4868 Ego
1371 4792 1473 4854 fratres
1493 4810 1574 4853 meos
1590 4796 1716 4853 Minores
1733 4790 1831 4865 rogoin
1845 4784 1882 4840 llo

1122 4883 1200 4941 mino
1214 4886 1282 4941 lesu
1294 4881 1414 4953 Christo,
1437 4886 1504 4957 quia
1519 4883 1555 4942 ad
1569 4883 1632 4957 elus
1649 4883 1821 4941 imitationem
1834 4883 1882 4945 pel·

1123 4987 1206 5044 peres
1225 4971 1297 5042 fleri,
1318 4979 1346 5030 et
1360 4972 1390 5029 in
1405 4974 1522 5030 uomina
1533 4973 1597 5047 ejus
1608 4967 1881 5058 eleemosynaspeltlf

1122 5061 1282 5130 volucrunt,
1303 5076 1339 5117 ne
1358 5060 1587 5119 verecundentur
1610 5075 1663 5119 eas
1685 5060 1811 5131 colligere
1822 5056 1883 5107 belle

1122 5149 1183 5207 tim.
1208 5152 1249 5207 De
1270 5148 1463 5224 eleemosynis
1477 5151 1539 5223 ipse
1558 5142 1883 5208 schismasticum

1121 5238 1187 5295 vilis
1196 5237 1282 5296 faciet
1296 5246 1438 5307 creatura,
1457 5237 1534 5310 quod
1549 5239 1628 5312 prius
1641 5237 1741 5296 viderit
1753 5235 1883 5321 &meoli

1123 5325 1226 5384 fecisse
1239 5327 1476 5400 omnipotentem,
1499 5342 1557 5385 non
1572 5326 1714 5394 dedecori,
1734 5321 1781 5380 scd
1796 5319 1882 5376 boleti

1124 5429 1181 5472 non
1205 5415 1384 5487 ignominias,
1413 5416 1465 5474 sed
1491 5415 1588 5474 decori
1620 5411 1784 5473 vertendum
1807 5412 1884 5500 omne

1121 5502 1295 5576 judicabant.
1319 5505 1465 5577 Praecipue
1479 5520 1545 5562 cum
1568 5518 1676 5577 pauper
1687 5499 1823 5560 mendicus
1833 5490 1884 5590 dil·

1124 5600 1192 5663 tem,
1219 5607 1312 5665 aquo
1330 5593 1542 5667 eleemosynam
1565 5592 1684 5665 flagitat,
1708 5584 1884 5648 abundantiore

1125 5680 1178 5738 bus
1202 5679 1306 5739 afliciat
1333 5680 1485 5753 thesauris,
1508 5690 1536 5740 et
1557 5680 1696 5740 occultam
1722 5669 1885 5736 emplastro
