3950 6200
538 325 540 329 '
608 378 610 381 ,
645 318 967 382 Pitonoeomonn.
990 348 1031 365 -·
1055 319 1164 381 VITA.

101 322 152 384 209
1662 324 1725 385 210

102 478 313 555 sibiimposita
324 479 673 555 perficiensreversus
684 479 784 541 estad
798 472 883 540 P'on-
937 478 1077 553 genibus
1098 478 1294 540 Pontificem
1314 476 1490 550 allocutus,
1511 478 1560 542 ait
1584 496 1592 541 :
1612 481 1732 556 Ingre-

102 579 217 647 lltlcem,
242 576 364 638 dicens
392 576 511 648 :Feci
542 577 736 638 beatissime
773 576 879 653 pater,
936 576 1026 648 dere,
1052 577 1148 652 pater
1170 577 1391 638 sanctissime.
1414 577 1477 647 Qui
1499 577 1591 638 solus
1616 579 1732 656 ingre-

102 676 173 752 qnod
184 674 366 736 mandasti.
381 674 601 746 Guardianus
618 675 662 735 iis
674 674 797 736 auditis
813 689 880 735 ser
936 674 1031 734 diens
1046 676 1123 735 ante
1138 674 1239 751 pedes
1254 675 1362 735 sancti
1381 676 1530 752 corporis
1546 679 1731 752 prostratus
1765 712 1770 721 κ

102 770 251 842 monibus,
264 771 374 831 nimio
387 788 508 848 pavore
521 774 694 849 correptus
705 772 765 843 est,
782 771 829 833 ita
845 774 881 833 ut
936 771 1117 838 humiliter,
1132 773 1199 832 tam
1211 772 1427 834 vehementer
1442 772 1606 849 plorabat,
1614 776 1651 835 ut
1663 774 1733 836 fre-

100 871 129 931 in
140 883 252 942 magno
267 868 488 930 dubitationis
501 885 609 945 agone
623 867 724 930 fuerit
736 869 879 945 positus:
936 868 1036 929 mitus
1049 869 1223 929 audiretur
1237 884 1257 929 a
1272 868 1381 929 nobis.

100 983 133 1028 ex
144 981 204 1026 una
217 965 725 1042 enimpartecontradioerenou
736 964 881 1027 audehat
975 967 1155 1042 Postquam
1174 980 1254 1025 vero
1272 981 1420 1026 summus
1440 967 1594 1029 Pontifex
1609 983 1729 1029 conse-

100 1062 242 1123 voluutati
258 1063 385 1123 summi
408 1063 596 1138 Pontificis3
618 1079 661 1124 ex
676 1062 782 1125 altera
799 1078 879 1124 vero
935 1063 1031 1124 cutus
1046 1063 1196 1140 estquod
1211 1062 1413 1123 desiderium
1429 1080 1525 1124 suum
1541 1065 1729 1141 flagi·tabat;

99 1158 267 1230 verebatur,
283 1175 330 1220 ne
342 1161 411 1221 tam
426 1176 558 1221 sacrum
579 1162 612 1221 et
624 1162 805 1236 pretiosum
823 1160 878 1237 pi·
934 1159 1028 1220 adse
1051 1176 1208 1223 reversus
1227 1160 1414 1222 introduxit
1432 1162 1465 1223 et
1486 1176 1557 1234 uos,
1577 1164 1634 1239 qui
1655 1178 1731 1223 cum

99 1255 424 1332 gnusauferreturab
446 1257 579 1329 Ordine,
603 1256 706 1319 veluti
722 1257 879 1334 paralios
934 1257 1203 1333 pervenissemus
1227 1257 1268 1317 ad
1293 1257 1414 1329 locum,
1438 1263 1554 1335 stupor
1577 1259 1730 1336 equidem

49 1374 50 1379 ¹
99 1353 295 1431 priusfuerat
307 1354 519 1427 attentatum,
536 1356 569 1416 et
581 1356 652 1432 ipse
672 1352 878 1432 postmodum
934 1354 1143 1416 incredibilis
1158 1369 1275 1416 omnes
1291 1355 1427 1416 invasit.
1443 1357 1530 1415 Vere
1544 1356 1731 1431 investiga·

99 1450 279 1511 calumniam
293 1453 480 1513 sustineret
493 1468 513 1512 a
534 1450 673 1513 civibus.
686 1455 732 1512 Ea
745 1452 879 1527 propter
933 1452 1017 1513 biles
1032 1452 1097 1514 viae
1112 1453 1256 1522 Domini,
1276 1455 1309 1515 et
1319 1452 1481 1529 judicium
1497 1454 1571 1529 ejus
1585 1452 1627 1513 ab
1641 1454 1730 1514 omni

99 1549 194 1609 adiens
214 1548 427 1620 Pontificem,
451 1549 548 1610 modo
570 1549 647 1622 buc,
667 1548 765 1610 modo
785 1547 876 1621 illuc,
934 1549 1079 1610 bumana
1100 1550 1302 1625 cogitatione
1317 1565 1454 1626 prorsus
1475 1549 1634 1610 alienum.
1650 1551 1730 1621 Quis

98 1646 232 1722 uuquam
247 1645 390 1707 demens
399 1647 432 1707 et
443 1662 547 1733 vagus
564 1646 750 1717 incedebat,
765 1645 878 1707 celans
933 1662 1080 1724 unquam
1102 1647 1241 1719 audivit,
1258 1648 1316 1708 aut
1330 1647 1405 1724 quis
1426 1646 1507 1709 talia
1531 1646 1651 1709 effatus
1667 1648 1728 1719 est,

99 1743 221 1803 animum
238 1760 354 1803 suum.
372 1745 454 1803 Cum
469 1744 579 1804 autem
591 1743 723 1804 fortiter
737 1758 877 1818 cogere-

98 1842 181 1900 turut
193 1841 411 1901 Pontificium
423 1840 575 1918 impleret
587 1840 778 1902 mandatum
792 1857 801 1913 ;
815 1855 878 1916 pe-

98 1938 129 1998 tit
150 1936 328 2009 humiliter,
352 1941 483 2000 utrem
508 1939 605 2001 istam
631 1938 789 2000 iratribus
812 1936 877 1998 loci

98 2033 186 2110 palam
199 2034 313 2096 iacere
327 2035 537 2111 permitteret
549 2035 783 2111 Pontil'ex3qui
792 2035 878 2111 post·

99 2147 176 2207 guam
193 2132 268 2194 illos
290 2132 418 2194 fuisset
433 2133 608 2201 allocutus,
625 2133 666 2194 ad
682 2131 877 2194 Pontificem

98 2229 194 2290 iterum
217 2245 382 2292 reversus
409 2232 470 2303 est,
494 2231 608 2292 dicens
626 2252 633 2290 ε
648 2229 877 2292 obedientiam

100 2330 175 2401 prout
187 2327 324 2389 Ordinis
341 2328 489 2403 dignitas
504 2327 703 2404 expostulat,
719 2325 780 2388 tibi
795 2342 878 2403 prae·

99 2421 157 2484 bere
170 2426 274 2500 parati
293 2442 429 2497 sumus,
453 2425 644 2486 beatissime
658 2425 764 2501 pater,
781 2425 878 2485 dum-

99 2521 173 2581 modo
187 2540 300 2595 unum,
320 2526 424 2601 juxta
448 2522 693 2599 beneplacitum
713 2522 874 2594 nostrum,

99 2616 278 2692 impleveris.
291 2624 404 2682 Porro
419 2622 449 2681 si
459 2621 508 2681 tui
520 2619 678 2683 desiderii
693 2620 787 2695 cupis
802 2634 876 2680 esse

48 2712 50 2751 ὲ
100 2729 219 2791 compos,
235 2717 352 2778 tribus
370 2719 510 2789 tantum,
526 2720 559 2778 et
573 2733 640 2779 non
656 2717 806 2794 pluribus
820 2720 875 2779 te·

99 2814 876 2891 conessumptis,adlocumdescenderenecesse

48 2966 49 2971 ,
100 2911 146 2969 est
162 2911 277 2982 Quinta
314 2926 401 2973 vero
420 2912 533 2973 noctis
562 2913 644 2973 bora
664 2912 872 2984 adveniente,

48 3062 50 3100 ÷
99 3003 251 3069 descendet
275 3010 338 3070 tua
359 3008 536 3083 sanctitas3
558 3010 591 3070 et
606 3010 712 3070 oculis
730 3009 875 3086 propriis

47 3101 50 3178 l
99 3107 271 3181 conspicies,
285 3123 391 3184 quem
403 3107 679 3169 ardentervidere
691 3107 872 3169 desideras.

48 3181 50 3256 ἶ
129 3203 188 3272 Quo
210 3205 326 3266 audito
343 3205 506 3266 Nicotaus
528 3204 692 3276 Pontifex,
710 3204 767 3282 qui
786 3207 875 3266 recte

48 3349 50 3390 ἰ
100 3300 125 3359 et
134 3300 299 3364 sinceriter
314 3317 352 3364 se
372 3301 510 3376 gerebat
524 3302 558 3363 in
576 3303 708 3378 negotio
728 3306 872 3374 :¹Laetus,

48 3397 50 3470 ξ
99 3394 200 3473 inquit,
227 3401 410 3461 assentior.
447 3401 595 3461 Gallicus
628 3416 709 3463 vero
741 3401 874 3478 quidam

48 3521 50 3550 l
101 3495 264 3573 episcopus,
276 3513 403 3574 magna
414 3498 611 3559 auctoritate
624 3500 676 3558 vir
689 3499 774 3575 apud
787 3502 876 3559 Pon-

48 3587 50 3672 g
99 3589 209 3665 titcem,
226 3596 299 3656 baec
315 3595 470 3666 audiens,
493 3595 686 3658 Pontificem
710 3596 874 3658 allocutus

100 3689 147 3757 est,
160 3688 267 3751 dicens
285 3708 293 3752 :
313 3692 392 3752 Non
413 3689 474 3752 tibi
492 3690 658 3762 convenit,
682 3690 874 3752 beatissime

48 3793 50 3834 ὲ
100 3785 183 3856 pater,
203 3787 323 3849 borum
348 3787 490 3849 fratrum
517 3787 673 3849 assentiri
697 3787 872 3860 voluntati,

48 3873 49 3940 ζ
101 3884 211 3958 propter
230 3885 441 3956 scandalum,
459 3886 544 3962 quod
561 3885 718 3946 Ecclesiae
734 3887 793 3945 Dei
814 3886 876 3946 uvi·v

101 3979 193 4040 venire
206 3982 322 4058 possit.
337 3984 415 4043 Non
426 3982 475 4043 sic
489 3982 564 4054 erit,
579 3983 702 4059 inquit3
715 3983 873 4059 quoniam

48 4115 49 4122 κ
101 4077 170 4138 recte
182 4094 218 4139 ac
232 4079 380 4141 fideliter
400 4079 436 4139 in
451 4079 514 4141 boc
535 4081 669 4155 negotio
690 4095 809 4157 perg03
827 4081 873 4141 id·

103 4170 181 4246 circo,
195 4177 261 4238 beo
275 4178 470 4255 praestante,
487 4176 550 4238 mei
567 4176 726 4242 desiderii
739 4193 874 4254 compo-

102 4267 153 4329 tem
165 4288 211 4334 me
223 4273 295 4336 fore
311 4290 423 4352 spero.
439 4274 499 4335 His
515 4274 624 4345 dictis,
641 4274 797 4335 Pontifex
811 4275 874 4335 Ni-

103 4366 194 4429 cotaus
217 4373 320 4449 elegit
344 4387 398 4433 me
423 4372 646 4448 eustorgium,
671 4373 805 4433 Petrum
832 4373 872 4434 de

103 4460 213 4538 Noceto,
240 4471 274 4531 et
301 4469 521 4546 praehabitum
546 4469 738 4545 episcopum
764 4469 871 4530 Galli-

103 4571 160 4620 cum
174 4579 181 4622 :
195 4567 414 4639 guardianum
433 4582 513 4628 vero
538 4582 612 4627 oum
631 4566 739 4628 tribus
761 4566 872 4628 tratri-

103 4649 150 4715 bus
160 4659 247 4722 simul
261 4663 381 4724 adesse
391 4663 571 4734 mandavit,
579 4663 765 4724 visitaturis
775 4664 869 4739 ipsis,

933 1746 969 1805 ut
981 1760 1102 1821 corpus
1117 1744 1300 1804 humanum
1316 1760 1375 1821 per
1391 1745 1440 1805 tot
1457 1760 1531 1806 aeva
1549 1746 1727 1817 mortuum,

932 1857 1033 1919 super
1044 1842 1175 1918 plantas
1190 1843 1344 1918 proprias
1359 1841 1448 1902 recte
1459 1843 1580 1903 starett
1590 1842 1654 1904 Sed
1663 1858 1730 1903 non

933 1938 1728 2002 lueratabbrevlatamanusDomiui.Eratautem

933 2037 1026 2099 locus
1049 2037 1107 2097 ille
1129 2036 1343 2098 cernentibus
1363 2037 1469 2108 nobis,
1486 2036 1595 2097 instar
1617 2052 1729 2113 parvae

932 2134 1094 2207 ecclesiae,
1115 2132 1241 2196 babens
1256 2137 1324 2195 tres
1344 2133 1495 2194 tribunes
1510 2134 1545 2194 in
1560 2134 1728 2195 testudine

931 2233 1052 2293 rectas.
1075 2231 1185 2292 Media
1201 2246 1281 2292 vero
1303 2246 1375 2307 quae
1399 2230 1440 2290 ab
1463 2230 1615 2292 interiori
1635 2232 1729 2307 parte

932 2330 1043 2390 erecta
1056 2330 1138 2399 erat,
1156 2330 1241 2390 miro
1258 2343 1444 2389 marmoreo
1458 2326 1605 2389 tabulato
1623 2327 1729 2388 fabri-

932 2427 1006 2487 cata
1020 2425 1195 2487 videbatur
1212 2448 1219 2485 :
1236 2427 1271 2487 in
1284 2429 1380 2503 cujus
1395 2424 1503 2485 medio
1521 2425 1624 2487 lastra
1641 2440 1727 2485 mar·

932 2539 1044 2584 morea
1057 2524 1164 2601 posita
1180 2524 1263 2594 erat,
1280 2539 1381 2599 supra
1397 2538 1495 2600 quam
1510 2537 1553 2583 ex
1565 2522 1728 2584 Orientali

931 2621 1036 2682 latere
1049 2637 1169 2697 corpus
1184 2621 1264 2681 illud
1287 2637 1419 2681 sacrum
1435 2620 1606 2681 Francisci
1626 2622 1727 2680 Sera·

931 2719 1021 2795 pbici
1032 2721 1180 2780 erectum
1196 2718 1315 2789 stabat,
1327 2717 1461 2779 faciead
1474 2720 1635 2780 occasum
1648 2718 1727 2778 ten·
1811 2794 1813 2801 ³

930 2816 1022 2888 dens,
1049 2818 1082 2877 et
1105 2816 1211 2877 oculis
1231 2816 1370 2878 elevatis
1391 2815 1427 2875 in
1446 2815 1566 2876 coelum
1583 2836 1591 2874 ε
1608 2830 1726 2875 manus

929 2929 1010 2974 vero
1026 2916 1189 2990 coopertae
1204 2914 1301 2974 erant
1314 2913 1448 2975 babitus
1462 2912 1615 2984 manicis,
1632 2912 1666 2973 et
1679 2913 1730 2973 si·

930 3011 999 3071 mul
1013 3014 1149 3088 junctae,
1168 3013 1204 3072 ut
1224 3010 1344 3071 fratres
1362 3010 1449 3071 ferre
1469 3008 1725 3071 consueverunt.

969 3112 1049 3170 Erat
1060 3111 1172 3171 autem
1186 3124 1307 3185 corpus
1320 3110 1365 3170 ita
1381 3109 1622 3184 incorruptum,
1631 3107 1726 3182 quasi

930 3207 1019 3269 esset
1045 3207 1151 3283 prima
1173 3206 1227 3266 die
1252 3206 1413 3282 positum3
1438 3204 1614 3266 videbatur
1637 3202 1727 3264 enim

930 3304 1027 3382 quasi
1041 3302 1221 3365 dormiens.
1243 3305 1292 3362 Er
1306 3303 1375 3363 alio
1391 3317 1471 3363 vero
1488 3302 1604 3373 latere,
1622 3300 1725 3359 alium

930 3403 1078 3463 erectum
1090 3402 1232 3462 stantem
1246 3399 1400 3470 vidimus,
1424 3397 1540 3460 babitu
1556 3397 1645 3458 beati
1658 3399 1727 3457 Do·

929 3499 1120 3574 minict,qui
1131 3499 1165 3559 et
1176 3511 1294 3557 manus
1307 3496 1406 3557 simul
1417 3498 1552 3572 junctas
1567 3493 1722 3565 babebat,

929 3612 1004 3657 cum
1018 3595 1169 3657 articulis
1183 3609 1314 3654 sursum
1326 3593 1464 3671 junctis,
1476 3592 1580 3653 veluti
1591 3607 1662 3652 mos
1675 3593 1726 3652 est

929 3695 1121 3756 orantium:
1140 3691 1228 3753 oculi
1248 3705 1328 3751 vero
1347 3692 1420 3766 ejus
1444 3688 1484 3750 ad
1507 3688 1595 3750 beati
1618 3690 1726 3749 Pran-

930 3791 1010 3851 cisci
1034 3791 1134 3868 pedes
1160 3787 1385 3851 intuebantur.
1412 3786 1517 3848 Ambo
1543 3789 1654 3848 autem
1676 3785 1724 3847 ita

929 3887 1057 3949 lucidos
1074 3890 1107 3948 et
1126 3886 1339 3963 splendentes
1358 3884 1526 3950 habebant
1544 3884 1668 3955 oculos,
1686 3883 1724 3943 ut

929 3984 1021 4045 nulla
1037 3984 1078 4046 ad
1095 3985 1189 4046 vivos
1204 3985 1293 4045 esset
1310 3983 1511 4044 differentia.
1528 3981 1617 4044 Odor
1634 3981 1724 4041 insu-

928 4098 990 4158 per
1005 4082 1224 4143 suavissimus
1245 4081 1323 4143 talis
1347 4080 1430 4152 erat,
1454 4078 1651 4152 utolfaotus
1666 4078 1723 4139 bo·

927 4179 1054 4240 minum
1067 4194 1237 4255 nunquam
1247 4179 1348 4241 talem
1368 4177 1521 4239 senserit.

967 4278 1114 4352 Cumque
1137 4292 1284 4337 summus
1306 4274 1461 4336 Pontifex
1482 4271 1675 4349 ataorymis
1690 4272 1724 4333 et

927 4373 1104 4449 gemitibus
1136 4373 1353 4434 abstinuisset
1392 4369 1646 4448 aliquantulum,
1680 4367 1721 4430 ad

926 4468 1016 4530 beati
1038 4469 1209 4530 Francisci
1230 4469 1330 4544 pedes
1350 4467 1470 4529 iterum
1491 4465 1722 4543 procumbere,

927 4582 1027 4627 manu
1043 4565 1206 4626 fimbriam
1222 4568 1294 4640 ejus
1309 4565 1499 4626 vestimenti
1509 4563 1628 4624 extulit
1641 4579 1649 4623 :
1660 4579 1723 4624 nos

925 4678 1006 4726 vero
1033 4664 1107 4723 sine
1136 4661 1339 4723 sotularibus
1367 4661 1467 4738 pedes
1494 4660 1719 4738 adspeximus.

102 4751 253 4819 etvisuris
277 4775 400 4837 corpus
420 4759 509 4822 beati
535 4761 640 4836 patris
660 4777 667 4820 :
691 4762 748 4836 qui
776 4760 870 4821 nobis
926 4763 951 4821 0
971 4761 1075 4837 igitur
1093 4759 1209 4821 felices
1229 4759 1328 4830 oculi,
1347 4759 1404 4835 qui
1421 4760 1493 4820 baec
1512 4759 1627 4819 videre
1646 4773 1721 4818 me·

101 4845 196 4923 juncti,
214 4856 350 4933 suisque
370 4856 572 4919 indumentis
594 4857 767 4934 depositis,
787 4858 870 4919 bora
925 4857 1081 4919 ruerunt!
1099 4859 1124 4917 0
1144 4856 1304 4918 fortunati
1318 4856 1434 4928 animi,
1454 4856 1510 4934 qui
1531 4856 1602 4917 baec
1617 4853 1723 4915 medi-

105 4954 272 5022 tobgruenti
298 4969 372 5015 cum
400 4954 621 5015 adfuissemus
650 4954 691 5015 ad
717 4958 869 5032 paratum
924 4956 989 5016 tari
1015 4954 1107 5030 digni
1131 4954 1259 5015 inventi
1285 4955 1380 5014 suntl
1407 4955 1527 5028 Magna
1556 4952 1644 5012 enim
1669 4950 1722 5012 bis

104 5037 201 5118 locum,
213 5051 311 5112 amoti
325 5052 404 5113 sunt
424 5050 563 5127 lapides,
581 5067 656 5112 cum
677 5050 797 5129 quibus
815 5055 871 5130 ja·
924 5052 1035 5113 fuerat
1051 5051 1173 5113 collata
1194 5051 1367 5127 gratiani
1386 5050 1422 5111 in
1446 5065 1577 5110 servum
1596 5047 1721 5124 liquido

106 5141 319 5208 buafabricata
343 5151 431 5223 erat3
452 5147 641 5226 gradusque
664 5164 869 5209 marmoreos
924 5150 1123 5225 aspicerent,
1154 5148 1289 5224 quaein
1314 5149 1418 5207 Deum
1443 5146 1578 5206 minime
1606 5144 1721 5205 videre

106 5230 253 5311 diligenter
265 5246 465 5320 aspeximus,
483 5261 566 5321 quos
581 5248 615 5307 et
628 5262 750 5321 magno
762 5246 870 5307 silen-
924 5247 1088 5322 poteraut.
1104 5247 1184 5306 Erat
1206 5246 1295 5306 enim
1318 5243 1352 5302 in
1374 5241 1468 5319 pedis
1487 5241 1595 5303 sancti
1610 5241 1720 5301 medio

106 5327 142 5389 tio
159 5334 384 5402 descendimus.
413 5345 453 5404 nt
478 5358 556 5404 ecoe
577 5344 698 5404 ostium
724 5341 868 5403 ferreum
923 5344 1074 5404 toramen
1103 5358 1176 5404 curn
1202 5340 1365 5416 sanguine
1387 5339 1434 5399 ita
1463 5338 1665 5408 recentius
1690 5338 1719 5398 si

108 5421 255 5496 habuimus
268 5438 410 5511 obvium,
427 5439 549 5516 inquo
563 5443 633 5501 tres
654 5441 781 5501 catenae
797 5439 868 5500 ler-
923 5444 1003 5501 tunc
1018 5453 1176 5500 mucrone
1196 5453 1254 5514 pes
1274 5435 1392 5497 fuisset
1411 5434 1597 5498 confossus.
1619 5437 1720 5512 Cujus

109 5535 161 5586 lea
176 5544 214 5591 er
231 5534 343 5596 ordine
365 5536 508 5607 stabant,
526 5552 599 5614 quae
624 5536 715 5597 illico
735 5535 869 5598 fuerunt
923 5536 1056 5613 qrvidem
1067 5536 1262 5611 reiaspectu
1273 5533 1439 5609 singultus
1455 5547 1594 5608 magnus
1603 5548 1719 5593 omnes

111 5626 211 5694 illita
234 5631 388 5695 clavibus.
417 5636 509 5695 ‘iuno
537 5633 740 5709 guardianus
770 5633 867 5694 llexis
922 5633 1075 5712 arripuit.
1094 5633 1135 5694 nt
1148 5632 1223 5707 quis
1239 5631 1387 5706 cogitare
1401 5632 1512 5707 posset
1526 5629 1630 5691 animi
1642 5646 1719 5692 mo·
