3950 6200
150 246 207 309 ore
521 248 631 314 eins
662 217 1103 316 rnrul.<-nxros1rsro
1135 247 1180 309 nv
1211 245 1415 310 pensuros.
1730 250 1789 311 evi

145 419 219 470 rum
242 403 308 469 erit
336 405 434 484 quasi
457 405 609 483 insnum,
634 423 677 470 ne
697 407 839 470 vacilles
861 407 939 481 buc,
996 407 1117 481 malus,
1130 407 1163 470 et
1172 407 1330 470 fortitudo
1343 406 1529 479 dissimilis,
1543 407 1650 485 »quia
1660 408 1792 471 veloces

145 506 245 580 atque
271 503 353 565 illuc
379 504 544 566 currendo
567 521 628 582 per
652 506 750 580 vitia,
776 505 862 566 unde
887 521 941 566 se-
996 505 1097 582 pedes
1115 521 1231 566 eorum
1246 506 1280 566 in
1297 506 1433 580 malum,
1455 505 1606 568 entorses
1621 509 1710 580 sunt,
1726 523 1793 568 non

144 600 259 677 quitur
273 598 320 679 (v.
336 599 388 680 11)
402 622 409 661 :
426 604 599 678 «Propter
611 618 664 664 me
678 603 811 674 faciam,
826 604 940 665 utnon
997 617 1195 680 quocunque
1218 604 1327 675 modo,
1359 605 1416 664 sed
1441 602 1670 679 dissimiliter3
1697 604 1794 682 quasi

143 696 381 775 blasphemer:
401 701 435 761 et
455 700 597 776 gloriam
620 716 727 762 meam
752 700 851 762 alteri
874 717 940 763 non
995 700 1107 762 dicat:
1123 700 1179 761 Nil
1200 701 1356 763 videntur
1379 701 1501 778 egisse,
1526 702 1591 762 nisi
1615 717 1719 763 novas
1734 704 1793 763 in-

143 794 243 868 dabo,
258 813 277 856 r
290 795 378 859 idest
393 796 563 859 conferam
578 797 640 860 tibi
653 798 808 874 gratiam.

405 1074 546 1134 SERMO
569 1072 678 1134 CLIII.

175 1213 217 1270 De
231 1225 317 1270 cursu
332 1210 483 1282 malorum,
499 1218 529 1269 ct
547 1211 584 1269 de
598 1213 783 1285 percussione
802 1226 912 1281 eorum,

401 1301 457 1358 nisi
472 1308 686 1359 convertentur.

141 1437 237 1496 Deus
259 1433 432 1506 virtutum,
452 1436 615 1497 corruente
635 1448 699 1497 roos
717 1452 729 1497 .·
747 1435 781 1497 et
801 1436 941 1497 ostende

159 1532 409 1606 sodomicam,
422 1533 557 1594 etsalvt
569 1535 713 1595 erimus.
728 1531 862 1620 (Pasti,
874 1530 920 1611 1.)

182 1674 274 1736 Petit
290 1673 405 1750 Asapb
418 1671 478 1754 (l),
501 1674 539 1736 ut
559 1676 648 1736 Deus
667 1689 729 1735 nos
750 1674 938 1749 convertat3

137 1772 174 1834 et
183 1787 248 1833 nos
259 1770 416 1834 similiter
425 1773 588 1848 petamus,
600 1770 749 1834 dicentes
761 1788 769 1832 :
781 1774 939 1844 Domine,

135 1869 384 1932 converterent
400 1884 420 1930 a
435 1883 537 1932 cursu
556 1868 657 1930 malo.
677 1869 771 1930 Unde
787 1868 941 1932 Jeremiee

139 1964 187 2045 (8,
203 1964 253 2045 6,)
267 1986 275 2026 2
291 1968 447 2028 «Omnes
468 1967 623 2028 conversi
645 1967 725 2028 sunt
741 1966 783 2028 ad
806 1982 941 2028 cursum

136 2079 252 2134 suum,
274 2063 369 2141 quasi
385 2079 490 2141 equus
507 2064 634 2141 impetu
651 2065 778 2125 vadens
800 2064 842 2125 ad
859 2079 942 2141 prae·

137 2160 242 2235 lium3
268 2177 288 2221 s
318 2159 397 2238 qnia
426 2160 513 2223 sicut
539 2177 645 2238 equus
673 2161 856 2239 impetuose
881 2177 942 2223 ve-

134 2257 188 2332 dit
204 2257 249 2320 ad
271 2257 406 2331 bellum,
422 2258 469 2320 ita
491 2258 598 2320 fertur
616 2275 691 2320 cum
713 2259 839 2335 impetu
859 2274 941 2336 pec-

995 798 1169 860 ventiones
1193 798 1354 875 peccandi
1377 798 1552 861 invenient
1573 815 1678 870 :,non
1702 799 1792 862 enim

997 895 1032 955 in
1053 895 1141 956 vualo
1161 911 1197 957 se
1216 896 1318 957 sortes
1331 896 1495 972 judicant,
1517 896 1581 958 nisi
1603 913 1690 958 nova
1709 914 1791 974 pec·

997 994 1071 1054 cata
1095 993 1281 1067 inveniant,
1306 997 1340 1055 et
1358 993 1569 1056 dissimiliter
1587 1010 1627 1056 ea
1647 1011 1792 1072 operen-

995 1091 1062 1161 tur,
1078 1089 1165 1150 alios
1185 1090 1220 1150 'm
1242 1090 1351 1160 modo,
1368 1092 1401 1152 et
1415 1092 1564 1168 nequitia
1579 1092 1790 1154 excedentes.

1036 1187 1166 1249 Dicitur
1189 1203 1269 1263 ergo
1289 1209 1296 1248 :
1318 1191 1582 1263 consumentes,
1605 1193 1698 1251 Deus
1717 1193 1793 1251 ctr-

879 1357 883 1364 .
997 1284 1167 1345 tutumab
1190 1284 1253 1346 hoc
1275 1301 1400 1346 cursu:
1424 1288 1579 1348 converte
1595 1302 1667 1359 nos,
1690 1289 1792 1359 Deus,

996 1381 1186 1443 aliternon
1207 1384 1467 1444 convertemur:
1487 1384 1660 1455 converte,
1681 1386 1714 1446 et
1731 1399 1792 1446 os·

997 1480 1097 1541 tende
1115 1481 1241 1554 (actem
1266 1480 1373 1541 tecam.
1400 1478 1463 1541 Sed
1486 1494 1547 1541 nos
1571 1479 1728 1542 debemus
1749 1482 1792 1543 ad

997 1576 1106 1652 ipsum
1121 1577 1283 1648 converti,
1300 1578 1457 1653 storace,
1474 1580 1511 1640 ut
1523 1592 1585 1638 nos
1602 1580 1791 1655 convertat;

996 1673 1083 1736 unde
1096 1673 1131 1735 in
1143 1674 1285 1736 Threnis
1298 1675 1333 1736 in
1350 1675 1416 1737 tine
1432 1674 1476 1753 (5,
1489 1677 1527 1736 21
1542 1677 1575 1737 et
1586 1675 1640 1754 22)
1654 1697 1662 1736 :
1678 1692 1697 1737 c
1711 1678 1794 1737 Gon·

995 1772 1089 1832 verte
1103 1786 1175 1843 nos,
1193 1773 1343 1844 Domine,
1361 1771 1401 1833 ad
1423 1774 1468 1846 te,
1490 1776 1523 1835 et
1537 1775 1791 1836 convertemur:

995 1868 1120 1930 innova
1135 1868 1206 1931 dies
1221 1872 1365 1943 nostros,
1382 1871 1469 1933 sicut
1487 1886 1507 1932 a
1526 1872 1705 1949 principio.
1729 1872 1793 1933 Sed

997 1965 1188 2044 projiciens,
1210 1967 1317 2028 iratus
1338 1983 1375 2028 es
1397 1969 1512 2030 contra
1533 1983 1594 2031 nos
1613 1968 1794 2031 vehemen-

996 2065 1057 2124 ter.
1072 2080 1091 2123 n
1106 2063 1170 2126 Sed
1186 2064 1250 2124 nisi
1264 2064 1306 2126 ad
1322 2080 1398 2126 eum
1413 2067 1660 2140 convertamur,
1676 2082 1793 2128 ereum

996 2160 1590 2248 divinaevindictsesentiernus3unde
1601 2160 1709 2243 (Psi,
1720 2163 1789 2242 13):

996 2258 1104 2318 «Nisi
1123 2260 1277 2321 conversi
1299 2258 1441 2333 fueritis,
1457 2259 1606 2335 gladium
1629 2276 1725 2321 suurn
1741 2262 1794 2322 vi-

136 2356 248 2430 cator,
267 2359 303 2417 ut
321 2354 424 2417 iaciat
437 2354 561 2417 bellum
578 2357 692 2417 contra
707 2358 830 2431 Deum;
854 2357 941 2418 unde
995 2354 1134 2416 brabit:
1161 2371 1277 2417 arcum
1303 2372 1400 2417 suum
1424 2356 1574 2430 tetendit,
1601 2361 1634 2419 et
1660 2360 1792 2436 pararit

135 2454 298 2517 Jeremiae
311 2452 356 2532 (2,
368 2455 409 2514 23
420 2454 454 2516 et
464 2451 519 2532 24)
536 2475 544 2513 :
560 2469 579 2514 s
595 2455 718 2515 Cursor
733 2454 818 2516 levis
830 2454 942 2530 expli·
996 2451 1105 2528 illum3
1122 2469 1141 2513 n
1160 2455 1194 2515 et
1205 2454 1359 2516 ieremias
1375 2452 1440 2535 (21,
1462 2455 1500 2515 13
1522 2457 1556 2516 et
1577 2454 1629 2533 14)
1644 2476 1651 2515 :
1670 2471 1689 2516 c
1709 2458 1793 2517 Ecce

136 2568 222 2615 cans
237 2553 312 2614 vias
326 2566 421 2626 suas;
443 2554 575 2627 Onager
593 2553 748 2614 assuetus
765 2552 800 2613 in
818 2552 940 2614 solitu·
995 2564 1057 2626 ego
1072 2551 1113 2612 ad
1128 2553 1161 2612 te
1180 2550 1413 2613 habitatricem
1430 2552 1529 2613 vallis
1548 2551 1675 2624 solidae,
1694 2553 1793 2630 atque

137 2648 233 2721 dine,
244 2649 286 2709 in
301 2647 467 2710 desiderio
484 2648 606 2710 animae
621 2663 691 2709 suae
706 2649 845 2710 attraxit
857 2664 941 2711 ven·
995 2649 1203 2725 campestris,
1231 2649 1313 2710 dicit
1347 2650 1525 2726 nomiuus;
1561 2650 1618 2727 qui
1648 2649 1791 2713 dicitis:

136 2749 212 2808 tum
228 2745 447 2808 emerissui:
468 2745 582 2806 nullus
604 2746 733 2808 avertet
751 2760 847 2807 eam:
868 2761 941 2806 om·
996 2745 1076 2817 Quis
1092 2746 1254 2821 percutiet
1271 2749 1351 2807 nost
1371 2748 1405 2808 et
1423 2747 1497 2824 quis
1520 2746 1659 2809 intrabit
1678 2747 1793 2808 domos
1887 2763 1891 2774 ’

135 2860 211 2917 nes,
241 2843 301 2920 qui
322 2843 477 2919 quaerunt
497 2858 571 2904 eam
590 2858 658 2904 non
689 2843 844 2906 deficient
869 2866 876 2904 :
904 2843 939 2904 in
995 2844 1146 2904 nostrast
1167 2844 1206 2904 Et
1225 2842 1368 2905 visitabo
1389 2859 1563 2919 supervos
1579 2845 1678 2921 Juxta
1695 2844 1791 2906 fruc-

92 2957 98 2966 ’
137 2941 325 3003 menstruis
346 2942 419 3018 eius
438 2940 610 3002 invenient
633 2956 718 3002 eam.
741 2943 940 3003 »Peccator
994 2941 1064 3000 tum
1090 2939 1277 3002 studiorum
1302 2941 1503 3013 vestrorum,
1531 2942 1564 3004 et
1590 2941 1790 3002 succendam

135 3040 231 3101 enim
251 3039 304 3101 est
317 3036 402 3101 levis
417 3053 547 3107 cursor,
563 3036 726 3119 festinans
741 3038 782 3101 ad
797 3053 940 3116 peccan-
995 3037 1105 3114 ignem
1119 3039 1154 3100 in
1170 3038 1258 3101 saltu
1272 3040 1345 3116 ejus
1360 3059 1368 3100 τ
1390 3041 1423 3101 et
1438 3039 1611 3101 devorabit
1626 3039 1737 3102 omnia
1756 3039 1791 3100 in

135 3137 230 3206 dum,
248 3137 423 3214 explicans
440 3137 514 3198 vias
538 3152 628 3209 suas,
652 3135 741 3199 idest
762 3137 940 3214 quoderat
994 3135 1137 3198 circuitu
1156 3139 1278 3213 epus.»
1296 3136 1421 3198 Civitas
1442 3139 1628 3200 Jerusalem
1646 3138 1681 3198 in
1701 3137 1790 3197 emi-

135 3235 305 3312 plicatum
317 3234 354 3295 in
369 3234 581 3311 cogitatione,
597 3233 744 3310 explicat
757 3234 792 3295 in
807 3235 939 3297 actione
994 3233 1088 3295 uenti
1102 3235 1214 3295 monte
1229 3234 1294 3295 sita
1309 3235 1400 3309 erat3
1421 3235 1455 3296 et
1469 3233 1592 3296 dicitur
1603 3235 1714 3295 nmen
1728 3233 1792 3295 be-

135 3332 284 3410 peccati.
327 3334 506 3407 «Onager
546 3333 700 3393 assuetus
741 3331 777 3392 in
820 3332 940 3393 solitu·
993 3330 1133 3391 bitatrix
1144 3330 1242 3392 vallis
1255 3332 1391 3407 propter
1402 3332 1550 3407 peccata,
1565 3331 1643 3407 quia
1657 3331 1788 3403 civitas,

135 3431 230 3504 dine,
257 3429 357 3492 »etc
383 3431 449 3491 Per
474 3432 656 3505 onagrum,
682 3428 740 3506 qui
763 3427 804 3490 ad
831 3429 938 3490 solum
995 3443 1068 3505 quae
1080 3427 1115 3488 in
1126 3427 1214 3489 valle
1229 3430 1291 3500 est,
1306 3429 1493 3504 expugnari
1506 3430 1625 3506 potest,
1639 3430 1673 3490 et
1687 3444 1791 3505 quan-

136 3529 278 3591 ventum
294 3527 407 3603 gliscit
428 3526 566 3597 animal,
582 3543 657 3588 cum
677 3542 741 3604 quo
759 3528 864 3598 coeat,
886 3527 941 3589 in·
993 3527 1207 3602 tumcunque,
1224 3526 1299 3602 quis
1314 3526 1496 3602 superbiat,
1517 3526 1616 3588 debet
1634 3524 1790 3588 conside-

135 3625 340 3702 telliguntur
374 3627 566 3708 peccatores
600 3623 777 3697 luxuriosi,
808 3625 864 3701 qui
897 3624 938 3685 ad
993 3636 1081 3695 rere,
1098 3624 1185 3699 quod
1205 3623 1365 3684 Dominus
1384 3622 1425 3685 de
1446 3624 1530 3686 coelo
1552 3625 1659 3700 potest
1680 3624 1789 3699 ipsum

136 3724 250 3787 solum
273 3737 395 3783 nomen
412 3721 568 3799 alicujus,
591 3720 646 3783 vel
669 3722 840 3798 aspectum
862 3738 939 3783 rnu-
994 3735 1204 3796 expugnare,
1221 3720 1309 3783 unde
1333 3721 1484 3798 sequitur
1500 3738 1508 3783 :
1526 3720 1711 3783 «visitabo
1729 3737 1789 3782 vos

135 3819 233 3883 lieris
254 3819 403 3896 gliscunt
420 3819 546 3896 ipsam3
571 3820 604 3881 et
625 3818 720 3880 avari
741 3819 782 3880 ad
804 3819 938 3882 odorem
989 3819 1087 3894 Juxta
1102 3817 1175 3879 vias
1187 3818 1372 3880 studiorum
1388 3821 1587 3890 vestrorum,
1601 3821 1635 3881 et
1649 3834 1790 3880 succen-

134 3918 282 3981 alterius
305 3916 385 3978 boni
411 3916 549 3993 cupiunt
577 3916 708 3978 scilicet
731 3916 858 3989 domos,
885 3917 938 3978 vel
994 3915 1070 3976 dam
1080 3915 1203 3991 ignem,
1215 3917 1382 3979 etc.›Per
1392 3916 1478 3994 quod
1491 3916 1689 3989 ostenditur,
1701 3916 1789 3994 quod

135 4017 271 4083 vineas,
291 4014 344 4076 vel
363 4013 491 4075 reditus
512 4014 654 4075 alienos.
677 4029 696 4074 c
718 4015 755 4075 ln
772 4013 938 4075 desiderio
993 4015 1081 4074 Deus
1117 4029 1182 4075 non
1213 4014 1344 4091 judicat
1376 4015 1504 4077 tantum
1540 4018 1674 4092 propter
1701 4013 1789 4075 mala

133 4115 263 4175 animae
276 4126 346 4173 suae
359 4111 500 4174 attraxit
511 4112 661 4182 ventum,
678 4109 797 4173 »idest
808 4112 939 4172 unima-
993 4125 1106 4187 opera,
1132 4127 1205 4188 quae
1229 4112 1311 4174 facit
1335 4113 1422 4189 quis,
1446 4112 1503 4174 sed
1528 4112 1629 4174 etiam
1653 4112 1789 4189 propter

134 4211 252 4274 litates
271 4224 361 4280 suas,
380 4208 500 4286 quibus
517 4209 682 4285 allicitur3
703 4208 757 4271 vel
777 4225 838 4285 per
851 4225 937 4271 ven·
993 4207 1091 4281 bona,
1116 4225 1189 4285 quse
1211 4210 1338 4291 omisit3
1363 4210 1442 4287 quia
1468 4225 1535 4270 non
1559 4209 1666 4271 solum
1688 4208 1789 4270 arbor

136 4312 208 4371 tum
223 4306 429 4383 intelligitur
450 4322 544 4368 amor
562 4304 808 4382 temporalium,
831 4321 851 4366 a
873 4322 937 4383 quo
993 4306 1081 4367 male
1106 4306 1282 4377 exciditur,
1305 4309 1339 4367 et
1361 4306 1396 4367 in
1421 4307 1532 4381 ignem
1553 4306 1707 4378 mittitur,
1729 4305 1788 4367 sed

135 4422 203 4468 non
224 4407 368 4482 possunt
384 4404 485 4466 avelli
505 4402 740 4480 temporalium
759 4404 935 4465 amatores.
992 4403 1092 4463 etiam
1108 4403 1228 4474 omnis,
1243 4418 1317 4480 quae
1331 4418 1399 4463 non
1414 4400 1495 4464 lecit
1507 4401 1650 4464 fructum
1661 4402 1785 4465 bonum

135 4504 264 4567 Nullus
288 4502 417 4565 avertet
440 4517 528 4573 eam,
552 4501 630 4579 quia
663 4502 751 4563 sicut
777 4501 938 4563 meretrix
993 4499 1262 4580 (Mattb.,7,19).
1335 4568 1336 4573 ,
1381 4568 1386 4575 ¹

134 4617 257 4665 omnes
272 4598 313 4662 ad
327 4615 364 4661 se
375 4599 509 4676 recipit,
521 4614 583 4660 nec
596 4597 719 4675 aliquis
732 4598 877 4676 patietur
888 4614 939 4660 rs·
1031 4600 1124 4659 Deus
1140 4597 1322 4669 virtutum,
1343 4597 1439 4674 quasi
1465 4596 1572 4660 factor
1593 4598 1784 4676 signorum;

134 4699 288 4777 pulsam3
306 4696 393 4759 unde
414 4697 587 4774 sequitur:
604 4698 738 4768 Omnes,
761 4696 818 4773 qui
840 4710 936 4773 quee—
993 4695 1079 4755 unde
1096 4693 1323 4756 Ecclesiastici
1339 4694 1406 4773 (36,
1419 4694 1453 4775 6)
1478 4717 1485 4756 :
1502 4712 1521 4757 s
1536 4699 1661 4759 innova
1676 4698 1784 4773 signe,

134 4800 217 4860 runt
233 4812 322 4868 eam,
345 4811 412 4857 non
433 4794 599 4865 deficient,
622 4794 750 4855 scilicet
770 4793 937 4855 daemones
992 4793 1025 4854 et
1037 4792 1174 4853 immuta
1196 4792 1382 4870 mirabilia;
1404 4796 1444 4856 ut
1457 4795 1611 4856 Jeremiae
1627 4792 1690 4872 (31,
1705 4794 1784 4873 22):

135 4912 204 4958 non
229 4893 399 4964 deficient,
423 4892 481 4954 sed
503 4892 677 4954 invenient
699 4892 808 4953 locum
828 4890 937 4952 iorni·
991 4893 1130 4953 Nonum
1148 4892 1252 4965 factet
1268 4887 1315 4970 (2)
1330 4895 1498 4953 Dominus
1511 4905 1619 4965 serpen
1633 4891 1787 4953 terram:

135 4993 252 5064 candi,
269 4992 303 5053 et
320 5006 393 5053 eam
412 4991 667 5060 menstruatam,
684 4990 755 5051 sive
776 4989 937 5065 pollutam
992 4990 1120 5051 Mulier
1135 4986 1418 5068 (3)ctrcumdcbtt
1429 4991 1557 5058 utrum,
1575 4987 1783 5063 intelligitur,

135 5088 287 5168 peccatis
311 5088 576 5157 inveniemus.
597 5087 661 5147 hoc
693 5086 794 5147 etium
816 5085 939 5148 dicitur
992 5085 1121 5162 gremio
1137 5085 1224 5147 uteri
1238 5085 1303 5147 sui.
1324 5083 1453 5146 Extolle
1473 5083 1520 5164 (4)
1543 5084 1783 5157 adversarium,

135 5185 296 5250 deremiae
309 5184 373 5264 (23,
386 5183 438 5264 10)
452 5206 459 5244 :
471 5186 620 5247 «Factus
631 5185 684 5246 est
693 5199 811 5245 cursus
822 5199 937 5245 eorum
994 5186 1026 5245 et
1040 5182 1153 5259 afflige
1163 5183 1335 5244 inimicum
1351 5180 1410 5262 (5).
1426 5182 1600 5244 Hominem
1620 5182 1784 5261 iniquum,

172 5319 216 5390 (l)
232 5318 308 5374 Petit
319 5316 427 5386 Asopi.
442 5316 498 5373 iste
511 5315 643 5374 Psalmus
656 5313 774 5372 lxxix
789 5312 938 5387 praesefert
1028 5314 1056 5384 (3
1080 5314 1184 5387 vulg:
1202 5313 1329 5371 Femina.

137 5388 217 5457 tarne
230 5388 364 5446 titulum:
379 5388 414 5443 ln
427 5387 520 5460 (tuem,
533 5388 591 5443 Pro
604 5386 651 5455 tis,
663 5387 713 5457 put
729 5386 938 5443 cmnmntctnn-
1029 5386 1058 5455 (4
1084 5386 1204 5452 Extolle,
1224 5392 1279 5441 etc.
1304 5384 1425 5443 consule
1442 5385 1665 5445 Annotetionem
1685 5385 1727 5459 (9)
1749 5385 1799 5444 adr

137 5465 199 5527 tur,
219 5459 413 5516 testimonium
434 5458 543 5527 Asopi.
567 5456 650 5522 Vide,
678 5471 744 5585 3⁰ae
762 5454 887 5512 diximus
908 5456 937 5513 in
993 5455 1163 5537 Sermonem
1176 5457 1207 5523 l,
1219 5455 1273 5512 col.
1285 5454 1347 5513 698.

138 5533 215 5593 notis
230 5528 267 5587 ad
280 5529 447 5587 Sermonem
460 5527 597 5599 CXXXV,
611 5528 666 5586 col.
701 5528 745 5597 l8,
759 5533 825 5585 note
838 5526 864 5585 t.
1029 5525 1070 5595 (t)
1086 5526 1176 5595 Ecclr,
1191 5525 1235 5594 36,
1247 5526 1274 5583 9.

175 5602 218 5677 (2)
235 5601 321 5682 vulg,
337 5615 344 5656 :
360 5599 477 5659 creavit.
