3950 6200
749 319 979 381 Erlsronm.
1003 320 1082 381 LIB.
1104 318 1146 380 X.
1722 314 1763 377 22

455 488 585 576 XCIII

185 651 419 724 Inpriorem
436 651 472 710 et
486 651 617 723 fraires
636 649 836 711 Heremttos

332 750 377 808 de
391 748 514 808 Monate
529 749 695 807 carmelo.
808 824 811 829 Ι

384 886 555 959 3ομηιιαίἰ
571 886 648 943 iiie.

341 1008 423 1073 [Bull.
435 1009 521 1068 Rom,
532 1010 576 1067 lli,
588 1024 606 1065 1,
617 1008 685 1073 als]

119 1134 289 1209 approbatio
310 1136 425 1208 regulae
443 1133 551 1191 ordinis
565 1133 682 1192 fratrum
706 1133 915 1191 Heremitarum

253 1223 353 1282 beatoe
366 1223 465 1281 Mariae
479 1222 515 1280 de
526 1225 623 1281 Monte
635 1222 774 1281 carmelo.

156 1350 832 1426 Honoriusepiscopus,servusservorum
841 1347 913 1418 Dei,

971 478 1115 541 aliorum
1140 475 1293 543 fratrum,
1313 474 1367 537 vel
1386 471 1531 535 sanioris
1550 471 1668 550 partis,
1690 487 1763 535 eae-

972 576 1046 637 dem
1060 575 1187 636 cellulae
1199 574 1317 650 cuique
1330 571 1454 633 inerint
1462 572 1652 646 assignata.

1284 734 1363 794 Car.
1387 734 1443 793 111.

1010 866 1080 926 Nec
1095 865 1195 925 liceat
1220 864 1321 925 alicui
1347 863 1498 937 fratrum,
1525 864 1591 923 nisi
1606 863 1646 924 de
1658 863 1765 925 licen·

969 963 1015 1024 tia
1030 963 1162 1038 prioris,
1178 962 1235 1038 qni
1250 977 1309 1037 pro
1324 962 1471 1036 tempore
1494 960 1596 1021 luerit
1621 961 1764 1036 deputa-

968 1061 1033 1129 tus,
1057 1059 1121 1120 sibi
1142 1060 1250 1119 locum
1272 1059 1412 1129 mutare,
1435 1057 1488 1119 uel
1512 1073 1587 1117 rum
1602 1056 1669 1117 alio
1682 1074 1763 1133 per-

970 1159 1111 1218 mutare.

1290 1237 1367 1296 Cnr.
1390 1236 1444 1295 IV.

1011 1367 1137 1428 Cellnla
1152 1367 1276 1444 prioris
1301 1366 1344 1428 sit
1368 1366 1465 1442 Juxta
1492 1364 1665 1425 introitum
1685 1364 1762 1437 loci,

119 1446 246 1508 dilectis
260 1446 346 1506 filiis
362 1446 478 1522 priori,
500 1445 533 1506 et
555 1445 714 1506 iratribus
738 1445 916 1506 Heremitis
968 1466 1007 1526 ut
1034 1465 1245 1527 venientibus
1270 1464 1311 1525 ad
1336 1463 1487 1525 eumdem
1509 1463 1617 1524 locum
1638 1462 1765 1539 primus

121 1546 158 1605 de
171 1544 285 1605 Monte
301 1543 467 1615 carmela,
482 1543 622 1604 salutem
637 1544 670 1605 et
693 1542 916 1619 Apostolicam

120 1641 398 1702 benedIctionem.

157 1741 198 1799 Ut
212 1738 354 1798 vivendi
381 1753 544 1809 normam,
569 1737 769 1814 regulariter
789 1736 916 1798 abenas

121 1833 288 1894 memoriae
310 1832 614 1909 HIerosolymitano
630 1831 821 1908 patriarcha
844 1832 916 1892 edi·

120 1932 194 1999 tam,
208 1944 313 2006 quam
327 1930 406 1989 ante
420 1930 576 2004 generale
593 1930 776 1990 Concilium
790 1943 849 1990 vos
864 1927 917 1989 di-

120 2027 190 2088 citis
209 2026 386 2087 humiliter
407 2028 605 2102 suscepisse,
626 2027 661 2087 in
674 2028 842 2103 posterum
856 2042 916 2088 vos

122 2128 375 2185 etsuccessores
390 2124 505 2196 vestri,
521 2126 680 2200 quantum
699 2140 773 2185 cnm
788 2125 847 2184 Dei
862 2122 917 2183 ad-

119 2222 241 2297 jutorio
253 2221 418 2297 poteritis,
429 2221 623 2293 observetis,
634 2221 670 2281 in
685 2220 915 2282 remIssionem

122 2317 211 2378 robis
224 2318 436 2394 injungimus
449 2320 671 2393 peccatorum.

157 2416 277 2476 Datum
302 2416 416 2486 Reate,
444 2415 542 2476 tertio
568 2414 728 2475 kalendas
742 2413 913 2485 februarii,

123 2512 334 2588 pontificatus
347 2512 454 2573 nostri
465 2527 554 2571 anno
568 2512 707 2573 decimo.

61 2762 65 2767 .
171 2711 313 2783 neptum
322 2701 501 2781 praedictae
518 2707 860 2780 tenorsamanmmr.

159 2866 326 2937 albertus,
339 2867 399 2927 Dei
411 2867 520 2941 gratia
535 2865 844 2943 Hierosolymitanae
861 2880 917 2925 ec-

125 2964 232 3025 clesiae
275 2968 415 3025 vocatus
452 2963 663 3041 patriarcha,
706 2962 835 3023 dilectis
880 2963 915 3022 in

124 3061 353 3132 christoilum,
366 3061 532 3122 Brocardo
544 3064 576 3122 et
587 3062 716 3123 caeterls
725 3059 913 3132 Heremitis

127 3159 179 3235 qui
204 3159 264 3220 snb
292 3162 366 3234 cjns
390 3158 578 3220 obedIentia
604 3160 701 3236 juxta
726 3160 859 3229 iontem,
881 3158 916 3218 in

126 3257 232 3317 Monte
261 3256 406 3317 Carmeli
432 3258 615 3328 morantur,
633 3257 774 3317 salutem
797 3256 831 3315 in
846 3257 915 3316 Do-

125 3353 223 3424 mine,
237 3353 270 3414 et
281 3352 397 3414 Sancti
414 3352 556 3428 Spiritus
571 3351 845 3414 benedIctionem.

160 3450 353 3521 Multiiarie,
378 3450 556 3527 multisque
589 3449 696 3510 modis
721 3449 826 3510 sancti
852 3464 915 3526 pa-

123 3546 187 3606 tres
197 3547 427 3618 instituerunt,
446 3547 590 3623 quailter
605 3548 746 3623 quisque
769 3547 803 3605 in
829 3562 916 3623 quo-

123 3658 260 3720 cumque
274 3643 391 3704 ordine
405 3643 515 3714 luerit,
528 3643 580 3703 vel
592 3659 830 3720 quemcumque
846 3658 918 3702 mo-

122 3738 197 3799 dum
224 3739 394 3813 religiosae
420 3739 495 3799 ritae
520 3739 668 3814 elegerit,
694 3739 730 3798 in
758 3737 917 3814 obsequio

122 3837 198 3896 iesu
212 3835 339 3895 Christi
353 3835 465 3896 vivere
480 3833 609 3906 debeat,
628 3835 660 3897 et
683 3834 790 3894 eidem
807 3834 916 3894 fideli-

122 3931 171 3991 ter
184 3931 225 3992 de
240 3931 340 3993 corde
357 3947 452 4007 pure,
474 3933 509 3992 et
522 3931 608 3991 bona
630 3932 832 3992 conscientia
859 3930 918 3991 de·

124 4030 260 4088 sarrire.
277 4031 401 4120 Verum
416 4029 495 4106 qnia
519 4028 691 4105 requiritis
715 4044 732 4088 a
761 4027 867 4098 nobis,
883 4031 918 4089 nt

121 4127 214 4198 juxta
228 4126 436 4202 propositum
451 4127 611 4196 vestrum,
638 4125 808 4185 tradamus
823 4124 917 4185 vobIs

123 4222 198 4283 uitae
219 4221 408 4292 formulam,
433 4237 530 4299 quam
554 4223 669 4284 tenere
691 4222 725 4281 in
747 4225 917 4298 posterum

125 4315 270 4379 debeatis
289 4340 297 4378 ε

460 4413 537 4476 Car.
553 4418 577 4476 Ι.

162 4547 246 4607 Illud
268 4547 305 4607 in
327 4548 445 4623 primis
471 4547 658 4618 statuimus,
686 4548 723 4609 ut
748 4563 850 4610 unum
874 4564 917 4609 en

126 4641 216 4704 uobis
242 4643 395 4704 babeatis
423 4645 580 4720 priorem,
613 4646 669 4720 qni
698 4661 741 4706 ex
767 4646 916 4708 unammi

129 4740 269 4800 omnium
298 4756 449 4812 assensu,
480 4741 533 4800 rel
555 4742 692 4817 majoris
716 4742 749 4803 et
773 4742 916 4803 sanioris

129 4836 237 4908 partis,
254 4836 375 4897 adhoc
401 4837 549 4900 officinm
575 4838 729 4913 eligatur,
761 4838 814 4899 cni
836 4838 917 4901 obe-

128 4930 281 4993 dientiam
291 4935 463 5008 promiitat
474 4934 613 5010 quilibet
625 4936 779 5006 aliorum,
793 4936 827 4997 et
838 4951 917 5011 pro·

129 5028 260 5090 missam
282 5029 413 5092 studeat
424 5031 535 5107 operis
548 5032 688 5096 veritate
700 5048 846 5094 servare.

452 5191 531 5252 Car.
555 5192 596 5252 ΙΙ.

164 5322 330 5383 Praeterea
340 5322 439 5399 juxta
456 5322 554 5383 situm
569 5321 645 5390 loci,
666 5338 764 5399 quem
779 5322 914 5383 inhahi-

971 1564 1148 1624 occurrat:
1165 1564 1198 1623 et
1210 1563 1250 1623 da
1270 1560 1420 1632 arbitrio,
1438 1561 1471 1621 et
1485 1559 1702 1637 dispositione
1712 1559 1766 1636 ip-

971 1661 1052 1731 sius,
1069 1660 1275 1737 postmodum
1291 1675 1364 1737 quae
1384 1658 1512 1733 agenda
1532 1659 1620 1727 sunt,
1646 1658 1765 1719 cuncta

970 1758 1161 1837 procedant.

1295 1855 1375 1915 Car.
1402 1855 1441 1915 ll.

1011 1987 1170 2049 Maneant
1182 1986 1306 2061 singuli
1316 1986 1352 2046 in
1365 1984 1496 2046 cellulis
1507 1985 1588 2052 suis,
1602 1985 1656 2045 vel
1667 1986 1766 2060 juxta

971 2100 1039 2157 eae,
1050 2085 1103 2145 die
1116 2101 1155 2144 ac
1168 2090 1264 2144 nocte
1277 2084 1311 2144 in
1327 2083 1399 2158 lege
1413 2082 1543 2143 Domini
1555 2082 1763 2153 meditantes,

971 2183 1004 2242 et
1019 2181 1225 2243 orationibus
1238 2182 1307 2241 suis
1319 2180 1507 2256 vigilantes,
1525 2180 1589 2240 nisi
1603 2179 1680 2240 aliis
1690 2181 1767 2255 μα-

970 2279 1014 2340 tis
1023 2278 1253 2339 occasIonibns
1266 2277 1480 2352 occupentur.

1292 2446 1369 2506 Gar.
1386 2446 1441 2505 VI.

1010 2577 1064 2648 Hi,
1081 2578 1137 2655 qui
1153 2577 1280 2639 litteras
1300 2575 1474 2645 noverunt,
1495 2578 1529 2636 et
1549 2575 1661 2650 legere
1675 2575 1767 2652 psal-

971 2691 1053 2743 mos,
1068 2675 1291 2753 persingulas
1313 2674 1413 2733 boras
1429 2688 1485 2733 eos
1510 2672 1631 2744 dicant,
1656 2673 1767 2748 quiex

971 2773 1178 2833 institutione
1191 2774 1382 2831 satiatorum
1402 2771 1542 2846 patrum,
1559 2771 1592 2830 et
1607 2769 1766 2831 Ecclesiae

971 2869 1152 2946 approbata
1167 2867 1407 2929 consuetudine
1429 2867 1470 2927 ad
1493 2867 1593 2927 horas
1616 2866 1766 2943 sIngnlas

970 2968 1048 3027 sunt
1068 2965 1225 3042 deputati.
1244 2962 1306 3036 Qui
1324 2979 1404 3025 vero
1420 2964 1549 3025 litteras
1572 2978 1639 3024 non
1663 2979 1768 3024 nove-

970 3064 1059 3131 runt,
1075 3064 1193 3139 uiginti
1216 3062 1360 3140 quidque
1383 3061 1514 3123 vicibus
1532 3061 1645 3122 dicant
1658 3061 1768 3122 Pater

970 3159 1100 3232 sotter,
1122 3162 1158 3221 in
1180 3159 1352 3222 nocturnis
1367 3160 1504 3235 vigiliis.
1528 3158 1681 3235 Exceptis
1697 3161 1767 3219 Do-

972 3259 1103 3318 minicis
1125 3259 1158 3319 et
1182 3257 1384 3318 solemnibus
1412 3255 1538 3327 diebus
1570 3255 1768 3332 inquorum

971 3355 1095 3431 vigiliis
1111 3355 1303 3431 praedictum
1315 3370 1499 3425 nnmerum,
1513 3353 1688 3414 statuimus
1702 3353 1767 3412 du-

971 3452 1101 3528 plicari,
1135 3453 1171 3512 ut
1197 3452 1328 3511 dicatur
1354 3452 1465 3512 Pater
1491 3450 1611 3510 noster
1638 3449 1768 3526 uicibus

972 3549 1223 3626 qninquagInta.
1242 3549 1370 3624 SeptIes
1383 3548 1493 3608 anatem
1507 3546 1621 3608 eadem
1637 3546 1768 3607 dicatur

972 3647 1079 3707 oratio
1092 3647 1125 3706 in
1140 3644 1293 3706 laudibus
1306 3644 1488 3705 matutinis.
1501 3646 1538 3704 In
1549 3644 1626 3703 aliis
1637 3659 1767 3720 qnoque

971 3743 1065 3803 horis
1081 3743 1203 3819 septies
1218 3742 1373 3801 similiter
1387 3740 1504 3801 eadem
1524 3740 1694 3816 sigillatim
1710 3740 1766 3802 di-

972 3842 1067 3902 catur
1089 3839 1197 3900 oratio
1214 3840 1360 3916 :praeter
1383 3836 1493 3898 osiinia
1512 3836 1714 3914 vespertina,
1730 3837 1767 3899 in

973 3936 1091 4013 quibus
1105 3937 1212 4012 ipsam
1226 3935 1417 4012 quindecies
1432 3935 1543 3996 dicere
1556 3935 1716 3996 debeatis.

1282 4107 1360 4166 Car.
1381 4106 1452 4165 Vll.
1557 4079 1561 4084 ¹

1012 4237 1131 4298 Nullus
1157 4235 1297 4298 fratrum
1325 4235 1389 4296 sibi
1418 4235 1507 4296 dicat
1540 4235 1665 4311 aliquid
1692 4251 1766 4298 esse

971 4336 1143 4411 proprium
1160 4355 1167 4393 :
1184 4335 1242 4394 sed
1257 4333 1325 4394 sint
1333 4333 1426 4394 vobis
1439 4333 1549 4392 omnia
1565 4335 1765 4395 communia.

917 4499 921 4506 ,
971 4435 1011 4492 Et
1026 4448 1068 4492 ex
1082 4431 1146 4502 his,
1164 4446 1236 4507 quae
1251 4429 1345 4490 vobis
1364 4430 1524 4490 Dominus
1539 4428 1677 4502 dederIt,
1696 4430 1767 4490 dis-

970 4526 1137 4588 tribuatur
1152 4526 1330 4601 unicuiqne
1348 4540 1408 4601 per
1429 4540 1563 4584 manum
1586 4526 1717 4601 prioris,
1731 4526 1765 4586 id

971 4626 1031 4695 est,
1053 4640 1112 4700 per
1126 4623 1293 4686 hominem
1319 4622 1361 4682 ab
1383 4638 1422 4683 eo
1444 4623 1485 4683 ad
1509 4622 1595 4684 idem
1620 4622 1764 4683 osticium

970 4722 1174 4797 deputatum,
1205 4720 1302 4796 prout
1333 4719 1512 4795 unicnique
1546 4734 1628 4795 opus
1652 4719 1763 4790 inerit,

970 4819 1128 4896 inspeotIs
1151 4817 1306 4879 aetatibus
1327 4820 1360 4878 et
1381 4816 1634 4878 necessitatibus
1650 4816 1766 4891 singu-

970 4917 1089 4978 lorum.
1112 4918 1162 4977 lta
1178 4916 1299 4986 tamen,
1316 4915 1353 4975 ut
1373 4914 1458 4974 sicut
1480 4914 1685 4989 praemissum
1701 4915 1762 4986 est,

971 5016 1006 5075 in
1019 5014 1185 5090 deputatis
1199 5012 1330 5073 cellulis
1346 5011 1470 5085 singuli
1484 5010 1649 5079 maneant,
1668 5011 1699 5072 et
1720 5025 1764 5071 ex

970 5112 1035 5183 his,
1053 5128 1126 5188 quae
1148 5109 1213 5170 sibi
1234 5107 1410 5170 distributa
1430 5107 1564 5178 inerint,
1582 5106 1764 5181 singulari-

970 5208 1023 5268 ter
1037 5207 1162 5268 vivant.

1278 5284 1356 5344 Gar.
1372 5284 1458 5343 VIII.

126 5417 192 5478 tare
206 5420 459 5495 proposueritis,
488 5418 612 5494 singuli
634 5422 781 5482 vestrum
801 5420 917 5494 singu·
1011 5418 1210 5486 oratorium,
1229 5417 1327 5492 prout
1342 5413 1545 5474 commodius
1569 5413 1643 5474 lieri
1664 5417 1762 5491 pote-

126 5511 173 5574 las
195 5515 342 5577 babeant
370 5515 510 5576 cellulas
541 5517 724 5592 separatas,
749 5517 834 5579 sicut
857 5533 917 5593 per
970 5516 1025 5583 rit,
1049 5513 1261 5576 construatur
1281 5512 1317 5571 in
1340 5510 1449 5570 medlo
1473 5510 1680 5583 cellularum,
1708 5512 1764 5573 ubi

125 5609 371 5689 dnpoutionun
392 5612 516 5689 prioris
539 5613 658 5690 ipsius,
671 5613 761 5676 etde
776 5629 916 5676 assensu
970 5628 1068 5676 mane
1081 5627 1140 5688 per
1154 5608 1304 5684 singulos
1317 5606 1388 5668 dles
1404 5605 1444 5668 ad
1460 5607 1628 5670 audienda
1640 5608 1762 5671 missa·
