3950 6200
291 243 351 304 219
720 235 997 298 SuFRANCISCl
1023 236 1249 299 ASSISIATIS
1276 238 1506 299 OPUSCULA.
1853 245 1899 307 220

293 415 393 463 mens
404 401 484 465 novt
498 397 716 469 Testamenti,
726 401 785 471 put
792 411 858 472 pro
868 399 962 458 vobis
972 398 1007 460 61
1019 412 1085 472 pro
1140 412 1204 475 que
1226 397 1398 459 caritatem
1423 398 1455 460 61
1475 396 1707 470 humilitatem,
1731 398 1763 460 et
1777 399 1897 465 eleemo-

292 498 411 559 1661116
425 496 622 571 6116116161
631 498 669 556 tn
682 497 924 556 remissionem
932 495 1087 568 peccato·
1140 510 1241 572 synas
1258 494 1435 567 iaciamus3
1456 493 1533 571 quia
1557 494 1637 571 ipsae
1660 494 1773 557 lavant
1796 501 1900 560 animas

293 593 627 672 rum(Matt,1xvl,
650 590 716 670 27).
742 591 868 652 Deinde
890 591 1001 653 oravit
1020 594 1086 652 Pa·
1141 593 1272 652 nostras
1301 607 1320 652 a
1342 590 1496 653 sordibus
1515 586 1755 667 peccatorum:
1777 593 1899 658 homines

294 694 391 765 11661,
407 691 522 752 dicens
535 711 544 750 :
556 690 668 752 Pater
680 706 691 749 .·
701 691 733 750 st
746 690 958 762 1611661661,
981 690 1084 750 trnn·
1140 688 1229 748 enim
1243 688 1354 748 omnia
1368 688 1520 765 perdunt,
1531 704 1604 764 qnae
1619 689 1653 749 in
1667 688 1730 749 hoc
1740 674 1850 751 mundo
1860 709 1900 752 16-

293 791 403 852 66616
423 802 478 849 me
502 791 595 849 calin
612 788 689 848 1616.
713 786 1087 860 senonicensem·
1141 784 1313 862 linquunt,
1349 801 1461 846 secum
1485 788 1597 847 tamen
1624 787 1757 862 portant
1781 790 1900 850 66111616

293 890 379 960 ejus,
392 886 481 947 61661
493 883 1088 959 puttaesannonnsoecumnnsm
1142 881 1338 953 mercedem,
1360 884 1393 943 et
1418 882 1647 958 eleemosynas
1669 898 1751 959 quas
1769 883 1899 957 fecerunt,

292 998 359 1059 per
370 980 632 1059 terrnmfflatt,
644 980 805 1055 xxv1,39;
822 981 1009 1050 Luc.‚xx11,
1020 976 1085 1057 41).
1142 978 1184 1040 16
1197 978 1343 1056 quibusa
1355 979 1495 1040 Domino
1507 981 1752 1056 consequentur
1761 982 1900 1055 praeminm

295 1080 412 1141 Posuit
436 1080 548 1139 tamen
562 1076 767 1138 voluntatem
789 1092 884 1137 suam
904 1076 939 1137 in
962 1075 1087 1137 volun·
1142 1078 1175 1137 61
1189 1077 1323 1151 dignam
1337 1076 1534 1137 mercedem.

294 1173 1085 1245 1616Ρ61116,116616;Ρ6161,116166166166166,
1183 1173 1345 1234 Debemus
1365 1177 1532 1250 jejunare,
1555 1173 1588 1235 61
1606 1187 1625 1232 6
1647 1173 1740 1235 vitiis
1755 1172 1900 1243 abstinere,

295 1289 365 1335 non
379 1272 544 1347 61661666
561 1276 645 1342 6616,
662 1270 826 1331 66661661
840 1271 878 1330 tn
892 1272 946 1330 616
965 1268 1085 1346 (Man,
1143 1270 1178 1330 in
1194 1270 1284 1330 omni
1300 1270 1385 1348 quod
1400 1270 1560 1331 inducere
1572 1270 1682 1346 potest
1696 1270 1736 1330 ad
1752 1272 1901 1346 peccatum,

294 1386 388 1441 xxvi,
411 1371 451 1429 42
472 1370 505 1429 et
519 1368 576 1440 393
594 1367 702 1439 Isaiae,
721 1382 769 1433 11,
790 1365 835 1443 6).
854 1369 955 1442 Cujus
978 1367 1088 1426 Patris
1143 1382 1205 1428 666
1220 1383 1286 1428 non
1299 1368 1332 1429 61
1346 1383 1364 1427 6
1377 1383 1583 1445 quacumque
1596 1366 1821 1443 superfluitate
1833 1383 1899 1427 usus.

295 1466 374 1528 talis
389 1465 452 1527 luit
470 1464 634 1535 voluntas,
652 1465 689 1524 ut
709 1464 814 1524 Filius
836 1466 908 1541 elus
927 1462 1088 1525 benedic·
1144 1466 1183 1525 Et
1206 1465 1306 1526 etiam
1328 1465 1484 1526 catholici
1504 1465 1681 1526 ecclesiam
1704 1464 1835 1525 visitare
1851 1464 1901 1523 ire

294 1566 349 1627 166
364 1565 397 1624 61
411 1562 588 1638 gloriosus,
606 1576 702 1638 quem
716 1559 806 1621 dedit
820 1559 927 1632 nohis,
944 1562 1089 1621 6166166
1145 1564 1294 1638 6661161,
1308 1562 1555 1623 66616616611666
1572 1562 1730 1623 venerari
1744 1562 1901 1623 6116661611

296 1661 359 1722 1611
380 1675 439 1736 pro
461 1657 568 1728 nobis,
585 1658 730 1733 seipsum
746 1672 805 1733 per
824 1658 995 1734 proprium
1011 1673 1091 1718 san·
1145 1658 1186 1719 oh
1212 1675 1327 1720 eorum
1359 1659 1521 1730 osticium,
1550 1661 1584 1722 et
1613 1658 1900 1719 administrationem

297 1758 430 1834 guinem
457 1771 564 1825 suum,
597 1753 798 1815 sacrificium
829 1756 863 1815 et
887 1754 1030 1816 hostiam
1054 1755 1090 1815 in
1145 1756 1349 1817 sanctissimi
1372 1756 1521 1832 corporis
1546 1758 1579 1817 61
1602 1756 1776 1831 sanguinis
1798 1754 1899 1823 Christi,

296 1870 356 1917 616
372 1853 481 1915 616616
503 1852 648 1924 offerret,
674 1867 740 1913 non
763 1867 823 1929 pro
843 1866 890 1923 se,
911 1867 971 1929 per
993 1867 1090 1928 quem
1145 1853 1230 1931 quod
1247 1853 1448 1925 sacrificant,
1471 1854 1506 1914 61
1528 1852 1705 1928 recipiunt,
1726 1854 1758 1913 61
1775 1851 1901 1912 6111661-

296 1950 611 2020 166166661666116,
629 1949 686 2009 sed
702 1964 761 2027 pro
786 1949 931 2026 peccatis
953 1950 1089 2017 nostris,
1145 1951 1299 2012 nistrant.
1324 1952 1364 2011 Et
1385 1950 1524 2011 tirmiter
1539 1950 1687 2010 sciamus
1709 1946 1901 2024 omnesqui

294 2049 488 2126 relinquens
512 2045 699 2123 exemplum
724 2046 831 2118 nobis,
854 2047 890 2108 61
912 2061 1091 2123 sequamur
1145 2063 1242 2108 nemo
1255 2046 1380 2107 salvari
1401 2050 1509 2124 potest
1523 2048 1589 2108 nisi
1611 2063 1673 2124 per
1695 2044 1900 2108 sanctarena.

295 2144 439 2221 vestigia
452 2146 534 2220 ejus.
550 2144 590 2203 Et
599 2143 670 2204 vult
682 2145 719 2203 61
727 2157 843 2202 omnes
855 2143 1025 2203 salvemur
1033 2157 1091 2219 per
1145 2145 1179 2206 et
1197 2145 1393 2220 sanguinem
1407 2144 1538 2205 Domini
1564 2144 1673 2205 nostri
1697 2146 1776 2206 1666
1797 2142 1899 2211 Christi,

296 2257 383 2314 eum,
405 2242 437 2303 et
461 2239 663 2316 recipiamus
682 2239 791 2315 ipsum
815 2254 898 2315 puro
925 2239 1036 2306 corde,
1058 2241 1092 2301 et
1145 2258 1219 2319 quae
1234 2242 1348 2303 clerici
1363 2242 1486 2311 dicunt,
1504 2242 1717 2311 annuntiant,
1733 2242 1765 2301 et
1773 2239 1902 2301 adminis-

296 2341 387 2401 casto
411 2352 561 2414 corpore.
587 2335 651 2397 Sed
675 2338 773 2412 pauci
795 2337 884 2408 sunt,
909 2336 966 2413 qui
986 2334 1092 2397 velint
1143 2336 1800 2414 11661,611661661161616116161611661.

296 2437 447 2513 recipere
463 2450 550 2506 enm,
574 2435 607 2496 et
625 2433 711 2495 salvi
733 2449 807 2495 6666
828 2449 888 2511 per
907 2449 996 2505 eum,
1012 2434 1092 2495 licet
1187 2435 1383 2513 Specialiter
1395 2436 1505 2496 autem
1520 2435 1684 2511 religiosi,
1697 2435 1794 2511 etqui
1811 2430 1902 2492 666116

297 2538 372 2613 eius
382 2538 500 2611 jugum
510 2548 613 2594 suave
628 2533 683 2602 sit,
699 2536 733 2593 61
747 2547 831 2594 6666
844 2532 929 2593 leve.
1145 2534 1432 2605 renuntiaverunt,
1457 2536 1614 2594 tenentur
1637 2533 1736 2609 plura
1758 2532 1788 2592 et
1805 2530 1902 2605 majna

337 2632 399 2703 Qui
413 2629 532 2691 nolunt
544 2630 682 2705 gustare
691 2644 789 2704 quam
800 2629 915 2690 suavis
926 2629 970 2691 sit
983 2628 1092 2690 Domi·
1146 2630 1267 2699 166616,
1281 2632 1315 2692 61
1329 2646 1368 2691 66
1384 2629 1551 2692 dimittere
1566 2629 1687 2707 quibus
1700 2646 1764 2689 non
1779 2628 1824 2688 est
1833 2639 1901 2701 opus

296 2743 372 2799 nus,
388 2729 422 2790 61
442 2726 586 2802 diligunt
610 2725 765 2787 tenebras
785 2726 904 2801 magis,
918 2741 1017 2802 qnam
1038 2726 1093 2786 lu·
1146 2728 1179 2789 et
1193 2726 1269 2788 odio
1284 2727 1408 2788 habere
1423 2742 1563 2804 corpora
1581 2731 1697 2788 nostra
1713 2741 1783 2787 cum
1797 2723 1870 2785 vitiis
1880 2720 1902 2779 61

298 2840 370 2887 cem
380 2824 531 2886 nolentes
539 2822 723 2899 adimplere
732 2823 888 2884 mandata
902 2823 974 2895 Dei,
984 2824 1090 2884 male-
1146 2825 1301 2901 peccatis,
1316 2824 1394 2901 quia
1409 2824 1568 2885 Dominus
1581 2824 1666 2886 dicit
1684 2825 1719 2884 in
1736 2818 1900 2894 Evangelio:

298 2921 378 2983 dicti
398 2922 495 2993 sunt;
515 2919 556 2980 de
578 2919 697 2997 quibus
718 2919 839 2981 dicitur
863 2935 922 2996 per
947 2919 1093 2996 prophe-
1146 2922 1264 2983 Omnia
1279 2922 1366 2982 mala
1388 2937 1408 2982 a
1433 2923 1533 2983 corde
1559 2922 1695 2982 exeunt.
1711 2912 1903 2994 111Ιὶ661661-

301 3021 392 3082 tam:
415 3018 590 3080 Motedtctt
610 3020 668 3091 661
691 3018 864 3078 declinant
878 3033 901 3077 n
917 3019 1092 3078 6666616116
1146 3019 1250 3080 mices
1267 3021 1410 3089 nostros,
1432 3020 1465 3079 et
1487 3018 1571 3079 bene
1594 3018 1706 3080 166616
1730 3018 1780 3077 bis
1802 3013 1902 3091 quinos

298 3117 459 3181 1616861
485 3115 711 3186 61666116116,
743 3130 841 3192 quam
867 3113 1033 3176 benedicti
1059 3118 1093 3176 et
1146 3116 1287 3179 oderunt
1311 3114 1610 3196 (Lucae,xv1,27).
1638 3116 1818 3177 Observare
1839 3124 1904 3187 pre·

295 3215 386 3277 beati
412 3216 500 3284 sunt,
527 3213 583 3290 qui
618 3212 655 3272 in
679 3212 799 3288 spiritu
821 3212 854 3273 et
879 3211 1021 3272 veritate
1042 3210 1093 3289 (ut
1146 3216 1252 3291 cepta,
1268 3215 1301 3274 et
1321 3214 1460 3275 consilia
1476 3214 1708 3291 Redemptoris
1728 3211 1834 3280 nostri,
1847 3220 1905 3266 nos·

297 3310 439 3390 oportet)
460 3326 536 3374 eum
559 3309 718 3370 adoranti
739 3309 895 3370 Dicamus
918 3308 950 3370 61
976 3308 1092 3369 laudes
1146 3311 1303 3388 metipsos
1313 3310 1679 3386 abnegare,etcorpora
1691 3312 1799 3371 nostra
1809 3315 1902 3383 ponera

296 3412 330 3471 61
348 3408 517 3470 orationes
537 3406 590 3467 die
606 3406 781 3482 noctuque,
797 3403 939 3466 dicendo
956 3426 964 3464 z
981 3406 1092 3467 Pater
1146 3408 1207 3469 sub
1219 3410 1300 3484 jugo
1316 3409 1488 3470 servitutis
1501 3409 1534 3469 et
1548 3408 1756 3470 ohedientiae.
1773 3408 1808 3465 Et
1819 3399 1903 3462 nullus

298 3508 543 3579 adscendentes
553 3506 705 3573 tuccetis,
718 3502 880 3578 etc.,quia
890 3503 1091 3578 oportetncs
1146 3507 1278 3567 tenetur
1289 3505 1330 3565 ad
1346 3504 1568 3566 obedientiam
1582 3505 1615 3566 in
1629 3521 1681 3577 eo,
1696 3504 1751 3564 ubi
1765 3494 1903 3563 committi·

298 3617 430 3680 semper
442 3616 550 3673 erare,
563 3601 596 3662 61
608 3615 788 3676 numquam
798 3598 952 3660 delicere.
1146 3603 1200 3663 tur
1215 3602 1372 3663 delictum
1386 3603 1439 3663 vel
1455 3602 1643 3679 peccatnm;
1661 3603 1739 3678 quia
1754 3588 1902 3662 tantumad

338 3701 501 3763 Debemus
514 3697 677 3775 siquidem
688 3695 839 3758 confiteri
849 3696 1015 3758 sacerdoti
1026 3711 1092 3757 om·
1146 3698 1179 3760 id
1205 3699 1367 3771 venimus,
1388 3701 1423 3760 ut
1451 3699 1611 3761 salvando
1636 3701 1766 3759 animas
1788 3695 1901 3755 nostras,

298 3799 357 3860 nia
378 3798 515 3873 peccata
538 3795 652 3856 nostra
669 3796 727 3855 :ut
749 3793 949 3870 recipiamus
971 3808 1092 3868 corpus
1146 3796 1307 3856 bonorum
1321 3794 1901 3874 operumaliisexemplapraebeanus

299 3898 333 3957 et
351 3893 548 3969 sanguinem
572 3890 704 3952 Domini
725 3890 831 3951 nostri
852 3892 933 3952 Jesu
954 3889 1089 3961 Christi,
1186 3893 1245 3953 Cui
1274 3895 1384 3955 nutem
1413 3893 1602 3955 obedientia
1638 3888 1847 3970 impendenda
1868 3881 1902 3943 est

299 3991 340 4053 ob
367 3991 446 4061 hoc,
469 3989 555 4066 quod
577 3988 633 4064 qui
657 4003 724 4048 non
756 3987 934 4048 manducat
957 4001 1091 4048 carnem
1147 3992 1180 4050 et
1207 3991 1395 4062 commissa,
1412 3992 1445 4052 et
1473 3991 1530 4068 qui
1550 4006 1609 4067 pro
1631 3994 1758 4067 majore
1783 3983 1901 4047 habetur,

298 4104 405 4159 suam,
419 4085 545 4148 etbibit
564 4101 660 4145 suum
681 4085 888 4160 sanguinem,
903 4099 969 4144 non
984 4085 1093 4160 potest
1146 4087 1258 4148 videat
1285 4087 1320 4148 ut
1346 4087 1458 4147 minor
1478 4088 1545 4158 ilat,
1567 4090 1600 4150 et
1628 4088 1768 4149 aliorum
1794 4081 1901 4143 fratrum

298 4188 426 4249 intrare
446 4185 481 4244 in
497 4198 638 4258 regnum
650 4181 722 4243 Dei.
738 4183 844 4256 Digne
858 4183 970 4243 tamen
989 4197 1093 4241 unus-
1147 4200 1275 4256 sersus,
1292 4186 1325 4245 61
1346 4184 1380 4245 16
1400 4183 1549 4261 singulos
1572 4184 1721 4246 subditos
1741 4178 1901 4243 misericor-

299 4279 1092 4362 quisquemanducetetbibatmntoqottnotpoe
1147 4280 1234 4341 diam
1257 4283 1423 4357 operetur,
1449 4283 1607 4359 quautam
1631 4281 1699 4342 sihi
1723 4279 1825 4342 vellet,
1847 4282 1901 4332 cum

298 4381 485 4443 manducet
491 4381 664 4452 judicium
677 4379 743 4438 stol
753 4376 940 4437 manducat
951 4377 985 4437 61
1000 4377 1090 4448 bibit,
1147 4379 1234 4439 esset
1248 4377 1415 4454 subditus;
1430 4394 1492 4440 nec
1507 4394 1550 4439 ex
1573 4377 1694 4441 delicto
1713 4375 1818 4438 fratris
1835 4371 1901 4429 iras·

299 4491 368 4540 non
376 4469 1089 4552 16161166166611661166616111061,1129).
1147 4475 1241 4536 catur
1256 4476 1289 4535 in
1304 4475 1452 4544 tratrem,
1469 4476 1526 4537 sed
1550 4477 1641 4536 omni
1658 4468 1850 4552 patientiaet
1861 4464 1903 4523 bu·

339 4574 516 4636 Faciamus
540 4573 678 4649 insuper
702 4570 831 4633 1166166
846 4570 963 4645 dignos
983 4569 1093 4645 66661-
1147 4572 1405 4648 militateipsum
1419 4570 1730 4649 benignccorrigat,
1746 4557 1901 4631 moneat,ei

298 4671 424 4742 tentiae,
441 4670 619 4745 diligamus
637 4669 817 4744 proximos,
840 4666 926 4728 sicut
940 4668 1091 4727 nosmet·
1147 4668 1327 4744 supportet.

300 4769 390 4846 ipsos
407 4788 415 4828 t
432 4767 508 4830 etsi
524 4766 598 4843 quis
613 4764 766 4825 nonrult
791 4778 848 4824 eos
872 4778 986 4824 amare
1007 4765 1093 4825 sicut
1186 4766 1260 4826 Non
1280 4781 1394 4825 sumus
1416 4766 1597 4827 secundum
1617 4781 1749 4828 carnem
1768 4753 1900 4837 sapiente

299 4866 459 4943 seipsum,
475 4865 592 4925 saltem
616 4876 683 4921 non
703 4858 827 4922 inierat
847 4860 896 4920 616
916 4860 1015 4931 mala,
1032 4861 1091 4921 sed
1146 4863 1245 4939 atque
1269 4862 1460 4938 prudentes,
1490 4863 1547 4924 sed
1576 4863 1753 4939 simplices,
1776 4851 1900 4918 humiles.

300 4949 509 5025 faciatbona.
1147 4961 1179 5021 et
1193 4959 1280 5034 puri.
1298 4961 1337 5020 Et
1350 4958 1532 5020 habeamus
1549 4975 1688 5036 corpora
1704 4951 1902 5019 nostramve

340 5058 526 5131 Quiautem
538 5050 866 5131 potestatemJ'udicii
881 5054 1090 5129 receperunt,
1146 5055 1317 5133 probrium
1340 5057 1373 5117 et
1400 5056 1606 5133 despectum
1636 5057 1712 5133 qula
1737 5063 1840 5115 omnes
1859 5050 1901 5117 per

296 5156 460 5235 judicium
486 5165 562 5212 cum
587 5147 819 5209 misericordia
840 5163 971 5226 semper
990 5164 1091 5210 exer·
1147 5152 1278 5229 culpam
1298 5155 1445 5214 nostram
1468 5169 1582 5214 sumus
1602 5153 1724 5222 miseri,
1741 5151 1772 5211 61
1791 5135 1897 5224 putridi.

300 5252 408 5321 66661,
425 5249 511 5309 61661
536 5245 601 5322 ipsi
618 5245 744 5307 vellent
758 5260 778 5305 6
793 5246 933 5307 Domino
957 5246 1092 5318 miseri·
1147 5250 1233 5312 sicut
1256 5251 1416 5312 Dominus
1438 5251 1518 5312 dicit
1541 5266 1601 5328 per
1621 5249 1811 5327 propnetam
1827 5238 1901 5307 :Eli

300 5347 448 5410 cordiam
483 5342 643 5406 obtinere.
672 5344 850 5403 Judtcinm
883 5345 977 5404 enim
1017 5348 1093 5404 6166
1146 5348 1264 5409 nutem
1283 5363 1362 5408 snm
1385 5351 1527 5417 6616116,
1547 5350 1582 5409 61
1600 5364 1668 5409 non
1686 5352 1790 5407 nonco-
1809 5330 1900 5416 (Psiiw

300 5444 543 5506 misericordia
560 5439 630 5501 eiii
650 5442 709 5510 iiii>
727 5442 787 5512 qni
801 5440 967 5514 1101116611
981 5444 1092 5501 16166-
1146 5459 1217 5516 xxi,
1234 5442 1281 5522 7.)
1295 5444 1471 5520 Nunquam
1487 5443 1643 5506 dehemus
1660 5441 1835 5503 desiderare
1846 5437 1900 5528 6131

301 5535 646 5617 116611166106661,
663 5552 699 5605 11,
726 5534 790 5614 13).
819 5536 1009 5598 Habeamus
1027 5538 1091 5598 ita·
1147 5556 1248 5618 super
1269 5541 1364 5612 alios,
1379 5542 1436 5602 sed
1461 5542 1571 5618 potins
1595 5540 1715 5604 subditi
1736 5539 1766 5598 et
1790 5523 1900 5604 subject
